1871 3162
219 206 253 240 tx

253 204 269 239 vv*

276 204 298 240 Ν)

656 210 673 239 S
680 230 688 238 .
724 213 952 240 AUGUSTINI
990 212 1164 240 EPISCOPI

221 390 1311 414 fflmnmmxwwmnvwsumwmswmmmummmummwu
1316 389 1593 405 MM¹WUWRAWU

731 525 948 573 CAPUT
994 526 1078 571 Vl.

225 681 359 745 Quid
374 691 509 726 cernat
532 697 640 727 eum
663 680 822 725 Deam
849 691 1007 736 amat,
1038 690 1084 725 et
1107 679 1345 740 quomodo
1376 697 1439 740 esp
1460 695 1597 726 crea-

597 753 713 797 turis
734 751 868 797 Deus
894 752 1214 813 cognoscitur.

275 914 396 956 VIII.
417 913 513 957 Non
538 911 673 955 dubia
690 946 701 965 ‚
722 911 798 955 sed
821 919 938 955 certa
959 911 1220 955 conscientia
1239 946 1250 965 ‚
1275 911 1476 966 Domine,
1501 926 1598 955 amo

220 994 275 1028 te.
303 982 552 1027 percussisti
573 997 647 1026 cor
673 996 821 1025 meum
843 981 978 1026 verbo
1006 991 1083 1025 tuo
1099 1017 1110 1035 ‚
1136 990 1180 1025 et
1203 981 1341 1025 amavi
1363 989 1421 1025 te.
1445 981 1529 1026 Sed
1557 991 1600 1025 et

219 1054 379 1098 coelum
399 1089 409 1108 ,
431 1063 474 1097 et
490 1062 627 1108 terra,
646 1062 689 1097 et
707 1054 852 1097 omnia
875 1068 975 1112 quae
991 1053 1035 1095 in
1054 1053 1113 1096 eis
1134 1061 1235 1096 sunt
1249 1087 1260 1107 ‚
1283 1067 1383 1096 ecce
1406 1051 1601 1112 undique

218 1125 325 1168 mihi
348 1123 502 1168 dicunt
522 1132 574 1167 u‘t
592 1133 635 1167 te
655 1138 818 1176 amem,
844 1138 923 1167 nec
951 1131 1118 1167 cessant
1145 1122 1288 1166 dicere
1321 1122 1523 1166 omnibus
1551 1131 1602 1166 ut

217 1197 302 1240 sint
323 1193 679 1238 inexcusabiles1.
705 1193 847 1237 Altius
869 1203 1013 1237 autem
1044 1203 1091 1236 tu
1120 1192 1389 1236 misereberis
1427 1193 1498 1236 cui
1518 1193 1604 1236 mi-

218 1275 355 1310 sertus
394 1265 475 1308 eris
492 1299 502 1319 ‚
543 1273 586 1308 et
628 1263 962 1307 misericordiam
998 1263 1221 1322 praestabis
1255 1262 1326 1306 cui
1361 1262 1604 1307 misericors

220 1337 351 1381 fueris
382 1356 391 1380 :
412 1335 607 1395 alioquin
634 1333 798 1379 coelum
827 1343 869 1377 et
891 1344 1005 1378 terra
1026 1333 1165 1377 surdis
1186 1332 1432 1392 loquuntur
1454 1332 1604 1378 laudes

160 1426 179 1436 ⁶
221 1417 328 1451 tuas.
347 1404 463 1459 Quid
487 1414 634 1448 autem
668 1419 766 1448 amo
788 1418 889 1449 cum
911 1413 952 1448 te
973 1405 1100 1448 amo?
1119 1405 1216 1447 Non
1238 1403 1424 1461 speciem
1447 1418 1604 1462 corpo-

217 1478 272 1521 ris
291 1512 302 1532 ,
341 1491 422 1520 nec
456 1476 588 1519 decus
613 1475 819 1534 temporis
835 1510 845 1529 ‚
887 1489 966 1518 nec
987 1473 1221 1518 candorem
1255 1474 1363 1518 lucis
1392 1489 1490 1517 ecce
1512 1475 1602 1518 istis

220 1548 406 1593 amicum
424 1545 581 1601 oculis,
604 1562 693 1590 non
716 1546 864 1590 dulces
884 1544 1092 1589 melodias
1113 1543 1430 1589 cantilenarum
1457 1546 1603 1590 omni-

218 1618 471 1671 modarum,
514 1632 602 1661 non
642 1616 800 1661 florum
838 1626 882 1661 et
923 1625 1250 1673 unguentorum
1278 1625 1321 1660 et
1362 1625 1603 1660 aromatum

219 1689 559 1736 suaveolentiam
578 1724 590 1743 ‚
626 1704 714 1732 non
746 1703 906 1732 manna
935 1697 978 1732 et
1009 1687 1136 1731 mella
1154 1722 1164 1741 ‚
1191 1703 1280 1732 non
1312 1688 1507 1731 membra
1530 1703 1602 1732 ac-

220 1758 452 1819 ceptabilia
480 1758 620 1802 carnis
658 1756 945 1816 amplexibus.
983 1759 1079 1802 Non
1112 1757 1206 1801 haec
1239 1772 1336 1801 amo
1368 1772 1469 1801 cum
1507 1772 1604 1802 amo

220 1834 361 1874 Deum
382 1843 531 1872 meum
549 1863 559 1882 ‚
586 1836 629 1871 et
650 1836 795 1870 tamen
818 1842 915 1870 amo
933 1827 1167 1886 quamdam
1191 1826 1336 1871 lucem
1353 1862 1364 1882 ,
1385 1836 1428 1871 et
1449 1841 1605 1887 quam-

220 1900 321 1944 dam
351 1914 527 1953 vocem,
552 1907 596 1941 et
616 1896 851 1957 quemdam
883 1896 1084 1952 odorem,
1110 1907 1153 1941 et
1174 1896 1410 1956 quemdam
1427 1898 1574 1942 cibum
1589 1933 1600 1952 ,

218 1980 261 2014 et
281 1967 790 2030 quemdam'amplexum
808 2002 818 2022 ,
839 1982 941 2011 cum
961 1982 1059 2011 amo
1082 1970 1219 2011 Deum
1243 1982 1388 2011 meum
1405 2002 1415 2022 ,
1441 1968 1599 2023 lucem,

217 2056 368 2085 vocem
382 2075 392 2095 ,
433 2039 635 2093 odorem,
674 2039 821 2083 cibum
839 2074 850 2091 ‚
890 2038 1137 2097 amplexum
1169 2037 1383 2081 interioris
1415 2038 1602 2082 hominis

219 2111 304 2155 mei
325 2132 336 2167 3
356 2110 434 2153 ubi
457 2109 597 2167 fulget
621 2109 775 2152 animae
793 2123 901 2152 meae
918 2107 1039 2168 quod
1056 2123 1146 2152 non
1165 2107 1281 2165 capit
1296 2106 1439 2162 locus,
1466 2118 1507 2152 et
1526 2109 1602 2152 ubi

218 2190 342 2226 sonat
359 2180 480 2240 quod
498 2195 587 2223 non
610 2180 721 2238 rapit
743 2188 915 2237 tempus
932 2213 942 2233 ‚
966 2187 1009 2222 et
1033 2177 1107 2221 ubi
1126 2178 1213 2222 olet
1230 2176 1349 2237 quod
1373 2193 1460 2221 non
1482 2194 1603 2236 spar-

219 2253 280 2310 git
302 2252 453 2306 ssatus,
474 2260 517 2294 et
546 2250 622 2294 ubi
653 2250 764 2309 sapit
790 2249 910 2310 quod
931 2265 1021 2294 non
1048 2249 1205 2292 minuit
1227 2248 1436 2306 edacitaS,
1461 2258 1504 2292 et
1525 2250 1601 2292 ubi

218 2324 354 2365 haeret
375 2321 495 2381 quod
511 2336 598 2364 non
614 2319 783 2364 divellit
810 2321 995 2364 satietas.
1019 2322 1112 2365 Hoc
1138 2329 1198 2363 est
1217 2324 1336 2379 quod
1362 2334 1476 2371 amo,
1499 2335 1600 2364 cum

219 2396 359 2436 Deum
378 2407 524 2436 meum
542 2407 654 2436 amo.

276 2464 353 2506 IX.
372 2465 427 2506 Et
451 2461 558 2522 quid
580 2470 642 2506 est
660 2463 776 2506 hoc?
800 2461 1066 2518 Interrogavi
1085 2469 1258 2514 terram,
1280 2469 1322 2504 et
1346 2458 1454 2523 dixif
1475 2475 1482 2512 2
1502 2462 1598 2506 Non

273 2562 383 2591 ¹Rom.
412 2571 434 2599 1,
453 2568 507 2592 20.
