1871 3162
259 220 340 257 268
692 226 724 256 S.
763 227 990 256 Auons'nm
1025 228 1201 255 EPISCOPI

256 296 512 341 Psalterium
536 296 861 357 frequentatur,
878 296 931 340 ab
953 296 1129 339 auribus
1152 293 1255 337 meis
1273 291 1480 338 removeri
1506 291 1634 336 velim

258 371 387 427 atque
411 367 542 427 ipsius
568 365 797 423 Ecclesiae,
843 366 1064 424 tutiusque
1096 365 1201 408 mihi
1240 364 1410 408 videtur
1435 361 1553 422 quod
1582 361 1637 406 de

258 432 550 484 Alexandrino
587 439 785 496 episeopo
808 437 1044 480 Athanasio
1069 452 1180 494 saepe
1201 436 1304 478 milii
1323 436 1489 480 dictum
1514 449 1636 478 eom-

258 510 452 562 memini,
478 509 551 568 qui
572 517 656 551 tam
681 508 849 550 modico
872 507 988 549 flexu
1006 506 1120 549 vocis
1150 505 1336 549 faciebat
1369 520 1520 548 sonare
1550 504 1638 547 lec-

259 590 395 624 torem
416 578 588 632 Psalmi,
606 587 653 622 ut
667 577 966 636 pronuntianti
980 577 1159 620 vicinior
1175 585 1283 619 esset
1301 590 1431 635 quam
1446 575 1634 618 canenti.

259 654 570 694 Verumtamen
584 664 682 692 cum
705 648 953 691 reminiscor
974 646 1186 704 lacrymas
1207 662 1321 690 meas
1339 662 1444 704 quas
1467 645 1562 689 fudi
1581 644 1634 688 ad

259 731 411 765 cantus
434 719 637 764 Ecclesiae
661 728 746 762 tuae
766 719 812 761 in
834 717 1078 777 primordiis
1101 726 1365 777 recuperata?
1387 716 1488 760 fidei
1511 731 1633 769 meae,

259 801 302 835 et
325 807 442 834 nunc
466 792 559 849 ipso
587 791 708 849 quod
742 805 938 843 moveor,
964 804 1053 832 non
1082 797 1240 842 cantu,
1274 788 1349 831 sed
1380 787 1509 830 rebus
1540 801 1639 845 quae

258 871 504 914 cantantur,
530 876 629 904 cum
656 859 821 920 liquida
842 874 948 903 voce
984 868 1027 903 et
1056 857 1460 902 convenientissima
1480 857 1639 900 modu-

256 933 418 976 latione
439 941 692 985 cantantur,
719 946 921 989 magnam
943 930 1129 973 instituti
1143 930 1273 988 hujus
1291 927 1522 972 utilitatem
1540 943 1639 970 rur-

258 1021 327 1048 sus
343 1019 541 1063 agnosco.
564 1006 628 1047 Ita
650 1003 816 1046 fluctuo
835 1002 945 1045 inter
960 999 1201 1060 periculum
1217 999 1451 1058 voluptatis
1463 1008 1506 1042 et
1516 1013 1642 1056 expe-

258 1077 492 1120 rimentum
516 1074 802 1130 salubritatis,
843 1073 1064 1131 magisque
1100 1070 1319 1124 adducor,
1355 1085 1444 1113 non
1461 1069 1641 1129 quidem

258 1145 617 1192 irretractabilem
639 1145 896 1189 sententiam
910 1141 1134 1202 proferens
1148 1177 1159 1197 ,
1185 1141 1389 1186 cantandi
1410 1150 1642 1185 eonsuetu-

259 1219 406 1262 dinem
425 1217 666 1276 approbare
688 1216 733 1259 in
754 1214 960 1271 Ecclesia,
976 1224 1024 1257 ut
1038 1229 1113 1272 per
1131 1212 1450 1257 oblectamenta
1470 1212 1641 1255 aurium

259 1289 472 1332 infirmior
502 1289 670 1331 animus
700 1288 745 1330 in
771 1286 978 1329 affectum
1014 1285 1184 1343 pietatis
1222 1293 1428 1342 assurgat.
1473 1286 1643 1326 Tamen

255 1357 359 1404 *cum
396 1359 500 1402 mihi
529 1357 685 1401 accidit
719 1366 768 1400 ut
800 1371 868 1399 me
903 1354 1087 1414 amplius
1113 1362 1264 1398 cantus
1291 1369 1419 1414 quam
1452 1368 1516 1396 res
1544 1368 1643 1412 quae

262 1432 431 1475 canitur
453 1438 652 1485 moveat,
676 1427 908 1487 poenaliter
930 1441 999 1470 me
1020 1441 1197 1485 peccare
1217 1426 1447 1478 confiteor,
1474 1434 1515 1468 et
1539 1434 1644 1468 tunc

261 1501 435 1545 mallem
451 1516 540 1544 non
562 1499 710 1543 audire
722 1507 987 1542 cantantem,
1009 1501 1121 1541 Ecce
1134 1496 1211 1540 ubi
1224 1511 1336 1549 sum,
1355 1496 1456 1538 flete
1473 1511 1644 1538 mecum

263 1583 305 1616 et
326 1588 405 1632 pro
434 1587 505 1615 me
528 1571 650 1625 flete,
681 1571 755 1630 qui
784 1569 948 1629 aliquid
979 1569 1083 1612 boni
1118 1567 1344 1611 vobiscum
1375 1567 1490 1610 intus
1523 1567 1646 1625 agitis

264 1643 382 1686 unde
400 1641 511 1686 faeta
536 1640 793 1700 procedunt.
819 1643 929 1685 Nam
952 1639 1027 1699 qui
1051 1654 1138 1682 non
1156 1638 1278 1696 agitis
1297 1673 1307 1691 ,
1332 1652 1422 1680 non
1448 1652 1522 1680 vos
1553 1638 1645 1680 haec

263 1723 454 1758 movent.
483 1716 548 1756 Tu
571 1722 730 1765 autem,
754 1711 934 1755 Domine
960 1713 1070 1753 Deus
1093 1725 1240 1763 meus,
1267 1707 1442 1761 exaudi,
1466 1709 1643 1767 respice,

265 1795 308 1829 ct
331 1784 455 1838 vide,
488 1794 530 1827 et
559 1784 784 1835 miserere,
817 1791 861 1825 et
892 1797 991 1825 sana
1024 1796 1090 1824 me
1109 1816 1118 1834 ,
1146 1781 1189 1823 in
1225 1780 1346 1838 cujus
1376 1778 1511 1824 oculis
1540 1778 1645 1821 mihi

266 1855 446 1915 quaestio
470 1853 608 1899 faetus
625 1868 735 1906 sum,
758 1862 800 1896 et
821 1853 911 1911 ipse
929 1860 989 1895 est
1007 1851 1191 1909 languor
1215 1865 1349 1893 meus.
