1871 3162
237 207 321 248 <284
661 220 694 248 s.
731 221 959 250 Aucus’nffl
993 222 1171 250 13121500121

233 285 378 330 mendi
396 288 541 344 eam¹3
566 301 643 346 pro
661 287 785 331 nobis
809 287 887 330 tibi
909 287 1046 331 victor
1065 296 1106 330 et
1130 288 1324 344 victima·7
1345 295 1387 332 et
1408 286 1506 332 ideo
1524 288 1615 331 vic-

231 367 314 412 tor,
339 357 442 417 quia
459 358 634 402 victima
654 377 662 402 :
689 373 768 416 pro
790 357 916 401 nobis
939 357 1015 401 tibi
1037 358 1235 402 sacerdos
1262 368 1305 402 et
1327 359 1610 416 sacrificium3
1660 404 1661 407 ,

231 437 274 472 et
295 428 393 472 ideo
410 428 621 482 sacerdos,
644 428 747 488 quia
765 427 1021 471 sacrificium
1040 447 1047 471 :
1074 426 1232 472 faciens
1258 428 1334 472 tibi
1355 444 1432 472 nos
1455 429 1510 472 de
1526 445 1615 472 ser-

231 498 292 542 vis
330 498 455 553 filios⁷
488 498 542 542 de
577 508 618 542 te
652 496 885 551 nascendo,
913 497 1036 541 nobis
1059 497 1298 542 serviendo.
1334 499 1490 543 Merito
1511 500 1618 543 mihi

230 584 324 628 spes
341 568 482 613 valida
496 570 541 612 in
558 568 632 613 illo
648 578 726 623 est,
745 568 863 628 quod
881 568 1049 612 sanabis
1068 584 1217 612 omnes
1235 568 1464 627 languores
1480 585 1613 625 meos,

229 655 307 698 per
328 654 427 683 cum
449 639 525 698 qni
542 638 661 683 sedet
684 639 739 682 ad
761 640 983 682 dexteram
1007 648 1124 682 tuam
1149 648 1191 683 et
1212 648 1254 683 te
1273 639 1520 699 interpellat
1539 656 1617 699 pro

230 710 382 754 nobis2
402 730 412 766 3
443 709 636 769 alioquin
658 710 947 769 desperarem.
985 710 1114 754 Multi
1138 710 1254 753 enim
1277 719 1319 754 et
1342 711 1489 769 magni
1512 721 1615 756 sunt

229 781 361 824 iidem
395 779 623 838 languores
656 781 755 835 mei,
792 781 919 824 multi
951 791 1053 825 sunt
1075 790 1118 825 et
1139 782 1301 840 magni,
1328 782 1402 825 sed
1436 782 1619 841 amplior

229 859 293 894 est
314 850 526 893 medicina
550 859 638 894 tua.
667 851 891 894 Potuimus
924 860 1077 909 putare
1100 851 1295 895 Verbum
1319 861 1445 896 tuum
1469 867 1614 897 remo-

229 930 322 964 tum
348 936 436 965 esse
461 936 484 964 a
506 921 813 980 conjunctione
839 921 1040 976 hominis,
1069 930 1110 966 et
1135 921 1362 982 desperare
1385 923 1439 966 de
1472 924 1614 979 nobis,

231 992 309 1036 nisi
324 1007 422 1036 caro
442 992 565 1036 fieret
582 1000 624 1034 et
642 991 858 1035 habitaret
872 992 917 1034 in
931 992 1071 1036 nobis.

288 1064 421 1106 Lxx.
458 1063 729 1107 Conterritus
755 1064 940 1121 peccatis
973 1063 1078 1106 meis
1105 1071 1148 1106 et
1172 1062 1286 1107 mole
1309 1063 1488 1107 miseriae
1512 1079 1619 1107 meae

229 1134 489 1192 agitaveram
505 1134 550 1177 in
570 1133 700 1177 corde
717 1133 1040 1193 meditatusque
1062 1133 1229 1177 fueram
1246 1134 1390 1192 fugam
1411 1134 1453 1177 in
1467 1134 1619 1178 solitu-

228 1203 406 1248 dinem:
448 1203 523 1247 sed
555 1204 818 1263 prohibuisti
851 1219 936 1259 me,
970 1213 1012 1248 et
1044 1204 1306 1248 confirmasti
1330 1219 1414 1259 me,
1440 1204 1615 1249 dicens:

233 1294 253 1317 «
289 1275 393 1319 Ideo
414 1290 493 1333 pro
515 1275 716 1319 omnibus
739 1274 935 1319 Christus
960 1284 1158 1318 mortuus
1179 1284 1258 1329 est,
1281 1275 1423 1334 utqui
1445 1275 1615 1331 vivunt,

232 1364 253 1388 n
284 1348 478 1405 jamnon
500 1346 579 1389 sibi
597 1347 760 1401 vivant,
786 1345 859 1390 sed
877 1346 915 1389 ei
930 1347 1005 1406 qui
1028 1362 1106 1406 pro
1124 1347 1222 1405 ipsis
1246 1355 1444 1390 mortuus
1462 1349 1565 1390 est3.
1595 1365 1614 1387 »

227 1420 356 1471 Ecce,
385 1418 583 1472 Domine,
605 1418 723 1476 jacto
739 1417 785 1460 in
807 1426 849 1460 te
867 1432 1014 1461 curam
1038 1432 1178 1460 meam
1199 1426 1247 1460 ut
1265 1417 1422 1470 vivam,
1448 1427 1492 1461 et
1514 1433 1621 1461 con-

229 1488 428 1532 siderabo
445 1487 656 1532 mirabilia
677 1488 732 1532 de
755 1487 849 1545 lege
871 1489 987 1532 tua4.
1015 1490 1077 1531 Tu
1102 1487 1181 1531 scis
1203 1487 1461 1546 imperitiam
1478 1503 1616 1532 meam

228 1569 271 1603 et
307 1559 602 1603 infirmitatem
637 1573 777 1602 meam
803 1578 811 1603 :
848 1558 955 1602 doce
980 1573 1064 1612 me,
1103 1567 1145 1601 et
1181 1573 1281 1601 sana
1306 1573 1389 1601 me.
1418 1556 1496 1601 Ille
1520 1568 1619 1602 tuus

232 1631 395 1674 Unicus
425 1631 470 1673 in
493 1646 582 1689 qno
602 1639 700 1674 sunt
737 1645 886 1674 omnes
910 1629 1099 1673 thesauri
1122 1629 1344 1688 sapientiae
1367 1638 1410 1672 et
1431 1630 1619 1673 scientis?¹

231 1700 474 1746 absconditi
489 1703 519 1755 ⁵,
545 1701 728 1744 redemit
750 1717 819 1744 mc
842 1702 1050 1759 sanguine
1068 1716 1161 1744 suo.
1181 1703 1277 1744 Non
1299 1699 1620 1744 calumnientur

230 1772 336 1815 mihi
365 1772 566 1830 superbi:
602 1772 807 1831 quoniam
842 1772 984 1829 cogito
1017 1773 1204 1830 pretinm
1230 1786 1391 1826 meum,
1418 1781 1461 1815 et
1492 1787 1618 1816 man-

229 1843 360 1897 duco,
395 1852 437 1886 et
463 1843 583 1897 bibo,
609 1851 651 1886 et
673 1858 820 1901 erogo,
847 1851 888 1886 et
912 1857 1079 1902 pauper
1106 1843 1235 1902 cupio
1266 1843 1447 1887 saturari
1480 1858 1529 1886 ex
1567 1859 1618 1887 eo

230 1914 342 1957 inter
360 1913 457 1957 illos
479 1914 555 1973 qui
573 1915 711 1958 edunt
734 1923 776 1957 et
792 1923 1057 1969 saturantur,
1087 1922 1130 1956 et
1161 1912 1340 1957 laudant
1380 1914 1616 1960 Dominum

228 1984 304 2043 qui
322 1984 552 2043 requirunt
569 1986 712 2028 eumss.

277 2100 286 2115 ¹
307 2094 396 2124 Joau.
417 2104 448 2132 x,
473 2093 522 2125 18.
537 2110 578 2116 -—-
599 2100 610 2115 2
631 2096 722 2126 Rom,
739 2105 809 2134 vin,
831 2092 882 2134 34.
898 2109 938 2114 -
957 2090 1000 2124 32
1015 2094 1083 2123 Cor,
1105 2102 1137 2132 v,
1161 2091 1211 2123 15.
1229 2108 1270 2114 —
1289 2090 1302 2120 4
1323 2091 1404 2123 P<al.
1430 2102 1540 2131 cxviii,
1562 2093 1613 2126 18.

231 2166 266 2171 -—
295 2147 309 2171 5
325 2148 440 2180 Colo«.
463 2160 494 2188 n,
514 2149 540 2181 3.
565 2166 605 2171 —
625 2148 640 2171 ⁶
659 2149 743 2181 Psal.
764 2159 906 2190 xx1‚27.

1815 512 1820 600 ——-
1812 121 1820 503 ⁹—....-..—-—.———-
