1871 3162
321 180 376 217 30
742 185 777 215 s.
812 186 1041 215 Aucusnm
1072 185 1255 213 muscom

318 357 1657 379 QWWWWWMNMNWKWWWWWWWUMUMWWWWWWWUMWW
1661 357 1692 372 Μ

845 490 1059 540 CAPUT
1094 493 1158 538 ΙΙ.

315 653 511 697 Annam
532 651 692 696 oetatz's
714 665 812 694 sicce
841 647 1292 693 decimum-sextum
1318 649 1367 692 in
1391 645 1567 692 ardore
1590 645 1696 692 libi-

744 718 911 764 dinoso
932 728 1277 779 consumptum.

391 882 450 923 ΙΙ.
480 881 545 923 ΕΤ
578 877 686 938 quid
708 886 799 922 erat
820 876 942 937 quod
962 892 1033 921 me
1069 875 1339 932 delectabat,
1375 875 1457 921 nisi
1479 891 1621 920 amare
1652 885 1696 921 et
1762 928 1766 929 ⁷

314 950 477 994 amari?
494 947 577 994 Sed
600 964 690 993 non
711 948 945 992 tenebatur
961 946 1117 991 modus
1135 947 1189 990 ab
1210 947 1354 991 animo
1376 962 1516 1006 usque
1532 948 1585 990 ad
1608 947 1697 991 ani-

314 1034 458 1074 mum,
483 1027 698 1078 quatenus
727 1027 790 1062 est
811 1017 1053 1061 luminosus
1074 1016 1197 1060 limes
1220 1016 1447 1073 amicitiae3
1471 1015 1547 1060 sed
1567 1017 1697 1060 exha-

312 1088 518 1133 labantur
537 1087 711 1131 nebulae
734 1086 788 1131 de
809 1086 961 1130 limosa
983 1086 1335 1145 concupiscentia
1370 1086 1509 1130 carnis
1531 1094 1573 1129 et
1600 1101 1696 1130 sca-

314 1161 436 1205 tebra
458 1158 719 1219 pubertatis,
745 1166 787 1201 et
815 1156 1139 1201 obnubilabant
1160 1165 1291 1215 atque
1313 1156 1589 1200 offuscabant
1621 1171 1696 1200 cor

313 1246 483 1285 meum,
509 1240 558 1274 ut
593 1245 683 1274 non
712 1228 1029 1272 discerneretur
1049 1226 1253 1270 serenitas
1276 1226 1518 1271 dilectionis
1541 1242 1565 1270 a
1586 1227 1694 1271 cali-

312 1301 409 1359 gine
441 1300 648 1344 libidinis.
676 1300 921 1356 Utrumque
942 1297 989 1340 in
1012 1296 1197 1340 confuso
1220 1295 1436 1340 aestuabat
1452 1331 1464 1351 ,
1489 1305 1532 1340 et
1554 1297 1695 1355 rapie-

312 1373 388 1416 bat
406 1370 666 1415 imbecillam
689 1377 863 1412 aetatem
885 1382 961 1426 per
989 1367 1173 1426 abrupta
1205 1366 1495 1426 cupiditatum
1511 1401 1522 1423 ‚
1562 1376 1694 1427 atque

312 1443 526 1486 mersabat
565 1440 737 1500 gurgite
775 1438 1053 1496 flagitiorum.
1091 1437 1338 1481 Invaluerat
1366 1453 1495 1497 super
1526 1453 1596 1482 me
1631 1439 1694 1483 ira

313 1522 415 1569 tua3
440 1521 484 1556 et
505 1510 767 1555 nesciebam.
794 1508 1119 1552 Obsurdueram
1141 1507 1323 1552 stridore
1345 1516 1509 1552 catenae
1531 1518 1694 1553 morta-

313 1583 443 1627 litatis
465 1597 589 1635 meae,
614 1595 748 1639 poena
765 1577 978 1637 superbiae
995 1577 1150 1621 animae
1172 1592 1307 1636 meae3
1331 1587 1374 1622 et
1389 1579 1504 1622 ibam
1521 1578 1692 1637 longius

313 1669 337 1697 a
361 1663 404 1698 te
420 1688 430 1707 ‚
462 1662 505 1697 et
534 1650 723 1707 sinebas3
753 1658 796 1693 et
818 1649 1041 1709 jactabar,
1067 1657 1110 1693 et
1137 1648 1421 1704 effundebar,
1449 1659 1491 1694 et
1513 1649 1690 1694 difflue-

312 1725 438 1779 bam,
470 1732 512 1767 et
542 1721 805 1766 ebulliebam
830 1735 907 1779 per
938 1718 1243 1764 fornicationes
1274 1735 1411 1775 meas,
1437 1730 1480 1764 et
1500 1725 1687 1766 tacebas.

311 1797 348 1839 Ο
372 1793 544 1839 tardum
567 1791 774 1850 gaudium
808 1790 981 1834 meum!
1016 1791 1205 1834 Tacebas
1234 1799 1340 1834 tunc
1358 1826 1368 1846 ‚
1399 1800 1442 1834 et
1472 1806 1551 1849 ego
1574 1792 1691 1836 ibam

311 1880 441 1925 porro
462 1862 592 1921 longe
614 1878 637 1906 a
655 1871 697 1906 te
715 1862 760 1905 in
774 1860 899 1920 plura
916 1870 960 1904 et
975 1860 1099 1919 plura
1116 1860 1273 1904 sterilia
1290 1862 1455 1906 semina
1469 1861 1687 1918 dolorum,

311 1935 492 1994 superba
516 1932 776 1992 dejectione,
798 1940 840 1974 et
855 1929 1048 1990 inquieta
1065 1929 1335 1973 lassitudine.

368 2007 450 2048 III.
472 2004 571 2056 Quis
590 2001 694 2045 mihi
717 2001 1015 2045 moderaretur
1034 2015 1273 2043 aerumnam
1292 2014 1433 2043 meam
1451 2035 1463 2058 ‚
1480 2010 1524 2045 et
1545 2003 1689 2046 novis-

311 2075 517 2118 simarum
533 2087 677 2115 rerum
698 2070 872 2128 fugaces
894 2068 1238 2128 pulchritudines
1260 2070 1305 2113 in
1324 2085 1451 2113 usum
1474 2081 1659 2116 verteret
1673 2107 1685 2128 ‚

311 2157 548 2202 earumque
564 2140 848 2185 suavitatibus
865 2148 1000 2182 metas
1023 2139 1278 2198 praefigeret,
1298 2148 1346 2183 ut
1363 2154 1503 2199 usque
1520 2140 1574 2184 ad
1587 2156 1689 2185 con-

306 2214 452 2275 jugale
472 2213 594 2257 littus
615 2219 899 2255 exaestuarent
920 2210 1080 2254 fluctus
1104 2211 1240 2254 aetatis
1263 2225 1393 2263 meae,
1414 2211 1448 2254 si
1470 2213 1687 2272 tranquil-

311 2286 406 2330 litas
430 2285 476 2329 in
511 2285 568 2328 eis
595 2299 684 2327 non
706 2291 876 2342 poterat
904 2297 1018 2337 esse,
1046 2282 1137 2325 sine
1171 2281 1538 2340 procreandorum
1573 2283 1687 2328 libe-

310 2370 459 2399 rorum
481 2362 713 2408 contenta,
747 2353 858 2396 sicut
877 2352 1119 2411 praescribit
1149 2351 1218 2395 lex
1245 2360 1320 2396 tua
1338 2386 1349 2407 ‚
1372 2353 1581 2408 Domine,
1609 2356 1683 2413 qui

310 2425 469 2470 formas
502 2425 629 2469 etiam
668 2424 950 2483 propaginem
990 2421 1263 2467 mortalitatis
1300 2431 1456 2467 nostrae
1479 2458 1489 2478 ‚
1528 2432 1685 2483 potens

309 2496 530 2555 imponere
552 2494 694 2540 lenem
721 2508 899 2539 manum
921 2493 975 2538 ad
998 2501 1390 2553 temperamentum
1416 2493 1640 2553 spinarum
1661 2510 1684 2538 a
