1871 3162
277 214 360 254 544
458 229 463 235 ’
709 227 742 252 s.
778 223 861 252 Ace
871 227 1006 254 osum
1039 227 1217 254 Eriscorr

269 290 382 334 serre
414 304 503 334 non
524 289 670 347 possit,
696 291 878 348 figurate
901 290 1067 335 dictum
1088 291 1160 337 vel
1183 299 1351 350 gestum
1369 304 1456 334 esse
1478 288 1650 345 credat3

269 369 401 420 atque
417 360 476 404 ita
497 368 678 404 conetur
698 359 955 419 intelligere,
981 371 1030 405 ut
1051 362 1105 405 ad
1124 360 1244 406 illam
1261 361 1474 419 geminam
1496 358 1654 403 referat

267 429 559 474 dilectionem.
585 433 650 475 Ita
671 446 772 475 sane
790 439 840 475 ut
860 432 1106 490 proximum
1127 447 1217 477 non
1239 430 1468 477 carnaliter
1488 428 1654 474 intelli-

268 508 355 557 gat,
391 501 465 544 sed
494 516 669 546 omnem
692 499 767 560 qui
791 515 892 545 cum
922 517 973 546 eo
989 501 1036 545 in
1051 502 1125 546 illa
1146 511 1294 547 sancta
1316 501 1491 547 civitate
1513 506 1655 558 potest

265 585 382 626 esse,
409 572 497 616 sive
524 573 630 631 jam,
659 572 747 616 sive
773 571 971 617 nondum
1000 583 1203 632 appareat
1231 593 1239 617 :
1271 582 1315 617 et
1335 584 1380 616 ut
1413 571 1468 615 de
1492 569 1655 614 nullius

264 640 451 685 hominis
479 643 745 686 correctione
775 643 1000 701 desperet,
1031 658 1164 703 quem
1197 642 1406 701 patientia
1439 641 1516 684 Dei
1540 638 1656 684 videt

264 711 426 764 vivere,
448 725 538 754 non
555 712 613 756 ob
630 710 765 766 aliud,
781 713 892 757 sicut
908 712 1141 772 Apostolus
1156 713 1231 768 ait,
1252 713 1333 757 nisi
1346 721 1395 756 ut
1416 708 1656 755 adducatur

263 779 320 823 ad
340 780 687 838 poenitentiam1.

324 852 397 892 Ll.
436 850 479 894 Si
493 849 650 909 longus
668 850 749 894 tibi
765 850 940 896 videtur
955 853 1034 896 iste
1051 867 1208 907 sermo,
1225 868 1313 912 quo
1328 862 1536 910 tanquam
1554 865 1657 908 prae·

263 927 429 962 sentem
451 919 608 964 rudem
632 920 854 964 hominem
880 921 1077 975 instruxi,
1106 920 1207 965 licet
1221 936 1269 964 ea
1288 921 1368 964 tibi
1390 919 1533 963 dicere
1559 919 1657 961 bre-

264 989 375 1044 vius,
402 988 645 1048 longiorem
671 1000 819 1034 tamen
839 1006 928 1035 esse
951 991 1111 1034 debere
1132 1006 1223 1035 non
1245 998 1353 1049 puto
1373 1009 1381 1034 2
1407 1003 1657 1048 quanquam

262 1059 454 1104 multum
468 1060 661 1116 interest,
685 1061 793 1120 quid
810 1076 875 1105 res
895 1061 987 1120 ipsa
1003 1076 1103 1105 cum
1123 1061 1265 1119 agitur
1281 1068 1473 1114 moneat,
1494 1068 1538 1103 et
1552 1057 1660 1118 quid

262 1129 515 1175 auditorum
536 1132 767 1190 praesentia
789 1147 879 1176 non
901 1131 1043 1176 solum
1066 1131 1195 1186 ferre,
1220 1131 1296 1175 sed
1328 1131 1457 1175 etiam
1487 1129 1659 1173 deside-

259 1215 354 1244 rare
371 1216 414 1244 se
432 1202 647 1247 ostendat.
665 1204 779 1249 Cum
796 1212 946 1247 autem
960 1203 1180 1247 celeritate
1197 1217 1305 1261 opus
1318 1210 1397 1256 est,
1414 1200 1514 1244 vide
1526 1213 1659 1259 quam

256 1268 384 1314 facile
407 1273 609 1330 explicari
629 1282 720 1318 tota
743 1289 809 1319 res
826 1275 973 1333 possit.
1000 1277 1086 1317 Fac
1111 1289 1258 1318 rursus
1281 1272 1429 1317 adesse
1448 1271 1657 1330 aliquem,

262 1341 339 1399 qui
373 1340 478 1386 velit
511 1357 600 1386 esse
635 1344 904 1388 Christianus
924 1363 932 1389 :
967 1358 1070 1402 ergo
1103 1354 1146 1388 et
1178 1344 1514 1402 interrogatum,
1549 1338 1661 1383 illud

261 1408 383 1469 quod
411 1412 607 1470 superior
636 1413 929 1472 respondisse;
950 1415 1054 1474 quia
1072 1423 1116 1458 et
1144 1414 1178 1457 si
1199 1429 1290 1458 non
1306 1414 1388 1457 hoc
1407 1410 1657 1469 respondet,

258 1478 343 1523 hoc
374 1495 476 1524 eum
499 1483 762 1541 respondere
785 1483 990 1529 debuisse
1017 1483 1254 1530 dicendum
1275 1492 1353 1528 est.
1380 1481 1546 1526 Deinde
1575 1479 1660 1523 hoc

261 1549 396 1594 modo
418 1560 462 1596 et
483 1561 645 1597 caetera
662 1553 950 1599 contexenda,

322 1622 420 1662 LII.
456 1623 584 1672 Vere,
605 1621 756 1677 frater,
772 1621 848 1667 illa
859 1637 1016 1680 magna
1033 1631 1076 1665 et
1096 1637 1197 1666 vera
1218 1622 1445 1666 beatitudo
1462 1631 1541 1677 est⁷
1562 1638 1662 1682 quae

262 1687 310 1730 in
330 1687 482 1732 futuro
499 1686 661 1730 saeculo
686 1688 845 1731 sanctis
866 1687 1150 1745 promittitur.
1176 1690 1333 1734 Omnia
1354 1708 1457 1737 vero
1478 1690 1662 1737 visibilia

263 1764 506 1810 transeunt,
531 1765 574 1799 et
591 1756 735 1800 omnis
757 1757 886 1815 hujus
909 1757 1056 1801 saeculi
1073 1773 1234 1817 pompa
1257 1769 1299 1803 et
1322 1760 1488 1805 deliciae
1516 1772 1560 1806 et
1580 1778 1661 1806 cu-

263 1824 431 1869 riositas
452 1825 713 1880 interibunt,
740 1835 783 1870 et
805 1841 954 1871 secum
978 1826 1034 1871 ad
1055 1828 1277 1872 interitum
1299 1830 1480 1874 trahunt
1498 1841 1663 1875 amato-

266 1910 333 1939 res
351 1910 465 1939 suos.
490 1898 528 1940 A
550 1911 639 1955 quo
662 1896 857 1952 interitu,
887 1898 971 1942 hoc
995 1907 1074 1953 est,
1095 1900 1237 1957 poenis
1259 1901 1530 1960 sempiternis
1550 1905 1662 1945 Deus

267 1965 509 2011 misericors
525 1964 674 2010 volens
690 1966 888 2011 homines
909 1966 1109 2022 liberare,
1131 1968 1164 2012 si
1180 1969 1354 2028 sibiipsi
1372 1986 1462 2014 non
1479 1972 1564 2015 sint
1578 1972 1661 2015 ini-

272 2036 390 2091 mici,
427 2045 471 2080 et
501 2051 592 2080 non
622 2036 822 2081 resistant
854 2037 1158 2082 misericordiae
1187 2040 1401 2084 Creatoris
1432 2042 1514 2095 sui,
1549 2041 1662 2085 misit

271 2106 547 2164 unigenitum
568 2105 730 2150 Filium
752 2122 897 2162 suum,
924 2109 1007 2151 hoc
1023 2116 1103 2162 est,
1126 2109 1321 2152 Verbum
1344 2124 1472 2152 suum
1494 2109 1662 2169 aequale

274 2175 372 2229 sihi,
400 2190 478 2234 per
499 2175 619 2235 quod
641 2175 837 2220 condidit
863 2176 1023 2221 omnia.
1050 2180 1106 2220 Et
1127 2192 1306 2222 manens
1328 2178 1501 2237 quidem
1526 2180 1571 2222 in
1587 2180 1661 2223 Di-

274 2244 454 2288 vinitate
476 2260 568 2300 sua,
589 2254 632 2290 et
652 2261 742 2290 non
759 2245 964 2290 recedens
986 2262 1010 2290 a
1032 2249 1174 2301 Patre,
1194 2248 1335 2290 necin
1357 2247 1503 2307 aliquo
1521 2258 1662 2293 muta-

273 2321 360 2367 tus,
376 2315 635 2359 assumendo
650 2324 798 2359 tamen
812 2315 1051 2371 hominem,
1068 2316 1166 2359 etin
1184 2332 1312 2360 carne
1329 2318 1500 2361 mortali
1517 2319 1661 2362 homi-

273 2382 402 2428 nibus
435 2386 684 2445 apparendo
715 2386 833 2430 venit
867 2386 923 2430 ad
954 2387 1178 2432 homines:
1211 2396 1259 2431 ut
1286 2387 1659 2446 quemadmodum

269 2466 347 2509 per
374 2469 512 2499 unum
538 2456 763 2501 hominem
785 2456 862 2515 qui
882 2457 1045 2515 primus
1068 2455 1207 2501 factus
1230 2465 1309 2511 est,
1335 2456 1379 2500 id
1406 2467 1470 2501 est
1498 2457 1653 2512 Adam,

329 2543 335 2557 ¹
355 2539 445 2569 Rom.
466 2548 501 2579 11,
519 2538 550 2579 4.
