1871 3162
306 263 387 302 404
734 275 764 303 S.
803 278 1027 305 AUGUS'HM
1064 279 1241 305 Erisoom

302 484 930 502 mmmmmwmummmum
937 484 1070 500 ἋΜἮΊΛΛ
1076 484 1140 500 um
1145 485 1210 500 ἋΜ
1216 485 1280 499 ww!
1286 483 1674 501 mxmuwsmwwmmmw

773 642 985 691 CAPUT
1028 643 1203 689 XXXI.

482 821 587 866 Pz'z's
609 820 734 866 idem
757 820 997 881 probatur
1015 821 1146 882 quod
1168 821 1276 867 Deo
1295 821 1494 881 placuit.

357 994 510 1037 XLVI.
528 996 609 1045 Qm
628 1001 772 1037 autem
786 1007 861 1052 per
877 993 1083 1052 Spiritum
1101 1003 1226 1038 tuum
1243 992 1391 1037 vident
1406 1009 1469 1048 ea,
1490 1003 1537 1038 tu
1559 995 1676 1038 vides

298 1066 343 1109 in
361 1065 434 1109 eis.
452 1067 567 1124 Ergo
583 1079 684 1109 cum
695 1064 844 1109 vident
861 1066 962 1125 quia
980 1066 1095 1109 bona
1107 1074 1224 1121 sunt,
1245 1075 1295 1110 tu
1310 1065 1428 1110 vides
1446 1066 1547 1125 quia
1562 1066 1678 1110 bona

299 1144 399 1180 suut
418 1145 486 1180 :et
506 1150 797 1195 quaecumque
811 1146 988 1195 propter
1010 1145 1053 1179 te
1075 1135 1272 1195 placent5
1297 1144 1346 1180 tu
1367 1136 1412 1179 in
1434 1137 1492 1180 eis
1507 1136 1675 1196 places3

299 1216 341 1250 et
352 1222 450 1266 quae
464 1221 538 1266 per
553 1206 761 1266 Spiritum
773 1215 898 1250 tuum
912 1204 1086 1265 placent
1103 1207 1244 1261 nobis,
1266 1207 1345 1250 tibi
1357 1206 1529 1266 placent
1546 1207 1591 1249 in
1605 1222 1678 1250 no-

299 1277 406 1322 obis.
426 1296 447 1319 «
463 1277 567 1330 Quis
579 1277 695 1320 enim
709 1277 788 1321 scit
801 1277 1031 1320 hominum
1046 1293 1145 1336 quae
1162 1286 1263 1320 sunt
1278 1277 1481 1331 hominis,
1498 1277 1580 1321 nisi
1594 1277 1679 1335 spi-

304 1367 323 1390 »
348 1348 454 1393 ritus
471 1348 657 1392 hominis
679 1348 756 1407 qui
773 1348 815 1391 in
833 1348 925 1407 ipso
947 1349 1038 1391 est?
1053 1348 1111 1392 sic
1138 1357 1182 1391 et
1201 1363 1300 1408 quae
1323 1348 1400 1392 Dei
1421 1357 1523 1391 sunt
1551 1363 1679 1393 nemo

303 1439 322 1461 n
347 1420 428 1464 scit
440 1419 520 1464 nisi
540 1419 721 1478 Spiritus
744 1419 834 1462 Dei.
860 1421 946 1464 Nos
963 1428 1109 1463 autem
1125 1454 1136 1472 ‚
1160 1419 1303 1478 inquit
1323 1454 1333 1473 ,
1359 1434 1449 1463 non
1480 1419 1679 1478 spiritum

302 1509 321 1532 n
347 1491 478 1550 hujus
492 1490 646 1533 mundi
661 1489 920 1548 accepimus,
938 1487 1011 1532 sed
1030 1489 1228 1547 spiritum
1250 1490 1325 1548 qui
1348 1504 1400 1532 ex
1418 1491 1506 1532 Deo
1528 1498 1605 1543 est,
1631 1499 1680 1533 ut

304 1581 323 1603 »
348 1562 530 1606 sciamus
543 1576 641 1619 quae
659 1576 683 1604 a
698 1563 787 1604 Deo
801 1559 960 1603 donata
971 1571 1071 1603 sunt
1085 1559 1211 1603 nobis
1222 1562 1251 1602 ².
1273 1578 1290 1599 η
1307 1562 1363 1602 Et
1378 1558 1614 1603 admoneor
1631 1570 1680 1604 ut

301 1632 443 1676 dicam
469 1651 478 1676 2
503 1633 630 1676 Certe
653 1645 781 1674 nemo
803 1630 881 1674 scit
910 1645 1009 1689 quae
1032 1630 1108 1673 Dei
1131 1639 1231 1672 sunt
1247 1664 1257 1683 ‚
1285 1630 1366 1673 nisi
1389 1630 1561 1688 spiritus
1584 1632 1675 1674 Dei.

302 1701 532 1756 Quomodo
555 1716 657 1760 ergo
679 1701 834 1744 scimus
857 1710 900 1743 et
916 1715 994 1743 nos
1016 1715 1114 1759 quae
1138 1716 1160 1743 a
1187 1703 1275 1744 Deo
1292 1699 1452 1744 donata
1473 1711 1575 1744 sunt
1598 1717 1680 1746 no-

302 1775 396 1819 bis?
418 1773 722 1832 Respondetur
744 1772 848 1815 mihi
875 1790 883 1815 :
909 1771 1115 1831 quoniam
1139 1787 1238 1830 quae
1260 1787 1336 1830 per
1357 1773 1448 1831 ejus
1474 1773 1681 1831 Spiritum

304 1845 461 1889 seimus
480 1880 491 1898 ,
517 1845 648 1887 etiam
669 1843 728 1887 sic
751 1857 880 1886 nemo
902 1841 981 1886 scit
1001 1842 1082 1885 nisi
1102 1842 1282 1901 Spiritus
1306 1843 1396 1885 Dei.
1427 1843 1546 1887 Sicut
1563 1843 1680 1887 enim

303 1926 418 1960 recte
439 1915 604 1959 dictum
623 1923 687 1958 est
704 1949 715 1969 ,
740 1933 761 1955 ι(
781 1916 877 1958 Νοη
899 1913 1014 1956 enim
1035 1928 1110 1956 vos
1127 1913 1225 1956 estis
1248 1912 1323 1972 qui
1344 1912 1600 1973 loquimini2
1616 1948 1626 1968 ‚
1659 1934 1676 1955 n

304 1987 363 2031 eis
380 1987 455 2047 qui
481 1987 526 2029 in
546 1985 707 2044 Spiritu
722 1984 798 2028 Dei
815 1982 1098 2044 loquerentur
1126 2003 1133 2027 ;
1154 1984 1212 2028 sic
1232 1994 1345 2028 recte
1367 1984 1524 2028 dicitur
1549 2004 1558 2028 ;
1583 1987 1680 2029 Non

305 2075 379 2103 vos
401 2059 497 2102 estis
519 2058 593 2118 qui
617 2057 767 2114 scitis,
796 2056 855 2100 eis
882 2056 1021 2115 quiin
1048 2056 1124 2099 Dei
1148 2055 1308 2114 Spiritu
1330 2056 1482 2099 sciunt.
1510 2056 1678 2100 Nihilo-

307 2129 449 2173 minus
471 2129 600 2187 igitur
629 2136 742 2172 recte
767 2125 925 2170 dicitur
951 2144 959 2168 z
985 2127 1082 2169 Non
1103 2140 1178 2169 vos
1195 2126 1293 2168 estis
1316 2125 1391 2184 qui
1420 2124 1572 2169 videtis
1588 2160 1599 2180 ,
1623 2126 1681 2170 eis

306 2201 442 2261 quiin
467 2199 629 2259 Spiritu
651 2200 726 2242 Dei
748 2197 898 2242 vident
922 2216 930 2240 :
959 2197 1017 2240 ita
1038 2196 1254 2256 quidquid
1278 2197 1321 2240 in
1341 2196 1502 2255 Spiritu
1520 2197 1595 2241 Dei
1612 2198 1680 2242 vi-

307 2271 412 2316 dent
432 2271 532 2331 quia
549 2270 714 2314 bonum
743 2277 806 2313 est
822 2303 833 2323 ,
868 2283 956 2312 non
979 2267 1087 2326 ipsi,
1112 2267 1185 2311 sed
1209 2270 1319 2310 Deus
1343 2267 1461 2311 videt
1477 2268 1578 2326 quia
1598 2269 1680 2313 bo-

309 2357 415 2386 num
432 2350 508 2386 est.
546 2339 677 2385 Aliud
711 2354 812 2398 ergo
845 2347 933 2393 est,
973 2345 1022 2382 ut
1044 2346 1167 2396 putet
1196 2338 1377 2397 quisque
1400 2337 1563 2382 malurn
1592 2354 1680 2382 esse

309 2414 427 2472 quod
450 2413 614 2457 bonum
637 2420 722 2465 est,
743 2410 892 2470 quales
913 2408 1147 2468 supradicti
1168 2418 1284 2452 sunt.
1312 2408 1440 2452 Aliud
1457 2445 1467 2463 ,
1491 2418 1536 2453 ut
1559 2409 1679 2468 quod

311 2485 474 2530 bonum
502 2492 564 2528 est
580 2519 590 2539 ,
623 2482 767 2527 videat
793 2483 925 2526 homo
959 2481 1059 2541 quia
1080 2481 1245 2526 bonum
1269 2490 1331 2525 est
1352 2502 1363 2539 3
1387 2482 1497 2525 sicut
1532 2480 1678 2526 multis

362 2599 367 2615 ¹
394 2603 405 2624 1
423 2594 494 2624 Cor.
515 2602 549 2631 n,
574 2601 628 2629 ιι,
656 2599 766 2621 12.—
787 2596 799 2611 ²
818 2588 934 2620 Matth.
961 2599 992 2627 x,
1010 2596 1064 2619 20.
