1871 3162
584 265 934 305 confassloNUM,
969 268 1051 296 Lis.
1090 270 1131 294 v.
1492 260 1546 296 93

171 332 292 377 eidos
311 351 322 389 3
343 339 388 375 et
409 344 509 375 ecce
530 340 711 376 ruerunt
733 331 779 374 in
798 340 978 386 terram,
1004 339 1048 375 et
1068 330 1348 375 obscuratum
1371 340 1434 375 est
1454 332 1552 375 insi-

170 401 291 460 piens
319 416 393 445 cor
424 415 590 445 eorum.
616 404 673 446 Et
700 402 839 445 multa
857 416 960 445 vera
993 400 1049 444 de
1082 409 1278 444 creatura
1306 399 1485 455 dicunt,
1511 410 1553 445 et

171 472 404 516 Veritatem
427 481 635 516 creaturae
657 472 866 516 artificem
902 487 991 516 non
1024 472 1093 530 pie
1129 479 1358 531 quaerunt,
1390 479 1433 514 et
1454 470 1553 515 ideo

171 558 261 586 non
276 543 504 587 inveniunt
527 561 535 587 :
556 552 631 587 aut
652 543 686 587 si
705 543 954 597 inveniunt,
974 550 1283 601 cognoscentes
1304 544 1443 585 Deum
1466 556 1555 585 non

171 611 281 655 sicut
303 614 439 655 Deum
461 613 682 656 honorant
697 647 708 667 ,
725 621 800 656 aut
823 613 980 670 gratias
1003 620 1138 669 agunt
1158 632 1169 670 ζ,
1193 610 1267 655 sed
1294 619 1558 655 evanescunt

171 682 215 725 in
238 681 570 740 cogitationibus
603 682 713 737 suis,
755 692 798 726 et
826 681 979 726 dicunt
1001 697 1044 725 se
1077 697 1166 726 esse
1198 681 1413 741 sapientes
1432 716 1442 735 ‚
1479 681 1559 723 sibi

173 752 410 796 tribuendo
427 768 526 811 quae
541 761 616 796 tua
633 761 733 797 sunt
750 773 761 809 3
784 768 832 797 ac
846 768 923 812 per
943 753 1026 797 hoc
1050 753 1229 797 student
1247 751 1561 811 perversissima

173 823 365 867 caecitate
388 822 518 866 etiam
541 823 621 867 tibi
643 824 835 867 tribuere
855 839 953 883 quae
975 839 1051 867 sua
1073 832 1176 868 sunt
1192 858 1203 878 ‚
1225 822 1453 866 mendacia
1476 821 1558 859 .ςοὶν

172 892 274 936 licet
298 893 345 936 in
365 902 408 936 te
430 894 702 938 conferentes
725 894 801 954 qui
819 896 986 938 Veritas
1006 910 1070 943 eg,
1097 904 1141 932 et
1165 894 1442 932 immutantes
1464 886 1560 943 glo-

174 962 280 1005 riam
297 963 538 1019 incorrupti
556 965 631 1004 Dei
648 964 694 1002 in
711 958 1040 1003 similitudinem
1058 958 1253 1016 imaginis
1271 955 1561 1015 corruptibilis

174 1031 383 1085 hominis,
408 1039 450 1074 et
478 1029 708 1074 volucrum
723 1064 734 1084 ,
760 1038 803 1072 et
824 1027 1162 1088 quadrupedum
1181 1063 1191 1083 ‚
1213 1037 1256 1071 et
1278 1036 1528 1086 serpcntum
1549 1047 1559 1083 3

175 1110 218 1146 et
239 1108 501 1145 convertunt
521 1099 747 1142 veritatem
770 1107 890 1142 tuam
913 1099 957 1141 in
973 1097 1271 1154 mendacium3
1291 1107 1334 1142 et
1349 1096 1499 1142 colunt
1521 1105 1564 1141 et

176 1170 370 1215 serviunt
391 1179 600 1213 creaturae
623 1169 766 1227 potius
790 1183 922 1227 quam
940 1168 1176 1212 Creatori1.

237 1243 312 1285 VI.
340 1240 480 1285 Multa
501 1248 647 1283 tamen
670 1239 724 1282 ab
746 1239 804 1282 eis
828 1254 878 1282 ex
900 1239 991 1298 ipsa
1012 1248 1207 1282 creatura
1232 1253 1333 1282 vera
1355 1238 1471 1282 dicta
1494 1253 1563 1280 re-

177 1311 369 1355 tinebam
387 1331 398 1366 3
428 1318 471 1353 et
493 1309 748 1354 occurrebat
770 1308 877 1352 mihi
916 1309 1024 1352 ratio
1044 1324 1121 1367 per
1143 1323 1347 1352 numeros
1381 1317 1424 1351 et
1445 1308 1564 1351 ordi-

177 1396 278 1424 nem
292 1389 557 1439 temporum,
576 1388 618 1423 et
635 1378 821 1423 visibiles
846 1380 1141 1423 attestationes
1164 1378 1352 1423 siderum
1368 1413 1378 1432 ‚
1400 1387 1442 1421 et
1457 1379 1566 1421 con-

179 1450 375 1495 ferebam
409 1466 509 1494 cum
539 1449 663 1493 dictis
696 1450 953 1501 Manichaei,
982 1465 1081 1506 quae
1114 1448 1169 1493 de
1188 1449 1253 1492 his
1276 1448 1405 1492 rebus
1428 1448 1566 1491 multa

178 1520 346 1580 scripsit
363 1519 650 1578 copiosissime
667 1516 878 1572 delirans3
900 1525 943 1559 et
958 1532 1047 1560 non
1065 1519 1173 1559 mihi
1188 1519 1445 1560 occurrebat
1460 1519 1567 1559 ratio

178 1605 258 1634 nec
277 1589 557 1633 sosltitiorum
579 1599 623 1632 et
644 1587 1009 1646 aequinoctiorum
1023 1621 1032 1639 ‚
1060 1601 1139 1629 nec
1156 1585 1413 1629 defectuum
1435 1584 1570 1627 lumi-2

181 1659 380 1713 narium,
412 1673 491 1701 nec
523 1654 739 1716 quidquid
776 1654 861 1699 tale
882 1655 927 1697 in
949 1655 1070 1697 libris
1101 1655 1316 1698 saecularis
1347 1654 1569 1713 sapientiae

182 1729 431 1774 didiceram.
454 1728 520 1772 Ibi
538 1736 684 1771 autem
702 1725 877 1770 credere
892 1725 1080 1784 jubebar
1097 1758 1108 1778 ‚
1134 1732 1177 1766 et
1199 1724 1254 1767 ad
1275 1724 1369 1767 illas
1384 1725 1571 1768 rationes

182 1799 374 1843 numeris
390 1808 432 1843 et
449 1798 585 1843 oculis
599 1796 704 1840 meis
717 1795 959 1855 exploratas
976 1809 1066 1839 non
1082 1793 1361 1851 occurrebat3
1382 1803 1424 1838 ct
1437 1793 1570 1852 longe

187 1869 405 1914 diversum
428 1877 534 1913 erat.

235 1984 245 1997 ¹
270 1979 360 2009 Rom.
380 1988 406 2018 1,
420 1974 542 2008 21-25.
