1871 3162
607 234 981 269 soL1LoQuionuM,
1016 233 1098 258 Lus.
1136 235 1164 258 1.
1363 266 1368 271 ι
1493 224 1572 261 441

197 312 286 340 esse
307 297 548 350 veritatem,
568 305 610 338 et
631 296 750 340 aliud
767 296 886 355 quod
904 309 1055 339 verum
1078 295 1252 338 dicitur.
1280 300 1333 339 R.
1360 298 1487 349 Quod
1502 300 1580 341 ho-

197 381 294 409 rum
309 367 496 410 duorum
514 375 639 424 putas
651 381 741 409 esse
759 365 1060 424 praestantius?
1077 367 1129 407 A.
1152 364 1386 408 Veritatem
1409 367 1575 423 opinor.

196 439 292 482 Non
313 436 428 480 enim
451 445 567 479 casto
585 437 772 489 castitas,
791 435 865 478 sed
885 436 1079 479 castitate
1096 434 1145 478 fit
1164 443 1328 477 castum
1346 454 1354 479 :
1381 436 1435 478 ita
1455 437 1583 479 etiam

196 506 229 549 si
246 505 353 564 quid
372 520 524 548 verum
542 514 622 559 est,
643 505 824 548 veritate
842 504 996 564 utique
1012 518 1163 547 verum
1182 511 1258 547 est.

255 577 461 618 XXVIII.
496 577 549 617 R.
585 574 702 627 Quid
723 589 823 618 cum
852 583 993 618 castus
1020 573 1175 632 aliquis
1202 573 1402 627 moritur,
1440 589 1585 617 censes

197 645 307 689 mori
327 645 455 688 etiam
477 645 744 689 castitatem?
765 648 817 688 A.
844 643 975 689 Nullo
997 644 1145 687 modo.
1174 646 1228 686 R.
1255 646 1371 701 Ergo
1394 659 1492 686 eum
1518 645 1583 687 in·

198 716 296 758 terit
313 714 476 774 aliquid
498 714 618 773 quod
641 729 791 758 verum
811 723 891 768 est,
910 729 1000 757 non
1021 713 1170 757 interit
1191 713 1360 757 veritas.
1389 718 1440 757 A.
1466 717 1585 766 Quo-

195 783 328 828 modo
362 792 508 827 autem
542 783 690 827 interit
726 782 891 842 aliquid
929 784 1114 826 verum?
1160 784 1258 827 Non
1288 782 1404 825 enim
1439 782 1580 826 video.

197 858 251 898 R.
287 855 421 898 Miror
456 864 497 897 te
529 854 645 897 istud
674 869 896 913 quaerere:
923 869 1071 897 nonne
1105 861 1205 896 ante
1234 852 1383 896 oculos
1418 863 1585 896 nostros

196 924 332 968 millia
348 940 492 967 rerum
511 924 706 968 videmus
723 924 925 968 interire?
947 924 1036 969 Nisi
1053 923 1167 967 forte
1182 932 1307 982 putas
1324 923 1437 966 hanc
1453 924 1584 966 arbo·

196 1010 303 1049 rem,
329 1005 403 1038 aut
422 1010 511 1038 esse
529 995 745 1049 arborem,
771 994 847 1038 sed
869 1010 1015 1038 veram
1038 1010 1127 1038 non
1149 1009 1255 1048 esse,
1282 1003 1356 1037 aut
1379 1004 1494 1037 certe
1516 995 1585 1036 in-

197 1066 324 1109 terire
347 1081 435 1109 non
452 1081 589 1123 posse.
610 1066 816 1118 Quamvis
831 1066 947 1108 enim
969 1080 1058 1107 non
1080 1065 1229 1107 credas
1253 1065 1462 1117 sensibus,
1486 1080 1585 1122 pos-

196 1135 339 1194 sisque
373 1134 648 1193 respondere,
686 1136 885 1192 ignorare
908 1142 951 1177 te
973 1148 1163 1191 prorsus,
1191 1142 1340 1176 utrum
1364 1134 1490 1176 arbor
1514 1135 1583 1187 sit,

197 1214 344 1248 tamen
369 1203 479 1247 illud
499 1219 587 1247 non
609 1204 787 1261 negabis
809 1205 878 1259 (ut
900 1203 1070 1261 opinor)
1093 1218 1240 1246 veram
1259 1217 1349 1246 esse
1365 1203 1583 1254 arborem.

198 1275 231 1317 si
254 1274 381 1318 arbor
404 1282 491 1316 est:
512 1288 600 1316 non
619 1273 734 1315 enim
759 1274 840 1316 hoc
860 1288 1004 1327 sensu,
1021 1273 1095 1316 sed
1111 1272 1397 1330 intelligentia
1414 1273 1586 1331 judica-

198 1355 283 1389 tur.
314 1345 355 1389 Si
378 1344 493 1387 enim
517 1344 622 1387 falsa
646 1343 775 1387 arbor
798 1352 876 1397 est,
903 1358 992 1387 non
1013 1352 1077 1386 est
1102 1343 1230 1386 arbor
1251 1362 1260 1386 :
1285 1343 1319 1386 si
1339 1353 1485 1386 autem
1517 1359 1586 1385 ar·-

198 1415 279 1458 bor
301 1423 378 1468 est,
404 1428 503 1455 vera
526 1413 580 1455 sit
607 1427 778 1455 neeesse
799 1421 876 1456 est.
904 1416 955 1456 A.
982 1411 1188 1456 Concedo
1205 1412 1338 1457 istud.
1375 1416 1428 1455 R.
1472 1411 1589 1464 Quid

197 1483 309 1527 illud
331 1482 544 1526 alterum?
576 1484 729 1526 Nonne
753 1481 953 1525 concedis
976 1483 1058 1525 hoc
1083 1497 1218 1540 genus
1240 1497 1385 1525 rerum
1408 1497 1498 1525 esse
1516 1498 1585 1525 ar—

198 1554 366 1608 borem,
387 1552 507 1611 quod
526 1561 725 1595 nascatur
739 1561 782 1595 et
797 1552 1006 1595 intereat?
1027 1555 1080 1595 A.
1105 1554 1271 1610 Negare
1286 1568 1375 1596 non
1394 1568 1584 1610 possum.

201 1626 254 1668 R.
291 1621 576 1667 Concluditur
609 1636 709 1678 ergo
745 1620 910 1680 aliquid
939 1620 1059 1680 quod
1091 1636 1243 1665 verum
1278 1622 1330 1666 sit
1348 1657 1358 1676 ‚
1395 1622 1585 1665 interire.

200 1698 252 1739 A.
288 1696 385 1738 Non
407 1692 700 1736 contravenio.
737 1694 790 1734 R.
827 1692 943 1744 Quid
964 1691 1102 1735 illud?
1123 1694 1277 1738 Nonne
1299 1692 1379 1736 tibi
1397 1692 1586 1747 videtur,

201 1764 522 1808 intereuntibus
554 1762 683 1805 rebus
705 1761 833 1815 veris,
858 1761 1086 1804 veritatem
1109 1777 1198 1805 non
1219 1763 1410 1816 interire,
1431 1773 1478 1806 ut
1502 1779 1590 1807 non

203 1835 312 1879 mori
337 1842 454 1878 casto
476 1841 650 1876 mortuo
672 1831 941 1874 castitatem?
964 1833 1014 1873 Α.
1039 1833 1062 1874 J
1068 1846 1135 1874 am
1153 1840 1195 1874 et
1216 1831 1298 1875 hoc
1313 1833 1522 1886 concedo,
1549 1844 1591 1877 et

204 1920 465 1964 magnopere
477 1903 585 1963 quid
600 1901 804 1957 moliariS,
822 1910 1016 1960 expecto.
1037 1905 1090 1945 R.
1108 1905 1224 1960 Ergo
1235 1902 1425 1947 attende.
1441 1907 1493 1947 A.
1516 1906 1591 1948 Ist-

203 1976 275 2020 hic
292 1990 403 2019 sum.

262 2047 427 2089 XXIX.
464 2048 519 2088 R.
541 2046 726 2088 Vera-ne
740 2044 819 2088 tibi
833 2045 1005 2089 videtur
1019 2047 1098 2089 ista
1113 2046 1348 2092 sententia:
1366 2047 1589 2108 Quidquid

204 2126 284 2171 est,
307 2114 470 2159 alieubi
488 2130 577 2159 esse
596 2116 796 2172 cogitur?
818 2118 869 2158 Α.
895 2115 1012 2159 Nihil
1034 2131 1102 2159 me
1119 2115 1180 2159 sic
1202 2115 1324 2161 ducit
1341 2118 1395 2161 ad
1409 2133 1592 2162 consen-

207 2185 421 2231 tiendum.
457 2188 510 2228 R.
547 2185 711 2229 Fateris
728 2193 882 2228 autem
906 2200 995 2228 esse
1011 2186 1234 2229 veritatem
1250 2187 1328 2231 ?A.
1345 2189 1515 2231 Fateor.
1535 2191 1587 2231 R.

207 2260 325 2315 Ergo
345 2256 421 2299 ubi
434 2256 502 2310 sit,
518 2270 691 2299 neeesse
708 2264 772 2299 est
792 2270 1055 2314 quaeramus,
1080 2270 1171 2299 non
1191 2265 1254 2300 est
1276 2256 1391 2300 enim
1411 2258 1455 2300 in
1469 2256 1583 2311 1060,

206 2327 289 2371 nisi
321 2325 432 2369 forte
465 2334 540 2369 aut
572 2340 661 2368 esse
682 2325 728 2368 in
760 2324 857 2368 loco
895 2324 1062 2384 aliquid
1085 2326 1202 2369 aliud
1226 2335 1382 2384 praeter
1415 2342 1587 2386 corpus,

208 2406 283 2440 aut
305 2397 527 2439 veritatem
545 2410 701 2454 corpus
723 2409 811 2438 esse
836 2395 1069 2439 arbitraris.
1096 2399 1147 2439 Α.
1163 2396 1280 2441 Nihil
1302 2397 1458 2440 horum
1482 2407 1588 2456 puto

208 2470 261 2510 R.
280 2466 463 2509 Ubinam
494 2466 622 2523 igitur
648 2464 765 2508 illam
798 2479 887 2508 esse
912 2465 1073 2508 credis?
1090 2468 1187 2510 Non
1216 2467 1330 2510 enim
1368 2482 1582 2526 nusquam

210 2546 272 2581 est
293 2552 424 2596 quam
445 2551 533 2581 esse
554 2534 846 2581 concedimus.
884 2539 933 2580 Α.
974 2536 1015 2580 Si
1038 2536 1190 2580 scirem
1212 2536 1288 2581 ubi
1316 2546 1439 2594 esset,
1474 2537 1583 2581 nihil
