1871 3162
290 213 373 252 430
722 229 755 253 s.
791 226 1020 253 AUGUSTINl
1053 227 1231 253 Enscori

283 290 411 332 etiam
428 289 577 333 laetitia
598 290 871 346 gestiendum
909 292 1002 334 est?
1035 294 1088 333 A.
1111 292 1221 333 Vere
1253 289 1525 348 aliquantum
1543 324 1554 342 ,
1581 292 1667 334 imo

283 359 317 402 si
341 359 433 402 haec
459 359 691 417 praesertim
709 394 719 412 ,
750 369 795 403 ut
818 358 939 412 dicis,
963 370 1143 417 repente
1165 360 1460 418 provenerint,
1491 359 1669 418 quando

281 442 351 470 me
374 429 563 487 capiam,
586 427 765 488 quando
786 426 832 471 id
855 443 990 486 genus
1015 428 1163 486 gaudii
1186 428 1255 472 vel
1278 427 1548 472 dissimulare
1570 444 1669 487 per—

278 497 454 542 mittar?
477 501 531 542 R.
557 498 771 543 Omnibus
800 497 932 555 igitur
965 497 1110 541 adhuc
1145 498 1307 542 morbis
1345 498 1479 541 animi
1502 507 1544 541 et
1566 513 1668 556 per-

279 567 601 612 turbationibus
633 567 820 626 agitaris.
855 569 1070 620 Quaenam
1109 582 1212 625 ergo
1246 566 1400 611 talium
1438 567 1666 611 oculorum

275 627 548 695 impudentia
569 645 634 681 est
650 671 661 688 .‚
684 636 796 681 velle
818 635 945 680 illum
967 635 1102 681 solem
1126 635 1306 680 videre?
1327 640 1380 680 A.
1407 639 1471 680 Ita
1494 636 1669 680 conclu-

279 706 367 750 sisti
387 707 509 765 quasi
526 721 701 765 prorsus
716 722 807 751 non
827 707 1011 751 sentiam
1033 716 1250 766 quantum
1268 707 1424 750 sanitas
1449 722 1541 750 mea
1564 722 1667 765 pro-

279 777 464 820 moverit
479 811 489 830 ,
511 786 586 820 aut
608 776 716 836 quid
745 777 932 836 pestium
949 777 1193 832 recesserit,
1218 786 1522 837 quantumque
1543 779 1668 822 resti-

278 847 392 890 terit.
414 849 503 891 Fac
525 861 594 890 me
612 845 731 891 istud
751 847 1007 891 concedere.

276 1035 1589 1054 mmmmmwummmsumwuwummwmmwmwmmmwn
1596 1040 1662 1055 ΝΛΜ

835 1192 1051 1242 CAPUT
1078 1195 1140 1241 X.

470 1373 629 1417 Amor
649 1387 807 1418 rerum
829 1374 1044 1432 corporis
1068 1382 1114 1417 et
1137 1381 1464 1417 externarum.

327 1542 469 1586 XVII.
496 1544 551 1585 R.
575 1544 730 1588 Nomen
762 1542 881 1586 vides
898 1543 977 1586 hos
997 1542 1192 1600 corporis
1215 1540 1364 1585 oculos
1387 1540 1519 1584 etiam
1538 1555 1663 1585 sanos

267 1610 364 1654 luce
383 1611 483 1655 solis
505 1612 626 1655 istius
647 1626 760 1671 saepe
790 1612 1011 1671 repercuti
1026 1620 1070 1655 et
1086 1611 1246 1665 averti,
1268 1620 1399 1669 atque
1418 1611 1474 1655 ad
1495 1610 1570 1654 illa
1587 1626 1664 1655 sua

270 1680 454 1724 obscura
480 1679 750 1738 confugere?
770 1684 836 1724 Tu
859 1690 1005 1725 autem
1028 1679 1138 1740 quid
1174 1680 1441 1739 promoveris
1469 1680 1632 1738 cogitas
1649 1715 1660 1735 ,

265 1749 375 1808 quid
397 1749 499 1792 velis
521 1750 669 1793 videre
687 1763 776 1791 non
799 1750 965 1806 cogitas
986 1766 995 1792 2
1021 1757 1064 1791 et
1084 1757 1232 1792 tamen
1251 1758 1395 1792 tecum
1417 1751 1501 1793 hoc
1519 1750 1663 1808 ipsum

268 1818 497 1864 discutiam
511 1818 618 1878 quid
640 1817 871 1877 profecisse
890 1833 969 1863 nos
991 1827 1135 1877 putas.
1151 1819 1327 1864 Divitias
1345 1819 1486 1864 nullas
1508 1821 1662 1879 cupis?

263 1893 316 1934 A.
329 1891 423 1934 Hoc
436 1888 616 1948 quidem
638 1904 729 1933 non
747 1904 864 1932 nuuc
883 1889 1092 1947 primum.
1114 1891 1222 1935 Nam
1247 1905 1347 1934 cum
1368 1891 1661 1948 triginta-tres

265 1975 401 2004 annos
423 1974 569 2018 agam,
584 1959 918 2019 quatuordecim
942 1957 1032 2002 fere
1054 1959 1157 2002 anni
1179 1968 1282 2003 sunt
1304 1974 1356 2002 ex
1376 1975 1465 2018 quo
1487 1961 1565 2003 ista
1584 1975 1661 2003 cu-

263 2045 365 2089 pere
386 2029 546 2082 destiti,
562 2045 641 2074 nec
660 2029 779 2073 aliud
801 2028 1043 2088 quidquam
1067 2028 1113 2070 in
1137 2029 1218 2082 his,
1235 2029 1268 2072 si
1290 2043 1381 2088 quo
1403 2043 1504 2072 casu
1523 2030 1657 2073 offer—

263 2110 415 2145 rentur
434 2135 445 2153 ,
486 2109 644 2159 praeter
677 2099 964 2143 necessarium
983 2098 1147 2141 victum
1185 2097 1507 2157 liberalemque
1529 2115 1658 2143 usum

263 2171 462 2229 cogitavi.
486 2174 664 2214 Prorsus
691 2169 799 2213 mihi
819 2184 932 2213 unus
955 2168 1177 2213 Ciceronis
1193 2167 1307 2210 liber
1329 2166 1535 2212 facillime
1556 2184 1658 2227 per-

265 2242 424 2296 suasit,
444 2240 569 2284 nullo
587 2240 719 2284 modo
742 2238 1007 2299 appetendas
1025 2253 1114 2282 esse
1136 2237 1310 2282 divitias
1327 2274 1338 2295 ,
1356 2238 1430 2282 sed
1452 2238 1487 2282 si
1509 2255 1656 2298 prove-

267 2313 412 2356 nerint
428 2347 439 2367 ‚
474 2311 786 2370 sapientissime
824 2320 955 2371 atque
992 2309 1235 2353 cautissime
1269 2308 1651 2353 administrandas.

266 2385 320 2425 R.
342 2383 458 2435 Quid
480 2383 695 2426 honores?
716 2385 768 2425 A.
802 2384 958 2424 Fateor
980 2394 1051 2423 eos
1074 2378 1225 2433 modo,
1249 2394 1297 2422 ac
1315 2393 1426 2438 pene
1459 2379 1524 2422 his
1556 2379 1653 2423 die-

266 2451 348 2496 bus
370 2468 529 2512 cupere
550 2451 707 2496 destiti.
733 2454 787 2495 R.
813 2450 930 2504 Quid
953 2452 1092 2494 uxor?
1118 2451 1272 2494 Nonne
1305 2457 1347 2493 te
1369 2448 1559 2493 delectat
1588 2449 1651 2493 in-

265 2522 439 2567 terdum
462 2522 644 2580 pulchra
661 2555 672 2576 ,
695 2520 853 2580 pudica
867 2555 878 2575 ,
918 2520 1127 2577 morigera
1142 2553 1153 2575 ‚
1187 2519 1378 2564 litterata
1401 2553 1412 2574 ,
1444 2518 1512 2564 vel
1551 2534 1651 2577 quae
