1871 3162
241 200 323 237 208
670 210 703 235 s.
739 205 971 236 AUGUsTlNl
1003 208 1183 235 Emscom

230 289 369 334 usque
388 273 443 318 ad
466 273 666 317 Italicum
687 271 828 316 solum
852 270 1030 330 glaciale
1049 271 1169 316 nudo
1191 270 1302 331 pede
1320 269 1616 315 obterendum

230 344 404 390 insolito
426 360 548 390 ausu.
573 342 861 402 Adjunximus
893 342 1023 385 etiam
1058 342 1183 386 nobis
1205 356 1390 401 puerum
1413 339 1614 385 Adeoda-

232 423 323 458 tum
346 430 398 459 ex
419 430 488 458 me
509 422 663 458 natum
680 410 908 456 carnaliter
931 411 985 456 de
1009 421 1185 471 peccato
1206 427 1319 457 meo.
1343 414 1408 455 Tu
1423 411 1535 454 bene
1557 409 1618 454 fe-

231 499 347 529 ceras
379 499 495 528 eum.
525 487 752 528 Annorum
786 490 876 525 erat
910 481 1047 526 ferme
1084 482 1353 542 quindecim,
1379 495 1422 525 et
1442 480 1618 539 ingenio

230 556 525 615 praeveniebat
557 553 718 597 multos
752 567 900 610 graves
935 560 979 595 et
1012 551 1164 596 doctos
1183 552 1313 596 viros.
1340 555 1521 596 Munera
1543 559 1619 594 tua

230 626 310 670 tibi
347 625 574 680 confiteor,
600 623 784 668 Domine
819 625 934 666 Deus
968 636 1105 675 meus,
1134 630 1301 665 creator
1339 621 1551 675 omnium,
1578 629 1622 664 et

231 696 422 741 multum
438 705 592 755 potens
609 693 842 738 reformare
860 701 1006 737 nostra
1024 690 1253 746 deformia,
1274 706 1375 734 nam
1393 706 1473 748 ego
1487 691 1532 734 in
1545 689 1621 734 illo

232 781 368 826 puero
402 775 559 825 praeter
593 764 804 809 delictum
826 762 937 807 nihil
958 762 1192 806 habebam.
1219 759 1349 814 Quod
1371 760 1488 804 enim
1510 775 1622 804 enu-

232 837 443 881 triebatur
464 853 488 880 a
509 836 634 880 nobis
656 835 703 878 in
725 833 951 892 disciplina
975 842 1067 888 tua,
1101 842 1151 877 tu
1172 832 1457 891 inspiraveras
1478 830 1619 886 nobis,

233 906 379 950 nullus
414 906 551 950 alius:
581 920 764 949 munera
793 913 869 948 tua
893 903 972 947 tibi
994 904 1222 948 confiteor.
1251 903 1328 946 Est
1349 902 1457 945 liber
1479 911 1624 946 noster

234 972 311 1032 qui
332 970 583 1015 inscribitur
605 976 659 1014 de
680 974 885 1027 Magistro
903 993 913 1014 ι
944 974 1034 1029 ipse
1050 973 1111 1014 ibi
1129 988 1304 1016 mecum
1323 972 1534 1030 loquitur.
1559 975 1626 1015 Tu

233 1043 312 1086 scis
335 1041 449 1085 illius
471 1056 560 1085 esse
581 1056 703 1084 sensa
726 1040 872 1084 omnia
894 1056 994 1100 quae
1015 1040 1267 1084 inseruntur
1286 1041 1348 1083 ibi
1370 1056 1419 1084 ex
1443 1056 1626 1100 persona

235 1113 511 1158 collocutoris
533 1112 634 1167 mei,
663 1126 763 1155 cum
778 1120 888 1155 esset
909 1112 952 1155 in
974 1112 1096 1156 annis
1118 1112 1349 1156 sexdecim.
1375 1111 1512 1156 Multa
1536 1113 1626 1171 ejus

235 1183 317 1228 alia
336 1182 599 1228 mirabiliora
621 1191 823 1242 expertus
846 1197 957 1226 sum.
984 1183 1163 1226 Horrori
1181 1182 1287 1226 mihi
1310 1191 1402 1226 erat
1422 1181 1531 1226 illud
1554 1182 1625 1225 in-

235 1256 425 1313 genium,
460 1265 503 1299 et
535 1255 630 1314 quis
656 1263 814 1313 praeter
843 1263 885 1297 te
921 1253 1075 1298 talium
1104 1253 1414 1298 miraculorum
1445 1252 1626 1312 opifex?

235 1328 332 1372 Cito
354 1327 409 1371 de
430 1336 545 1371 terra
566 1325 782 1370 abstulisti
796 1326 930 1370 vitani
955 1327 1062 1385 ejus,
1084 1335 1127 1369 et
1148 1325 1338 1369 securior
1356 1340 1456 1368 cum
1480 1340 1625 1369 recor-

235 1396 330 1453 dor,
368 1412 457 1442 non
487 1397 643 1441 timens
672 1397 913 1456 quidquam
938 1395 1152 1455 pueritiae,
1188 1411 1268 1439 nec
1304 1394 1623 1445 adolescentiae,

236 1484 317 1512 nec
345 1468 523 1513 omnino
558 1468 726 1513 homini
759 1467 836 1511 illi.
866 1467 1132 1511 Sociavimus
1160 1482 1259 1508 eum
1280 1480 1476 1509 coaevum
1500 1465 1625 1509 nobis

236 1539 281 1583 in
305 1540 438 1598 gratia
473 1548 564 1594 tua,
589 1538 862 1582 educandum
885 1538 930 1578 in
957 1534 1185 1594 disciplina
1216 1544 1308 1590 tua,
1345 1545 1388 1579 et
1420 1536 1626 1595 baptizati

236 1625 400 1661 sumus7
434 1619 475 1649 et
513 1610 628 1663 fugit
649 1620 671 1648 a
689 1607 815 1649 nobis
847 1604 1094 1650 sollicitudo
1124 1606 1224 1649 vitae
1260 1607 1506 1665 praeteritae.
1533 1609 1621 1651 Nec

235 1678 421 1721 satiabar
438 1675 520 1719 illis
543 1675 696 1720 diebus
715 1675 946 1720 dulcedine
962 1676 1167 1732 mirabili,
1188 1677 1460 1721 considerare
1478 1676 1625 1721 altitu-

237 1747 384 1791 dinem
413 1746 580 1791 consilii
603 1747 666 1790 tui
690 1762 818 1806 super
842 1746 1024 1790 salutem
1049 1748 1214 1806 generis
1242 1748 1435 1791 humani.
1471 1750 1623 1800 Quan-

239 1827 332 1861 tum
354 1818 453 1861 flevi
475 1818 520 1861 in
537 1818 711 1874 hymnis
733 1826 775 1861 et
797 1817 974 1862 canticis
990 1818 1091 1872 tuis,
1116 1834 1246 1862 suave
1264 1819 1453 1862 sonantis
1471 1818 1624 1862 Eccle-

237 1888 308 1932 siae
333 1897 419 1932 tuae
441 1888 623 1933 vocibus
646 1897 890 1932 commotus
911 1889 1088 1932 acriter!
1117 1891 1254 1933 Voces
1270 1889 1356 1932 illac
1379 1890 1624 1933 influebant

237 1959 413 2002 auribus
446 1958 566 2013 meis,
607 1967 651 2001 et
687 1957 964 2019 eliquabatur
997 1959 1153 2003 veritas
1186 1960 1231 2003 in
1265 1975 1338 2004 cor
1376 1975 1538 2014 meum,
1581 1969 1624 2003 ct

236 2029 501 2073 exaestuabat
528 2028 630 2072 inde
659 2029 841 2073 affectus
869 2030 1055 2088 pietatis,
1081 2039 1123 2073 et
1148 2030 1380 2074 currebant
1400 2029 1619 2086 lacrymae,

238 2109 280 2144 et
292 2100 404 2144 bene
421 2100 527 2144 mihi
546 2109 636 2144 erat
650 2114 751 2144 cum
770 2101 853 2159 eis.-
