1871 3162
268 225 352 264 290
663 232 697 262 s.
731 232 961 263 Aueus'mm
994 235 1174 262 zmscon

225 439 231 447 ι
261 421 686 438 ΜΜΜΜΝΜ

789 551 1005 602 CAPUT
1040 554 1125 600 IV.

487 712 727 757 Creacara
746 709 934 756 clamat
953 719 1223 755 creatorem
1244 709 1416 754 Deam.

318 872 394 914 VI.
429 872 539 914 Ecca
554 879 656 914 sunt
669 870 831 915 coelum
851 879 895 914 et
908 879 1043 915 terra:
1063 870 1252 914 clamant
1266 868 1387 929 quod
1404 869 1517 913 tacta
1534 869 1639 912 sint:

186 936 199 946 ²
216 962 233 971 »
258 949 486 985 mutantur
507 941 624 985 enim
645 950 778 1001 atque
797 941 1035 985 variantur.
1061 940 1283 999 Quidquid
1306 949 1451 983 autem
1477 937 1643 983 factum

258 1025 349 1055 non
370 1020 449 1064 est,
475 1019 519 1054 et
534 1020 682 1055 tamen
703 1021 782 1066 est,
802 1026 893 1055 non
915 1020 978 1054 est
999 1012 1043 1054 in
1065 1025 1117 1054 eo
1139 1009 1382 1070 quidquam
1402 1009 1523 1069 quod
1543 1018 1643 1053 ante

256 1096 347 1126 non
377 1092 485 1136 erat,
519 1081 641 1141 quod
673 1093 736 1126 est
763 1082 922 1126 mutari
943 1090 1075 1140 atque
1096 1081 1264 1125 variari.
1291 1080 1492 1125 Clamant
1512 1079 1644 1123 'etiam

252 1151 375 1212 quod
392 1167 435 1196 se
450 1152 542 1211 ipsa
560 1168 649 1197 non
666 1152 874 1198 fecerint:
900 1151 1006 1196 Ideo
1023 1167 1189 1207 sumus,
1209 1152 1311 1212 quia
1333 1150 1447 1196 facta
1463 1166 1613 1195 sumus
1631 1168 1640 1195 :

255 1237 346 1266 non
377 1237 480 1282 ergo
501 1238 672 1267 eramus
694 1232 929 1283 antequam
962 1237 1167 1277 essemus,
1190 1231 1240 1266 ut
1263 1222 1357 1265 fieri
1378 1235 1599 1281 possemus
1620 1236 1644 1264 a

253 1293 395 1338 nobis.
421 1295 478 1337 Et
500 1309 585 1338 vox
605 1293 844 1339 dicentium
868 1303 932 1338 est
949 1295 1040 1353 ipsa
1062 1293 1294 1338 evidentia.
1323 1295 1387 1336 Tu
1404 1307 1506 1350 ergo
1524 1327 1534 1347 ‚
1556 1295 1646 1336 Do—

253 1364 386 1413 mine,
415 1361 553 1407 fecisti
574 1378 623 1408 ea
643 1365 717 1423 qui
733 1365 915 1423 pulcher
946 1379 1006 1418 es,
1042 1362 1226 1422 pulchra
1255 1372 1358 1407 sunt
1383 1363 1530 1418 enim3
1567 1362 1644 1421 qui

254 1432 395 1477 bonus
411 1448 471 1487 es,
492 1436 608 1478 bona
624 1443 727 1478 sunt
744 1435 887 1491 enimt,
909 1434 985 1494 qui
1002 1449 1061 1488 es,
1087 1442 1190 1477 sunt
1205 1433 1338 1476 enim.
1360 1435 1448 1477 Nec
1464 1432 1523 1475 ita
1538 1431 1643 1490 pul-

251 1504 355 1548 chra
375 1513 494 1559 sunt,
516 1520 597 1548 nec
618 1506 676 1548 ita
698 1505 812 1549 bona
834 1514 951 1560 sunt,
973 1520 1053 1548 nec
1071 1505 1129 1548 ita
1147 1513 1264 1558 sunt,
1280 1504 1391 1547 sicut
1406 1513 1468 1556 tu,
1484 1502 1640 1547 condi-

250 1583 318 1618 tor
338 1589 520 1632 eorum3
544 1576 615 1620 cui
639 1585 905 1635 comparata,
942 1590 1023 1620 nec
1057 1575 1241 1634 pulchra
1275 1583 1394 1628 suut,
1421 1589 1502 1618 nec
1525 1574 1636 1618 bona

248 1654 366 1700 sunt,
386 1660 469 1690 nec
485 1655 601 1690 sunt.
627 1646 794 1691 Scimus
808 1648 918 1702 haec,
940 1647 1097 1705 gratias
1114 1646 1208 1690 tibi.
1228 1648 1283 1690 Et
1300 1645 1480 1690 scientia
1498 1652 1643 1689 nostra

251 1716 443 1761 scientia-⁴:
462 1725 551 1761 tuae
566 1727 832 1777 comparata,
852 1717 1094 1776 ignorantia
1114 1725 1193 1761 est.
