1871 3162
294 201 342 240 47
351 203 375 239 6
716 214 747 239 s.
785 213 1012 241 Auens-nm
1047 214 1226 242 muscum

290 278 404 321 enim
451 292 551 320 eum
600 278 823 322 mortalem
871 279 1014 322 dicere
1053 294 1278 337 possumus
1303 313 1314 333 ,
1361 277 1586 338 disciplina
1627 288 1671 322 et

289 349 443 391 veritas
467 363 556 391 esse
573 347 900 406 intelligantur?
923 352 974 392 R.
1002 348 1134 392 Aliud
1156 350 1234 393 ista
1258 350 1440 409 quaestio
1462 349 1668 393 volumen

289 417 519 473 desiderat,
542 420 575 462 si
597 434 689 462 eam
713 419 774 461 vis
799 418 970 462 tractari
987 419 1218 478 diligenter
1238 439 1245 464 :
1271 420 1398 463 simul
1415 429 1457 463 et
1474 419 1546 462 illa
1570 435 1669 479 quae

288 500 337 533 ut
356 490 574 549 potuimus
597 491 851 548 investigata
875 499 993 544 sunt,
1016 492 1277 535 recensenda
1296 491 1373 535 tibi
1394 506 1483 535 esse
1510 491 1638 534 video
1658 509 1665 534 :

287 560 389 621 quia
412 561 445 604 si
468 560 578 603 nihil
596 575 747 604 eorum
770 575 869 619 quae
887 575 1088 604 concessa
1105 570 1221 615 sunt,
1248 561 1432 605 dubium
1450 569 1529 615 est,
1555 559 1669 604 mul-

287 640 381 676 tum
404 647 482 676 nos
503 631 639 690 egisse
661 631 863 687 arbitror,
888 647 968 676 nec
990 647 1091 676 cum
1114 647 1246 691 parva
1267 631 1496 677 securitate
1515 640 1670 676 caetera

286 717 497 762 quaerere.

286 879 497 897 41νὶἱωὶὣὼἱὶ
502 880 567 896 ww
571 880 709 896 Νῑνὶννννὶ
716 880 851 896 ᾺιἎννΙΑῚ
857 880 922 895 νΙΙἏ
929 880 1064 896 ἋΜΜνἋ
1069 880 1135 896 mx
1140 881 1206 896 ι’νῑῑ
1210 881 1277 897 xvv&
1282 881 1417 897 §slav-Ml!
1423 882 1488 897 ῑνὶἱ
1493 882 1559 897 tm
1567 882 1630 897 ῑνὶιὶ
1636 882 1664 897 Ἃ

788 999 1010 1061 ’νἈΡυΤ
1057 1016 1142 1061 xx

797 1049 804 1055 ³
813 1049 828 1061 Α
837 1042 850 1059 J
948 1060 951 1061 a
1053 1044 1067 1061 A
1104 1059 1115 1062 ,
1154 1053 1159 1059 a

292 1169 533 1233 Quaedam
584 1187 699 1215 vera
742 1168 1012 1225 eredimus,
1067 1168 1291 1228 quaedam
1337 1168 1670 1225 recordamur,

345 1240 573 1300 quoeclccm
595 1258 682 1286 nec
715 1258 880 1297 sensa,
923 1258 1011 1286 nec
1045 1240 1337 1301 phantasia,
1378 1241 1467 1287 secl
1486 1252 1675 1287 ιαηῐιιιη

346 1315 532 1358 ratione
555 1311 991 1372 deprehenduntur.

346 1473 548 1515 XXXIV.
575 1475 625 1515 A.
662 1474 736 1516 ITA
759 1481 821 1515 est
856 1480 905 1515 ut
939 1472 1065 1525 dicis,
1097 1480 1141 1515 et
1162 1471 1417 1529 obtempero
1447 1471 1672 1529 praeceptis

285 1541 368 1585 tuis
388 1540 543 1585 libens.
572 1540 657 1586 Sed
684 1540 794 1584 illud
812 1540 964 1585 saltem
982 1542 1208 1600 impetrem
1226 1575 1237 1595 ‚
1265 1550 1499 1600 antequam
1522 1541 1672 1584 termi-

284 1627 390 1655 num
415 1611 627 1655 volumini
656 1620 818 1655 statuas
834 1647 847 1665 ,
872 1620 922 1655 ut
943 1612 1049 1670 quid
1068 1612 1236 1655 intersit
1258 1611 1372 1655 inter
1388 1626 1532 1654 veram
1557 1612 1670 1669 figu—

284 1697 393 1737 ram,
415 1697 514 1741 quae
528 1680 816 1739 intelligentia
833 1682 1098 1735 continetur,
1120 1690 1163 1723 et
1185 1696 1278 1724 eam
1297 1696 1427 1740 quam
1447 1681 1529 1724 sibi
1550 1681 1673 1738 fingit

284 1752 489 1811 cogitatio
505 1785 515 1803 ,
538 1766 637 1810 quae
660 1765 796 1808 graece
818 1752 907 1794 sive
930 1751 1155 1808 phantasia
1173 1751 1260 1794 sive
1283 1751 1539 1809 phantasma
1562 1750 1669 1794 dioi-

283 1831 370 1878 tur,
404 1822 591 1865 breviter
625 1836 830 1879 exponas.
869 1824 921 1864 R.
962 1823 1055 1865 Hoc
1085 1821 1241 1880 quaeris
1271 1820 1390 1880 quod
1423 1820 1570 1864 videre
1592 1822 1671 1865 nisi

284 1892 593 1937 mundissimus
614 1907 704 1936 non
732 1900 898 1950 potest,
925 1900 968 1934 et
985 1891 1040 1934 ad
1059 1892 1181 1951 cujus
1205 1891 1265 1933 rei
1285 1891 1495 1934 visionem
1517 1906 1668 1949 parum

283 1981 326 2009 es
343 1965 601 2008 exercitatus
623 1983 631 2007 :
652 1979 796 2022 neque
813 1978 930 2006 nunc
954 1977 1029 2021 per
1053 1963 1155 2006 istos
1173 1962 1379 2006 circuitus
1405 1961 1523 2006 aliud
1538 1978 1667 2022 quam

282 2035 636 2079 exercitationem
665 2043 785 2077 tuam
804 2068 814 2088 a
845 2043 893 2076 ut
922 2032 1033 2076 illud
1061 2032 1209 2076 videre
1237 2033 1291 2076 sis
1314 2032 1496 2076 idoneus
1519 2048 1671 2091 opera-

284 2121 382 2149 mur
408 2121 415 2145 :
446 2114 589 2148 tamen
612 2104 816 2147 interesse
840 2102 1076 2161 plurimum
1098 2102 1322 2160 quomodo
1347 2103 1477 2160 possit
1495 2102 1666 2157 doceri,

284 2174 463 2220 fortasse
486 2175 673 2218 breviter
697 2173 875 2233 planum
901 2172 1028 2216 facio.
1062 2176 1147 2216 Fac
1171 2172 1287 2215 enim
1316 2182 1357 2216 te
1389 2172 1554 2232 aliquid
1579 2188 1667 2217 esse

284 2247 499 2302 oblitum,
535 2245 728 2304 aliosque
749 2254 790 2288 te
824 2244 933 2288 velle
959 2244 1081 2304 quasi
1103 2244 1148 2287 in
1171 2244 1420 2287 memoriam
1452 2254 1665 2288 revocare.

283 2319 445 2363 Dicunt
466 2332 566 2375 ergo
588 2316 652 2360 illi
674 2336 682 2360 ι
708 2315 1035 2375 Numquidnam
1057 2316 1140 2360 hoc
1156 2308 1235 2370 est,
1252 2324 1326 2359 aut
1341 2314 1480 2358 illud?
1499 2316 1669 2360 Diversa

283 2389 403 2432 velut
424 2386 578 2431 similia
606 2385 874 2446 proferentes
900 2401 908 2426 :
948 2388 1011 2429 Tu
1041 2401 1144 2428 vero
1174 2400 1252 2429 nec
1275 2383 1387 2428 illud
1409 2384 1527 2429 vides
1547 2384 1669 2444 quod

284 2452 502 2502 recordari
520 2457 658 2516 cupis,
680 2465 722 2500 et
739 2465 885 2500 tamen
903 2455 1021 2499 vides
1039 2471 1128 2499 non
1144 2456 1226 2499 hoc
1244 2469 1332 2498 esse
1352 2454 1472 2515 quod
1490 2454 1663 2501 dicitur.

284 2527 611 2588 Numquidnam
636 2527 712 2571 tibi
751 2542 848 2571 cum
884 2527 967 2571 hoc
999 2525 1170 2580 evcnit,
1202 2525 1318 2570 omni
1342 2524 1474 2569 modo
1495 2523 1667 2569 videtur
