1871 3162
241 223 323 261 350
687 233 719 262 s.
757 233 984 262 Aucus‘mm
1017 235 1195 262 EPISCOPI

238 407 1616 426 mummmmmwfflwmmmwmmmmmimmfflwmm

707 541 920 591 CAPUT
957 544 1122 590 XXIV

957 573 971 589 ,ί
1006 585 1017 589 -
1131 579 1139 588 ο

235 694 321 739 Ex·
341 694 498 740 maltis
530 698 653 740 veris
686 711 782 741 non
817 694 957 741 debet
997 695 1201 749 fidenter
1232 694 1388 740 asseri
1420 694 1508 741 lzoc
1532 704 1617 739 αιιι

632 765 753 810 illud
769 768 972 812 sensisse
993 767 1217 827 Moysen.

292 924 503 967 XXXIII.
533 925 618 968 SED
640 923 736 983 quis
765 933 961 968 nostrum
995 925 1055 968 sic
1084 925 1251 968 invenit
1282 940 1376 968 03111
1397 926 1509 968 inter
1531 934 1619 968 tam

233 994 371 1038 multa
395 1010 492 1038 vera
509 1029 519 1049 ,
537 994 695 1054 quaein
719 994 802 1038 illis
824 995 964 1038 verbis
982 994 1105 1039 aliter
1120 1004 1251 1055 atque
1273 994 1398 1038 aliter
1422 994 1621 1038 intellec-

234 1065 287 1108 tis
309 1075 546 1108 occurrunt
571 1066 889 1124 quaerentibus,
907 1075 956 1109 ut
977 1075 1067 1109 tam
1084 1065 1268 1109 fidenter
1291 1066 1407 1109 dicat
1423 1066 1507 1109 1100
1528 1080 1621 1109 sen-

234 1135 335 1178 sisse
350 1138 531 1192 Moysen
549 1170 560 1189 ,
596 1144 726 1195 atque
744 1136 826 1179 hoc
848 1136 894 1179 in
920 1134 993 1179 illa
1015 1136 1263 1180 narratione
1283 1135 1467 1179 voluisse
1489 1135 1620 1179 intel-

232 1204 330 1264 ligi,
364 1221 495 1266 quam
525 1205 711 1250 fidenter
741 1206 846 1250 dicit
880 1207 963 1251 hoc
995 1222 1147 1250 verum
1178 1222 1290 1260 esse,
1333 1207 1421 1250 sive
1442 1205 1515 1249 ille
1538 1206 1622 1249 1100

233 1277 432 1330 senserit,
468 1277 555 1320 sive
578 1275 727 1320 aliud?
756 1280 868 1321 Ecce
896 1277 1032 1331 enim,
1060 1279 1176 1321 Deus
1198 1292 1344 1330 meus,
1371 1291 1452 1335 ego
1473 1290 1623 1319 servus

233 1355 336 1390 tuus
355 1348 428 1406 qui
454 1347 551 1390 vovi
570 1346 650 1390 tibi
666 1346 921 1391 sacrificium
941 1345 1222 1390 confessionis
1237 1348 1282 1390 in
1300 1347 1364 1390 his
1379 1345 1552 1400 litteris,
1578 1354 1621 1388 et

234 1432 310 1461 oro
329 1426 378 1460 ut
399 1432 450 1460 ex
468 1416 760 1460 misericordia
777 1426 850 1460 tua
869 1416 1047 1460 reddam
1066 1417 1146 1460 tibi
1167 1426 1266 1461 vota
1286 1432 1404 1474 mea3
1420 1433 1519 1461 ecce
1542 1433 1621 1475 ego

233 1503 364 1547 quam
387 1487 573 1531 fidenter
596 1487 694 1531 dico
709 1489 753 1531 in
776 1497 852 1531 tuo
877 1488 1022 1531 Verbo
1043 1487 1390 1532 incommutabili
1411 1489 1555 1532 omnia
1578 1497 1621 1532 te

234 1558 384 1602 fecisse
401 1593 413 1612 ,
440 1557 668 1603 invisibilia
691 1567 734 1601 et
751 1557 949 1610 visibilia,
976 1558 1192 1617 numquid
1218 1557 1502 1602 tamiidenter
1525 1559 1623 1603 dico

235 1645 322 1674 non
355 1630 475 1672 aliud
507 1644 639 1688 quam
660 1630 742 1673 hoc
773 1630 1004 1672 attendisse
1032 1632 1215 1686 Moysen
1244 1644 1341 1672 cum
1373 1629 1580 1673 scriberet
1610 1650 1619 1675 ;

239 1718 259 1742 «
296 1703 347 1744 In
376 1700 590 1759 principio
613 1699 717 1742 fecit
746 1703 858 1743 Deus
890 1699 1053 1743 coelum
1076 1709 1118 1743 et
1140 1701 1334 1743 terram?
1353 1717 1372 1740 ))
1399 1700 1511 1753 Quia
1534 1716 1623 1745 non

236 1771 348 1814 sicut
377 1770 422 1813 in
445 1779 519 1813 tua
542 1770 723 1813 veritate
744 1770 827 1814 hoc
848 1779 1014 1813 certum
1038 1769 1187 1823 video,
1212 1771 1270 1814 ita
1292 1770 1339 1814 111
1359 1771 1450 1830 ejus
1477 1781 1622 1815 mente

235 1840 360 1884 video
382 1839 426 1883 id
444 1855 545 1882 euin
560 1839 768 1898 cogitasse
786 1855 886 1883 cum
902 1840 996 1883 haec
1013 1840 1234 1883 scriberet.
1254 1841 1402 1884 Potuit
1420 1841 1534 1884 enim
1554 1857 1623 1885 co-

236 1911 369 1969 gitare
390 1910 436 1954 in
460 1910 553 1970 ipso
585 1909 773 1954 faciendi
796 1910 971 1954 exordio
988 1945 998 1965 ,
1023 1926 1124 1954 00111
1147 1910 1307 1955 diceret
1335 1930 1343 1955 :
1374 1930 1393 1953 ε(
1423 1915 1473 1955 111
1502 1912 1623 1970 prin-

238 2000 259 2023 »
295 1982 438 2040 cipio:
466 2000 484 2022 »
508 1981 650 2040 potuit
672 1990 715 2023 et
743 1980 906 2024 coelum
942 1990 985 2024 et
1007 1990 1164 2023 terram
1199 1981 1282 2025 hoc
1310 1980 1430 2035 loco,
1456 1981 1621 2025 nullam

232 2053 319 2111 jam
343 2052 572 2095 formatam
596 2050 919 2109 perfectamque
942 2059 1141 2093 naturam
1164 2051 1252 2094 sive
1275 2051 1513 2108 spiritalem
1535 2052 1622 2095 sive

237 2121 530 2180 corporalem,
551 2121 625 2164 sed
645 2130 878 2179 utramque
900 2119 1148 2163 inchoatam
1167 2130 1210 2163 ct
1228 2121 1372 2164 adhuc
1389 2120 1622 2165 informem

239 2191 348 2237 velle
371 2191 569 2249 intelligi.
597 2190 735 2234 Video
754 2190 917 2249 quippe
940 2206 1038 2233 vere
1054 2190 1243 2249 potuisse
1265 2190 1372 2244 dici,
1406 2191 1623 2251 quidquid

238 2263 397 2307 horum
422 2261 637 2304 diceretur
656 2280 667 2316 3
692 2259 769 2302 sed
790 2259 896 2318 quid
919 2260 1074 2302 horum
1089 2260 1135 2303 in
1158 2260 1223 2303 his
1245 2260 1388 2303 verbis
1409 2260 1482 2304 ille
1501 2262 1622 2319 cogi»

238 2334 393 2376 taverit
408 2366 419 2386 ,
444 2346 532 2375 uon
550 2331 608 2374 ita
627 2330 754 2374 video
783 2349 790 2373 :
818 2330 1014 2388 quamvis
1033 2331 1121 2374 sive
1139 2329 1303 2390 aliquid
1326 2332 1483 2375 horum
1499 2367 1509 2386 ,
1535 2332 1622 2375 sive

240 2402 404 2462 aliquid
429 2401 545 2445 aliud
568 2401 688 2460 quod
710 2416 733 2443 3
757 2416 824 2444 me
841 2410 1229 2445 commemoratum
1254 2416 1341 2445 non
1361 2411 1423 2446 est
1440 2436 1450 2454 ,
1476 2411 1622 2446 tantus

240 2474 306 2518 vir
335 2472 409 2516 ille
447 2481 590 2516 mente
618 2472 915 2531 conspexerit,
954 2486 1054 2516 cum
1086 2472 1179 2515 haec
1212 2473 1344 2516 verba
1375 2482 1618 2531 promeret,

239 2558 392 2590 verum
415 2558 513 2587 eum
538 2543 692 2588 vidisse
715 2551 900 2601 apteque
920 2541 966 2585 id
987 2542 1233 2587 enuntiasse
1254 2558 1343 2587 non
1364 2542 1580 2587 dubitem.
