1871 3162
595 219 671 246 com
679 218 938 254 Fssssiomm,
974 218 1056 244 Lm.
1092 218 1157 244 Χῖ.
1466 206 1550 246 315

167 390 716 410 WMMWWQMNMMWWMMWW
719 389 1194 406 mmm-mmmmm
1197 389 1337 407 mm
1340 390 1550 407 WWUANWU

627 511 842 569 CAPUT
878 521 1058 570 XXVI.

502 675 755 739 Quomodo
777 685 960 736 tempus
986 677 1221 721 metimur.

221 839 436 885 XXXIII.
457 840 611 886 Nonus
635 838 714 884 tibi
740 839 973 884 confitetur
998 839 1140 884 anima
1161 852 1258 883 mea
1284 836 1551 883 confessione

165 908 356 956 veridica
378 910 520 954 metiri
544 924 614 954 me
634 912 862 969 tempora?
886 913 1050 964 Ita-ne,
1074 911 1187 954 Deus
1203 923 1342 964 meus⁷
1366 908 1522 953 metior
1538 944 1549 965 ,

168 990 213 1025 et
234 979 344 1040 quid
364 981 518 1024 metiar
549 980 719 1024 nescio?
740 980 897 1025 Metior
913 989 1081 1024 motum
1104 980 1295 1038 corporis
1325 988 1520 1038 tempore
1537 1000 1548 1037 3

163 1052 271 1096 item
291 1051 435 1110 ipsum
457 1059 627 1110 tempus
649 1066 738 1095 non
751 1051 938 1096 metior?
953 1053 1022 1095 An
1044 1064 1147 1095 vero
1165 1051 1356 1109 corporis
1377 1058 1548 1094 motum

161 1122 336 1165 metirer
358 1120 555 1180 quandiu
574 1121 649 1176 sit,
674 1130 717 1165 et
738 1120 934 1180 quandiu
956 1122 1058 1165 hinc
1079 1120 1183 1165 illuc
1200 1120 1439 1179 perveniat,
1466 1121 1548 1165 nisi

160 1200 332 1250 tempus
346 1190 392 1234 in
410 1206 499 1250 quo
516 1199 715 1235 movetur
731 1192 934 1235 metirer?
956 1194 1102 1250 Ipsum
1123 1206 1225 1249 ergo
1242 1199 1414 1250 tempus
1427 1190 1545 1234 unde

160 1261 346 1305 metior?
367 1263 437 1305 An
449 1269 644 1320 tempore
658 1260 857 1305 breviore
873 1262 1078 1306 metimur
1093 1261 1265 1319 longius
1278 1295 1290 1315 ‚
1315 1261 1426 1305 sicut
1446 1276 1544 1320 spa-

159 1330 220 1375 tio
241 1329 379 1374 cubiti
400 1330 588 1389 spatium
606 1331 810 1375 transtri?
834 1331 903 1376 Sic
926 1331 1041 1374 enim
1055 1330 1257 1375 videmur
1279 1331 1417 1390 spatio
1441 1331 1542 1374 bre-

158 1402 221 1446 vis
242 1400 421 1458 syllabae
443 1401 583 1444 metiri
615 1402 802 1460 spatium
823 1402 966 1461 longae
988 1401 1191 1459 syllabae,
1230 1411 1361 1462 atque
1386 1402 1431 1446 id
1454 1401 1541 1446 du-

157 1472 280 1531 plum
293 1472 450 1516 dicere.
460 1474 525 1515 Ita
535 1472 739 1516 metimur
751 1473 888 1532 spatia
902 1474 1145 1517 carminum
1159 1473 1303 1532 spatiis
1315 1488 1538 1528 versuum,

159 1552 201 1586 et
214 1541 350 1601 spatia
365 1556 568 1586 versuum
598 1542 744 1600 spatiis
766 1542 928 1600 pedum
947 1576 959 1596 ‚
984 1552 1027 1586 et
1048 1543 1184 1600 spatia
1208 1543 1369 1601 pedum
1396 1543 1542 1601 spatiis

157 1611 425 1669 syllabarum
441 1645 452 1665 ‚
478 1619 521 1654 et
545 1611 680 1670 spatia
701 1611 932 1670 longarum
953 1612 1097 1670 spatiis
1127 1611 1325 1657 brevium
1341 1647 1352 1667 ‚
1384 1627 1473 1656 non
1494 1613 1540 1657 in

156 1684 345 1743 pagini53
368 1685 498 1740 (nam
532 1698 583 1728 eo
615 1684 748 1728 modo
781 1683 877 1728 loca
900 1684 1128 1738 metimur,
1158 1699 1250 1728 non
1280 1687 1541 1743 tempora‚)

133 1753 231 1815 ,sed
249 1768 350 1797 cum
371 1768 496 1798 voces
512 1753 837 1812 pronuntiando
859 1763 1105 1809 transeunt,
1131 1762 1175 1798 et
1187 1753 1371 1798 dicimus
1397 1757 1539 1799 :Lon-

157 1838 261 1882 gum
278 1838 454 1867 carmen
470 1832 554 1879 est,
580 1838 681 1866 nam
700 1832 765 1868 tot
780 1823 976 1868 versibus
997 1824 1241 1868 contexitur
1263 1843 1272 1869 :
1291 1825 1427 1882 Longi
1439 1840 1538 1870 ver-

156 1910 249 1949 sus,
280 1910 384 1939 nam
411 1903 477 1939 tot
496 1895 682 1954 pedibus
704 1903 905 1940 constant
935 1914 944 1940 ε
969 1896 1110 1955 Longi
1137 1896 1268 1955 pedes
1285 1931 1296 1951 ‚
1332 1911 1434 1940 nam
1474 1905 1539 1941 tot

154 1965 331 2023 syllabis
364 1966 608 2010 tenduntur
635 1984 645 2011 ε
672 1968 822 2025 Longa
844 1965 1011 2024 syllaba
1028 2001 1040 2021 ‚
1063 1962 1174 2010 nam
1210 1965 1344 2026 dupla
1383 1976 1447 2011 est
1481 1969 1538 2011 ad

154 2037 347 2081 brevem.
385 2036 469 2081 Sed
495 2052 639 2096 neque
680 2037 740 2081 ita
774 2037 1159 2096 comprehenditur
1190 2046 1306 2082 certa
1335 2052 1537 2082 mensura

153 2107 384 2166 temporis,
415 2105 773 2166 quandoquidem
799 2107 891 2151 fieri
919 2116 1060 2166 potest
1085 2116 1136 2151 ut
1169 2107 1368 2167 ampliori
1394 2109 1534 2168 spatio

152 2177 358 2237 temporis
378 2186 580 2236 personet
603 2192 746 2222 versus
767 2178 940 2224 brevior
953 2179 986 2223 si
1000 2178 1256 2238 productius
1277 2180 1534 2239 pronuntie—

151 2257 248 2303 tur,
272 2263 402 2308 quam
421 2247 592 2307 longior
614 2248 648 2291 si
669 2248 925 2307 correptius.
952 2251 1018 2293 Ita
1040 2264 1214 2293 carmen
1232 2285 1243 2305 ,
1268 2250 1326 2295 ita
1350 2265 1423 2310 pes
1440 2285 1451 2306 ,
1475 2251 1534 2295 ita

151 2318 333 2375 syllaba,
368 2319 476 2362 Inde
504 2318 610 2362 mihi
643 2318 784 2363 visum
819 2328 882 2363 est
896 2354 906 2374 ‚
941 2318 1050 2363 nihil
1084 2335 1173 2364 esse
1212 2319 1330 2364 aliud
1364 2330 1535 2380 tempus

152 2405 283 2449 quam
317 2389 649 2447 distentionem3
679 2389 756 2434 sed
790 2391 914 2449 cujus
937 2391 996 2434 rei
1031 2390 1202 2447 nesoio3
1234 2400 1277 2434 et
1311 2392 1469 2436 mirum
1499 2394 1534 2437 si

151 2476 240 2505 non
258 2461 389 2519 ipsius
411 2460 557 2504 animi.
579 2460 696 2513 Quid
717 2461 833 2504 enim
850 2461 1021 2516 metior,
1042 2462 1238 2517 obsecro,
1255 2465 1368 2506 Deus
1391 2479 1529 2519 meus,

154 2540 196 2575 et
217 2530 316 2574 dico
329 2540 402 2574 aut
414 2527 640 2575 indefinite
659 2550 667 2575 ;
685 2532 874 2590 Longius
890 2540 953 2576 est
966 2532 1048 2576 hoc
1068 2541 1237 2591 tempus
1251 2549 1383 2592 quam
1397 2533 1506 2579 illud
1519 2557 1528 2592 3
