1871 3162
300 212 381 245 500
734 217 765 245 s.
806 219 1032 245 aucus‘nm
1066 218 1243 244 EPISCOPI

299 390 1677 410 ΜἊΜΛΝἋΜΜΜΝἏἹΑΝΜἋΜΜΝΝᾺΝΛΜΜΜΜΙἏΜΜΜΜἈἊῚἏΛΊἱνὶΛΛωὶνι

842 522 862 536 ἡ
884 523 893 536 ,ι
984 523 1016 533 ’κν
1032 523 1043 537 Ἰ

828 526 840 564 ί
855 535 903 568 ,Α
915 523 993 569 Ph
1012 523 1034 568 Ι
1092 524 1152 569 Χ.

296 681 413 725 Jam
442 678 504 723 de
530 678 781 723 hilaritate
811 676 1165 738 comparanda.
1191 705 1247 711 —
1279 678 1453 721 Causae
1489 693 1577 721 sex·
1599 685 1682 721 tce-

355 750 487 795 dium
505 749 768 812 afferentes
784 750 1181 795 cateelzizantz'.—-
1202 748 1484 796 Remedium
1510 757 1682 794 contra

353 822 568 880 primam
588 835 789 864 causam
814 817 958 864 taedii.

354 981 474 1023 XIV.
499 980 579 1023 H1c
596 987 646 1021 tu
655 979 836 1022 fortasse
845 978 1090 1037 exemplum
1105 978 1282 1037 aliquod
1295 979 1502 1022 sermonis
1514 977 1684 1022 deside-

294 1066 359 1094 ras
375 1085 385 1104 ,
411 1059 460 1093 ut
483 1049 574 1108 ipso
599 1048 678 1092 tibi
709 1063 839 1107 opere
862 1047 1110 1103 ostendam,
1137 1047 1358 1107 quomodo
1388 1046 1584 1091 facienda
1599 1047 1685 1092 sint

293 1121 372 1164 ista
402 1135 501 1179 quae
520 1119 686 1163 monui.
711 1117 839 1171 Quod
862 1118 1039 1178 quidem
1064 1118 1238 1172 taciani,
1264 1127 1477 1178 quantum
1500 1119 1685 1163 Domino

296 1192 532 1251 adjuvante
566 1200 749 1249 potuero
789 1189 898 1234 :sed
926 1191 1044 1249 prius
1075 1190 1129 1233 de
1156 1189 1230 1233 illa
1265 1189 1481 1233 hilaritate
1516 1204 1686 1248 compa-

295 1262 430 1308 randa
452 1297 462 1317 ‚
489 1261 608 1321 quod
639 1261 858 1320 pollicitus
886 1277 980 1304 sum
996 1297 1006 1315 ⁷
1039 1261 1182 1304 dicere
1200 1259 1355 1304 debeo.
1382 1262 1478 1304 Jam
1496 1260 1610 1303 enim
1632 1259 1686 1304 de

295 1333 396 1391 ipsis
438 1333 665 1391 praeceptis
708 1331 951 1391 explicandi
994 1332 1202 1375 sermonis
1227 1367 1238 1386 ⁷
1289 1332 1334 1374 in
1379 1331 1686 1375 catechizando

295 1418 346 1446 eo
378 1403 455 1462 qui
482 1404 541 1447 sic
568 1402 687 1447 venit
716 1412 766 1445 ut
790 1402 1060 1446 Christianus
1076 1402 1167 1455 fiat,
1184 1410 1399 1460 quantum
1428 1401 1528 1444 satis
1548 1400 1687 1444 visum

298 1483 386 1528 est,
417 1474 538 1534 quod
567 1473 847 1533 promiseram
871 1472 1028 1516 exolvi.
1056 1472 1306 1515 Indebitum
1330 1471 1493 1531 quippe
1522 1480 1613 1525 est,
1639 1480 1689 1514 ut

298 1545 429 1588 etiam
448 1546 538 1603 ipse
562 1543 715 1587 faciam
745 1544 791 1586 in
822 1544 905 1587 hoc
937 1542 1182 1596 volumine,
1217 1541 1337 1601 quod
1366 1542 1458 1584 fieri
1488 1550 1689 1600 oportere

298 1615 519 1673 praecipio.
548 1614 591 1657 Si
609 1628 710 1670 ergo
736 1612 880 1656 fecero
899 1647 909 1667 ‚
934 1613 990 1655 ad
1009 1611 1237 1655 cumulum
1261 1610 1425 1655 valebit
1451 1630 1459 1655 :
1486 1611 1687 1656 cumulus

299 1694 444 1727 autem
486 1698 574 1743 quo
609 1692 737 1741 pacto
788 1698 810 1726 a
847 1697 916 1724 me
947 1680 1205 1740 superfundi
1247 1690 1416 1740 potest,
1452 1690 1688 1742 antequam

301 1768 547 1797 mensuram
573 1753 711 1796 debiti
727 1750 979 1811 explevero?
1002 1754 1154 1811 Neque
1175 1751 1291 1794 enim
1318 1760 1360 1795 te
1377 1751 1562 1796 maxime
1583 1767 1689 1796 con-

301 1825 426 1884 queri
446 1823 619 1877 audivi,
646 1823 725 1866 nisi
755 1821 876 1881 quod
904 1822 983 1865 tibi
1001 1837 1142 1865 sermo
1164 1830 1264 1865 tuus
1291 1822 1384 1866 vilis
1407 1822 1689 1882 abjectusque

301 1894 544 1947 videretur,
568 1908 669 1937 cum
687 1892 876 1952 aliquem
894 1892 1127 1935 christiano
1145 1892 1321 1935 nomine
1342 1892 1573 1937 imbueres.
1597 1895 1689 1937 Hoc

304 1975 447 2009 autem
469 1966 578 2019 scio,
600 1979 689 2007 non
713 1973 801 2007 tam
819 1978 963 2006 rerum
982 1979 1081 2022 quae
1098 1961 1295 2007 dicendae
1320 1972 1446 2018 sunt,
1466 1963 1624 2022 quibus
1645 1972 1689 2008 te

301 2036 402 2080 satis
425 2036 525 2079 novi
548 2044 744 2094 paratum
761 2043 803 2078 et
833 2035 1117 2088 instructum,
1149 2049 1291 2093 neque
1312 2034 1443 2093 ipsius
1459 2033 1689 2078 locutionis

302 2107 473 2165 inopia,
499 2105 572 2148 sed
596 2105 729 2148 animi
752 2103 882 2148 taedio
906 2105 1024 2161 fieri3
1058 2102 1127 2148 vel
1158 2103 1230 2147 illa
1258 2119 1383 2148 causa
1416 2118 1547 2162 quam
1571 2103 1684 2157 dixi,

302 2176 401 2236 quia
428 2177 563 2235 magis
586 2191 662 2220 nos
692 2175 879 2219 delectat
915 2184 957 2218 et
978 2184 1123 2228 tenet,
1151 2174 1271 2234 quod
1293 2175 1335 2218 in
1356 2174 1524 2218 silentio
1544 2183 1688 2219 mente

304 2248 519 2290 cernimus
537 2282 547 2300 ,
584 2261 663 2290 ncc
686 2246 788 2289 inde
815 2245 1016 2289 volumus
1038 2246 1206 2290 avocari
1229 2245 1282 2288 ad
1307 2245 1536 2288 verborum
1558 2244 1688 2304 longe

306 2318 517 2376 disparem
542 2317 796 2375 strepitum3
821 2314 889 2359 vel
911 2316 1012 2375 quia
1036 2316 1162 2359 etiam
1188 2316 1285 2358 cum
1309 2329 1448 2358 sermo
1465 2315 1687 2374 jucundus

305 2397 383 2441 cst,
408 2387 542 2446 magis
572 2403 650 2431 nos
679 2387 786 2430 libet
809 2387 957 2430 audire
979 2396 1052 2430 aut
1093 2387 1234 2444 legere
1264 2401 1362 2445 quae
1394 2385 1546 2429 melius
1574 2385 1689 2430 dicta

306 2467 422 2512 sunt,
450 2468 492 2502 et
509 2474 607 2518 quae
620 2459 710 2502 sine
732 2467 878 2502 nostra
899 2473 1003 2501 cura
1023 2467 1066 2501 et
1094 2456 1383 2501 sollicitudine
1406 2465 1684 2515 promuntur,

308 2544 435 2587 qoam
451 2529 505 2571 ad
522 2529 708 2574 alienum
728 2543 899 2573 sensum
918 2528 1142 2587 repentina
1159 2527 1289 2571 verba
1301 2536 1502 2586 coaptare
1523 2527 1687 2570 incerto
