1871 3162
286 203 370 243 294
717 215 751 242 s.
786 211 1015 240 ,mausum
1047 211 1228 239 zmscom

285 382 1659 406 mmmmmmmmmmmwmmmwumumm

779 515 999 565 CAPUT
1046 515 1192 566 VIII.

264 702 266 704 ·
295 674 514 723 Verbum
560 672 658 719 Dei
695 673 848 731 ipsum
886 680 956 717 est
983 671 1273 732 principium
1316 684 1409 730 quo
1445 669 1671 717 docemur

736 757 925 787 omnem
950 743 1216 787 veritatem.

347 904 403 948 X.
430 903 525 947 Ctm
546 915 717 961 quaeso,
738 900 921 944 Domine
940 903 1054 945 Deus
1077 903 1230 945 meus?
1247 903 1495 961 Utcumque
1515 901 1642 947 video
1659 924 1670 961 3

288 973 365 1019 sed
382 971 604 1033 quomodo
625 971 670 1015 id
687 971 867 1031 eloquar
888 971 1054 1026 nescio,
1074 972 1155 1015 nisi
1176 972 1278 1031 quia
1300 987 1428 1016 omne
1446 972 1566 1031 quod
1583 989 1672 1019 esse

288 1044 442 1103 incipit
459 1052 502 1087 et
514 1057 604 1087 esse
620 1042 792 1096 desinit,
809 1050 915 1086 tunc
926 1057 1017 1086 esse
1028 1042 1182 1100 incipit
1203 1050 1246 1085 et
1262 1050 1368 1086 tunc
1384 1057 1473 1087 esse
1496 1041 1669 1099 desinit,

290 1114 468 1177 quando
490 1114 691 1158 debuisse
721 1113 910 1172 incipere
930 1113 1000 1158 vel
1031 1113 1225 1157 desinere
1247 1113 1293 1156 in
1324 1121 1486 1157 aeterna
1507 1113 1673 1159 ratione

291 1186 584 1246 cognoscitur,
600 1185 677 1229 ubi
698 1199 778 1228 nec
794 1184 947 1243 incipit
965 1182 1133 1244 aliquid
1152 1198 1231 1229 nec
1250 1183 1422 1229 desinit.
1447 1188 1596 1244 Ipsum
1613 1195 1676 1230 est

291 1258 487 1303 Verbum
509 1264 638 1300 tuum
652 1290 663 1309 ,
683 1255 804 1314 quod
826 1263 868 1298 et
893 1273 914 1296 «
937 1255 1204 1313 Principium
1226 1264 1311 1309 est,
1339 1255 1440 1314 quia
1465 1265 1509 1298 et
1529 1255 1676 1315 loqui-

294 1347 315 1371 »
350 1337 423 1371 tur
444 1326 569 1371 nobis
586 1328 616 1369 1.
639 1344 658 1366 ⁵»
687 1325 755 1370 Sic
775 1325 821 1368 in
852 1325 1088 1382 Evangelio
1113 1340 1190 1384 per
1211 1340 1383 1369 carnem
1407 1325 1494 1381 ait,
1518 1335 1561 1369 et
1593 1326 1677 1370 hoe

292 1398 485 1442 insonuit
514 1395 618 1451 foris
641 1395 820 1439 auribus
842 1395 1070 1438 hominum
1088 1429 1100 1450 ,
1124 1403 1174 1438 ut
1195 1396 1444 1439 crederetur
1461 1429 1472 1449 ,
1497 1404 1540 1439 et
1562 1396 1678 1439 intus

295 1477 579 1529 quaereretur,
598 1477 640 1511 et
657 1467 925 1511 inveniretur
942 1466 986 1509 in
1005 1475 1167 1509 aeterna
1190 1466 1370 1510 veritate
1385 1501 1395 1520 ,
1418 1466 1495 1509 ubi
1528 1482 1678 1512 omnes

295 1538 537 1598 Discipulos
559 1537 701 1582 bonus
720 1545 763 1580 et
779 1535 894 1581 solus
911 1536 1113 1595 magister
1131 1535 1273 1580 docet.
1290 1537 1356 1579 Ibi
1375 1536 1505 1581 audio
1528 1552 1677 1581 vocem

297 1620 416 1655 tuam
433 1644 444 1664 ,
485 1609 668 1653 Domine
684 1643 694 1662 ,
731 1607 947 1652 dicentem
978 1607 1085 1650 mihi
1103 1641 1114 1661 ,
1139 1607 1347 1667 quoniam
1381 1606 1454 1651 ille
1487 1607 1681 1667 loquitur

298 1682 424 1726 nobis
445 1680 522 1740 qui
543 1678 671 1724 docet
693 1694 787 1723 nos.
813 1678 899 1731 Qui
918 1687 1062 1722 autem
1098 1693 1188 1722 non
1209 1678 1338 1722 docet
1358 1693 1437 1722 nos
1453 1713 1464 1733 ,
1494 1679 1625 1723 etiam
1647 1680 1681 1723 si

299 1751 496 1811 loquitur
512 1785 522 1805 ,
540 1765 629 1794 non
648 1749 772 1794 nobis
794 1748 1003 1809 loquitur.
1029 1748 1134 1801 Quis
1156 1763 1286 1807 porro
1314 1763 1394 1793 nos
1427 1747 1576 1804 docet,
1601 1749 1682 1793 nisi

300 1821 464 1867 stabilis
486 1821 674 1865 veritas?
704 1820 815 1873 Quia
847 1828 890 1863 et
917 1834 995 1879 per
1022 1828 1265 1864 creaturam
1297 1819 1552 1864 mutabilem
1580 1835 1683 1865 cum

301 1892 604 1946 admonemur,
622 1889 678 1934 ad
694 1890 921 1935 veritatem
941 1889 1140 1934 stabilem
1156 1889 1357 1934 ducimur
1372 1911 1384 1948 3
1402 1890 1464 1934 ibi
1479 1905 1580 1935 vere
1601 1889 1685 1935 dis-

301 1964 438 2008 cimus
459 1977 560 2006 cum
581 1970 743 2006 stamus
764 1970 808 2005 et
828 1960 1028 2005 audimus
1051 1976 1149 2004 eum
1164 1996 1174 2015 ,
1201 1970 1243 2004 et
1265 1960 1424 2020 gaudio
1446 1961 1685 2020 gaudemus

303 2041 481 2094 propter
508 2047 659 2077 vocem
691 2032 836 2090 sponsi
849 2035 883 2087 2,
917 2031 1147 2076 reddentes
1180 2046 1258 2075 nos
1288 2030 1406 2075 unde
1439 2045 1602 2075 sumus.
1629 2034 1686 2076 Et

304 2105 404 2148 ideo
424 2104 713 2162 Principium,
737 2103 840 2163 quia
876 2103 955 2146 nisi
970 2111 1184 2156 maneret,
1210 2117 1311 2146 cum
1334 2116 1575 2147 erraremus
1596 2118 1686 2148 non

304 2184 413 2220 esset
426 2189 514 2234 quo
526 2174 777 2218 rediremus.
791 2175 902 2218 Cum
913 2181 1058 2217 autem
1072 2172 1260 2217 redimus
1274 2173 1327 2217 ab
1340 2188 1498 2229 errore,
1510 2188 1687 2232 cognos-

305 2245 445 2291 cendo
458 2245 611 2303 utique
627 2243 832 2288 redimus.
854 2245 911 2288 Ut
929 2253 1076 2287 autem
1093 2258 1401 2301 cognoscamus
1412 2279 1424 2301 ,
1444 2244 1573 2290 docet
1588 2261 1683 2302 nos,

307 2317 409 2376 quia
433 2316 701 2374 Principium
718 2324 804 2370 est,
827 2324 871 2358 et
891 2314 1086 2375 loquitur
1103 2315 1243 2359 nobis.

357 2419 367 2434 ¹
393 2414 484 2443 Joan.
505 2423 572 2452 vin,
592 2411 645 2443 25.
668 2428 707 2434 -
727 2418 738 2433 ²
758 2411 804 2443 Id.
823 2422 873 2452 111,
896 2419 950 2453 29.
