1871 3162
292 219 347 258 76
753 229 785 258 s.
822 231 1050 259 AUGUSTINI
1081 232 1262 259 Emscom

297 403 328 418 Μ
335 405 1034 423 ΝΊΛΝἏἊἉΛΛἊῙΙΝἏΜΜΝΙΜΙΝἉΜὛἊΙᾺἪᾺ
1041 405 1249 421 mmmmm
1254 401 1676 420 LOEUWWSQWUUMRW!

824 537 1041 586 CAPUT
1082 539 1145 584 X.

293 694 486 741 Labiles
500 704 751 752 creaturae,
761 710 848 740 nee
862 696 912 739 in
926 695 993 739 eis
1002 702 1162 753 potest
1176 694 1345 738 anima
1364 693 1673 752 requiescere.

350 853 447 894 XV.
488 869 509 892 «
529 854 643 895 Dens
664 853 894 906 virtutum,
911 861 1116 897 converte
1143 867 1238 906 nos,
1259 860 1303 895 et
1323 850 1504 895 ostende
1523 849 1682 895 faciem

295 939 316 962 »
342 930 462 965 tuam
482 930 525 965 et
543 920 650 966 salvi
672 921 872 965 erimus1.
891 940 912 962 »
932 924 1041 967 Nam
1058 937 1413 981 quoquoversum
1435 937 1479 966 se
1501 921 1681 966 verterit

292 991 437 1035 anima
472 991 676 1046 hominis,
714 990 769 1035 ad
798 991 968 1035 dolores
995 992 1160 1050 figitur,
1198 991 1301 1035 alibi
1321 1000 1615 1051 praeterquam
1635 992 1682 1035 in

291 1071 362 1106 te:
388 1062 558 1106 tametsi
591 1061 738 1120 figitur
774 1062 819 1105 in
850 1062 1043 1121 pulchris
1076 1070 1195 1106 extra
1218 1071 1260 1106 te
1282 1071 1325 1106 et
1346 1071 1463 1106 extra
1488 1077 1547 1106 se.
1573 1064 1682 1115 Quae

291 1142 438 1176 tamen
457 1131 578 1176 nulla
595 1141 736 1177 essent
758 1132 839 1176 nisi
860 1141 1002 1177 essent
1024 1132 1098 1177 abs
1119 1142 1178 1187 te,
1204 1148 1303 1193 quae
1325 1134 1528 1178 oriuntur
1546 1141 1590 1177 et
1607 1148 1682 1178 oc-

290 1203 459 1259 cidunt,
481 1213 523 1247 et
540 1203 721 1248 oriendo
738 1205 858 1263 quasi
882 1219 971 1248 esse
986 1204 1217 1264 incipiunt,
1239 1213 1282 1248 et
1297 1214 1499 1250 crescunt
1514 1213 1564 1249 ut
1581 1220 1682 1265 per-

289 1275 508 1329 ficiantur,
535 1282 577 1318 et
598 1273 789 1332 perfecta
813 1283 1042 1319 senescunt
1065 1283 1106 1319 et
1128 1275 1348 1319 intereunt
1367 1295 1374 1319 :
1402 1284 1446 1319 et
1474 1290 1565 1319 non
1583 1289 1680 1319 om-

290 1345 360 1387 nia
382 1354 627 1399 senescunt,
653 1354 695 1388 et
717 1345 863 1389 omnia
884 1345 1119 1389 intereunt.
1147 1347 1261 1402 Ergo
1283 1361 1383 1389 cum
1412 1345 1614 1390 oriuntur
1638 1353 1682 1388 et
1731 1380 1734 1389 ,

288 1415 478 1458 tendunt
501 1430 606 1470 esse,
626 1431 715 1474 quo
732 1415 866 1472 magis
883 1415 1080 1458 celeriter
1102 1425 1300 1458 crescunt
1321 1424 1369 1458 ut
1390 1415 1490 1473 sint,
1513 1431 1564 1460 eo
1586 1430 1680 1459 ma-

288 1485 348 1541 gis
378 1483 586 1528 festinant
616 1494 667 1527 ut
686 1499 777 1528 non
798 1484 900 1538 sint,
929 1484 988 1528 sic
1020 1493 1084 1528 est
1116 1484 1272 1529 modus
1295 1474 1463 1529 eorumi.
1489 1488 1680 1529 Tantum

287 1553 440 1598 dedisti
464 1555 538 1609 eis,
564 1555 665 1614 quia
688 1564 829 1613 partes
850 1564 951 1598 sunt
974 1569 1135 1609 rerum,
1161 1571 1259 1614 quae
1282 1570 1372 1599 non
1401 1546 1502 1600 sunt
1525 1571 1678 1600 omnes

286 1623 443 1682 simu13
477 1625 553 1667 sed
588 1624 841 1668 decedendo
870 1639 918 1668 ac
945 1623 1218 1668 succedendo
1243 1634 1377 1682 agunt
1398 1641 1549 1669 omnes
1573 1626 1676 1669 uni-

225 1712 244 1720 s
287 1710 479 1750 versum,
515 1697 638 1755 cujus
672 1704 814 1754 partes
846 1704 961 1739 sunt.
989 1697 1102 1738 Ecce
1136 1695 1195 1739 sic
1227 1697 1449 1754 peragitur
1470 1706 1513 1740 et
1535 1712 1676 1742 sermo

289 1775 432 1809 noster
456 1780 532 1824 per
554 1766 672 1824 signa
698 1765 908 1810 sonantia.
941 1767 1038 1810 Non
1058 1766 1172 1808 enim
1208 1766 1288 1810 erit
1319 1776 1436 1810 totus
1458 1782 1614 1822 sermo,
1640 1768 1674 1811 si

287 1851 426 1879 unum
461 1837 645 1880 verbum
666 1852 756 1880 non
777 1835 959 1880 decedat
982 1851 1082 1879 cum
1102 1838 1294 1880 sonuerit
1315 1847 1456 1895 partes
1482 1852 1595 1892 suas,
1622 1847 1672 1882 ut

286 1906 489 1950 succedat
513 1897 645 1950 aliud.
669 1905 840 1950 Laudet
857 1915 899 1949 te
913 1921 963 1949 ex
977 1904 1060 1949 illis
1079 1907 1221 1950 anima
1243 1922 1354 1960 mea,
1378 1910 1490 1951 Deus
1506 1918 1674 1952 creator

285 1973 712 2031 omnium‚se‘d'non
734 1977 779 2020 in
799 1977 857 2020 eis
878 1977 1081 2034 infigatur
1102 1976 1267 2034 glutine
1286 1979 1440 2022 amoris
1467 1993 1545 2036 per
1568 1994 1669 2022 sen-

285 2063 355 2090 sus
369 2048 574 2106 corporis.
594 2049 714 2091 Eunt
736 2047 852 2090 enim
875 2062 962 2106 quo
978 2047 1102 2090 ibant
1118 2056 1168 2091 ut
1186 2063 1274 2091 non
1297 2047 1400 2102 sint,
1422 2057 1465 2092 et
1478 2050 1675 2093 conscin-

285 2117 397 2161 dunt
414 2132 507 2161 eam
528 2115 748 2174 desideriis
766 2116 1064 2175 pestilentiosis
1081 2136 1089 2160 :
1116 2117 1322 2176 quoniam
1340 2118 1432 2177 ipsa
1449 2133 1538 2162 esse
1557 2118 1670 2174 vult,

285 2197 327 2231 et
359 2188 627 2247 requiescere
650 2196 763 2231 amat
786 2187 832 2230 in
855 2187 913 2231 eis
945 2203 1044 2247 quae
1067 2197 1196 2232 amat.
1224 2190 1275 2231 In
1296 2188 1380 2232 illis
1409 2198 1555 2233 autem
1583 2205 1674 2234 non

285 2267 347 2301 est
364 2258 441 2301 ubi
459 2276 468 2302 ε
494 2258 596 2317 quia
608 2273 698 2302 non
715 2266 845 2312 stant,
866 2257 1042 2316 fugiunt
1058 2280 1069 2316 3
1090 2267 1133 2301 et
1149 2259 1244 2318 quis
1262 2273 1310 2302 ea
1328 2259 1522 2318 sequitur
1543 2275 1674 2304 sensu

286 2328 441 2381 carnis,
467 2337 542 2371 aut
563 2328 658 2387 quis
680 2342 730 2371 ea
752 2327 1099 2387 comprehendit,
1126 2328 1195 2372 vel
1223 2343 1323 2373 cum
1356 2339 1516 2388 praesto
1541 2331 1676 2374 sunt?

291 2396 456 2440 Tardus
473 2406 536 2440 est
558 2398 672 2441 enim
694 2412 841 2441 sensus
859 2398 1020 2452 carnis,
1041 2399 1246 2458 quoniam
1271 2413 1417 2442 sensus
1439 2399 1578 2443 carnis
1594 2408 1672 2454 est,

287 2476 330 2510 et
357 2467 447 2525 ipse
481 2476 544 2510 es't
567 2468 721 2512 modus
750 2470 857 2528 ejus.
886 2469 1054 2514 Sufficit
1087 2469 1140 2514 ad
1163 2468 1280 2513 aliud
1304 2469 1357 2513 ad
1380 2470 1500 2528 quod
1530 2469 1669 2514 factus

330 2566 341 2584 ¹
362 2564 439 2595 Psal.
463 2575 568 2605 unx,
596 2566 626 2601 ξ.

467 2611 478 2620 x
