1871 3162
312 165 393 205 524
735 175 766 205 S.
804 176 1030 206 Auocs'nm
1065 179 1243 206 Episcopi

307 256 449 296 suam,
475 250 517 285 et
539 256 635 285 eum
655 243 813 302 pietate
837 253 1070 299 sectantes,
1097 244 1151 288 ad
1187 259 1319 288 unam
1355 244 1572 303 pertinent
1605 257 1675 287 so-

307 313 521 357 cietatem.
548 315 604 357 Et
625 322 770 358 tamen
794 318 906 358 Deus
926 314 1362 369 misericordissimus,
1387 323 1430 358 et
1450 329 1577 374 super
1598 313 1680 357 im-

307 383 399 442 pios
421 383 616 428 homines
639 385 804 443 patiens
823 393 900 439 est,
919 395 960 429 et
977 387 1144 444 praebet
1172 386 1230 430 eis
1252 385 1522 445 poenitentiae
1551 393 1680 444 atque

308 452 584 496 correctionis
604 452 765 497 locum.

366 524 553 566 XXXII.
574 525 683 567 Nam
705 532 747 566 et
775 522 895 582 quod
917 538 1065 567 omnes
1088 523 1251 567 diluvio
1279 523 1438 566 delevit
1455 558 1465 576 ,
1501 531 1683 581 excepto

310 608 399 637 uno
420 596 442 637 J
450 602 545 637 usto
567 608 667 637 cum
687 593 788 648 suis,
816 609 924 653 quos
946 594 991 637 in
1014 609 1111 637 arca
1135 593 1293 638 servari
1319 593 1481 647 voluit,
1507 601 1687 637 noverat

310 661 487 722 quidem
509 662 629 720 quod
650 677 740 706 non
760 677 804 706 se
820 663 1056 707 correcturi
1072 671 1212 707 essent
1237 681 1246 707 :
1266 671 1565 707 verumtamen
1586 676 1686 705 cum

311 746 385 789 per
405 740 582 775 centum
601 747 736 776 annos
758 746 855 776 arca
884 732 1092 777 fabricata
1110 742 1173 778 est
1189 735 1202 758 1
1219 767 1229 785 ‚
1258 731 1577 791 praedicabatur
1599 730 1689 774 uti-

311 815 398 861 que
420 801 479 844 eis
500 801 564 845 ira
580 801 657 845 Dei
673 811 857 845 ventura
879 817 1007 861 super
1023 818 1095 846 eos
1117 822 1125 847 ε
1147 812 1191 847 et
1211 803 1244 846 si
1262 811 1618 847 converterentur
1635 799 1690 844 ad

312 872 473 925 Deum,
509 879 703 930 parceret
725 871 805 927 eis3
827 871 938 915 sicut
953 872 1146 930 pepercit
1175 881 1321 929 postea
1354 871 1509 916 Ninive
1529 869 1692 914 civitati

313 940 459 999 agenti
480 940 782 1000 poenitentiam
797 943 837 995 ²,
858 955 958 984 cum
976 941 1013 983 ei
1033 956 1109 999 per
1128 941 1388 998 Prophetam
1406 940 1605 983 futurum
1630 939 1694 982 in-

314 1010 490 1054 teritum
512 1009 857 1068 praenuntiasset.
887 1011 978 1053 Hoc
1001 1019 1146 1053 autem
1167 1009 1271 1053 facit
1294 1012 1408 1052 Deus
1424 1043 1434 1063 ,
1459 1009 1588 1052 etiam
1610 1008 1693 1052 illis

312 1094 421 1138 quos
438 1079 560 1123 novit
580 1079 623 1123 in
644 1079 807 1122 malitia
829 1088 1173 1138 perseveraturos
1201 1080 1309 1123 dans
1332 1078 1573 1137 poenitendi
1594 1093 1691 1136 spa-

313 1149 439 1205 tium,
457 1158 506 1193 ut
527 1157 718 1193 nostram
734 1149 986 1207 patientiam
1005 1159 1199 1194 exerceat
1212 1159 1255 1193 et
1271 1149 1477 1194 informet
1496 1148 1693 1207 exemplo

314 1234 419 1277 suo,
442 1235 531 1279 quo
565 1220 811 1264 noverimus
830 1229 1045 1279 quantum
1067 1236 1144 1264 nos
1181 1230 1378 1279 oporteat
1408 1219 1695 1264 tolerabiliter

315 1288 451 1333 malos
472 1290 699 1343 sustinere,
721 1305 820 1334 cum
835 1291 1080 1348 ignoremus
1096 1290 1244 1349 quales
1262 1300 1409 1350 postea
1428 1289 1564 1333 futuri
1577 1298 1692 1343 sunt,

321 1358 499 1419 quando
511 1358 584 1403 ille
598 1360 734 1418 parcit
751 1368 794 1403 et
809 1360 909 1404 sinit
920 1375 991 1404 eos
1006 1360 1165 1415 vivere,
1181 1375 1312 1419 quem
1326 1358 1433 1403 nihil
1447 1359 1698 1404 futurorum

316 1429 436 1474 latet.
453 1431 837 1474 Praenuntiabatur
856 1440 1000 1474 tamen
1011 1431 1143 1474 etiam
1159 1430 1311 1474 diluvii
1329 1439 1594 1473 sacramento
1608 1445 1698 1488 quo

317 1515 390 1558 per
409 1499 578 1558 lignum
603 1499 709 1559 justi
726 1499 897 1543 liberati
919 1508 1019 1543 sunt
1034 1534 1045 1553 ,
1072 1499 1221 1542 futura
1243 1498 1435 1543 Ecclesia
1456 1514 1589 1558 quam
1606 1501 1698 1542 Rex

318 1571 409 1630 ejus
429 1578 473 1613 et
490 1572 602 1613 Deus
618 1569 815 1613 Christus
838 1569 1044 1624 mysterio
1065 1584 1154 1611 suae
1176 1569 1314 1611 crucis
1330 1568 1384 1611 ab
1402 1569 1530 1626 hujus
1551 1568 1699 1612 saeculi

318 1639 613 1684 submersione
635 1637 873 1697 suspendit.
900 1641 1050 1696 Neque
1069 1638 1183 1680 enim
1200 1641 1313 1682 Deus
1336 1639 1563 1695 ignorabat
1578 1637 1699 1698 quod

318 1710 446 1753 etiam
470 1724 520 1751 ex
539 1707 621 1751 illis
649 1709 725 1766 qui
745 1706 918 1750 fuerant
939 1708 984 1750 in
1007 1722 1103 1750 arca
1135 1708 1318 1761 servati,
1345 1708 1550 1752 nascituri
1577 1717 1700 1752 erant

319 1777 437 1832 mali,
453 1778 530 1837 qui
543 1777 700 1821 faciem
719 1785 844 1820 terrae
859 1777 1330 1836 iniquitatibusiterum
1351 1777 1581 1837 implerent
1598 1797 1606 1822 :
1624 1777 1700 1822 sed

322 1858 466 1894 tamen
479 1857 522 1892 et
536 1847 782 1906 exemplum
806 1847 946 1891 futuri
967 1846 1122 1907 judicii
1141 1846 1283 1902 dedit,
1309 1857 1353 1892 et
1373 1857 1620 1892 sanctorum
1645 1848 1700 1891 li.-

322 1919 591 1963 berationem
609 1917 714 1976 ligni
731 1918 936 1975 mysterio
957 1918 1281 1976 praenuntiavit.
1302 1920 1410 1962 Nam
1427 1928 1470 1962 et
1490 1927 1585 1977 post
1607 1919 1702 1963 haec

324 2005 412 2034 non
430 1988 609 2033 cessavit
630 1987 891 2046 repullulare
913 1988 1076 2032 malitia
1088 2003 1164 2047 per
1180 1988 1426 2047 superbiam
1442 1997 1486 2031 et
1501 1987 1703 2033 libidines

323 2067 367 2103 et
385 2058 555 2103 illicitas
571 2058 832 2117 impietates,
857 2072 957 2101 cum
979 2057 1176 2101 homines
1196 2056 1366 2102 deserto
1380 2059 1584 2102 Creatore
1604 2072 1699 2112 suo,

325 2144 416 2174 non
437 2128 578 2173 solum
595 2126 648 2171 ad
671 2135 912 2171 creaturam
934 2141 1066 2186 quam
1083 2129 1196 2169 Deus
1222 2125 1417 2170 condidit
1448 2125 1553 2185 lapsi
1574 2136 1700 2181 sunt,

328 2208 378 2244 ut
393 2214 472 2259 pro
496 2202 587 2243 Deo
605 2197 797 2243 colerent
815 2196 935 2258 quod
957 2195 1061 2241 fecit
1077 2199 1213 2255 Deus,
1238 2195 1313 2240 sed
1333 2197 1461 2240 etiam
1487 2195 1544 2240 ad
1574 2212 1704 2256 opera

327 2284 538 2314 manuum
565 2267 793 2312 hominum
825 2276 868 2311 et
890 2266 945 2311 ad
966 2266 1189 2310 fabrorum
1213 2266 1391 2311 artificia
1414 2276 1706 2311 curvaverunt

329 2342 492 2384 animas
522 2354 618 2384 suas
632 2373 643 2394 ,
680 2339 758 2382 ubi
780 2337 834 2382 de
863 2337 946 2382 illis
978 2338 1147 2397 turpius
1181 2336 1381 2381 diabolus
1416 2347 1459 2381 et
1492 2338 1706 2382 daemonia

331 2410 668 2470 triumpharent3
687 2424 788 2469 quae
811 2408 918 2453 sein
948 2408 1106 2453 talibus
1127 2407 1341 2467 figmentis
1374 2406 1542 2452 adorari
1570 2421 1703 2459 vene-

382 2499 390 2517 ¹
410 2497 487 2527 Gen.
503 2505 561 2528 vu.
575 2511 615 2518 —
627 2496 725 2536 Jonae,
741 2505 788 2527 ιιι.
