1871 3162
254 219 336 257 252
687 230 719 257 s.
756 231 983 260 AUGUSTINI
1017 233 1195 260 muscom

254 305 400 340 utrum
422 295 669 354 singillatim
706 312 855 341 omnes
871 333 882 352 ‚
908 313 960 341 an
986 298 1031 341 in
1058 297 1134 341 illo
1163 297 1338 341 homine
1364 297 1440 355 qui
1462 300 1625 355 primus

253 368 444 426 peccavit
459 403 468 421 ‚
494 368 538 410 in
556 383 644 427 quo
666 377 708 411 et
730 382 878 411 omnes
901 367 1061 411 mortui
1085 355 1260 421 sumus‘,
1280 376 1322 410 et
1345 366 1399 410 de
1421 382 1508 426 quo
1532 382 1628 410 om-

253 453 328 482 nes
347 453 444 481 cum
469 439 637 482 miseria
659 438 750 482 nati
771 453 932 492 sumus,
959 454 1046 481 non
1068 453 1216 497 quaero
1231 452 1364 491 nunc,
1391 436 1465 481 sed
1484 452 1631 496 quaero

254 516 403 553 utrum
422 508 468 551 in
495 508 707 571 memoria
721 508 775 552 sit
804 509 929 552 beata
950 491 1229 569 vitaLNeque
1250 508 1366 552 enim
1391 523 1633 552 amaremus

256 593 349 622 eam
371 579 449 622 nisi
482 579 958 639 nossemusrAudimus
984 593 1144 622 nomen
1165 580 1248 623 hoc
1267 613 1278 633 ,
1314 588 1356 622 et
1380 593 1471 622 rem
1498 578 1632 636 ipsam

257 664 404 692 omnes
425 664 501 692 nos
524 642 726 708 appetere
748 648 949 703 fatemur,
970 664 1058 692 non
1080 649 1194 691 enim
1218 664 1324 692 sono
1347 647 1631 692 delectamur.

257 721 365 764 Nam
392 719 473 762 hoc
497 734 595 762 cum
616 719 749 762 latine
774 719 895 762 audit
917 720 1114 772 Graecus,
1135 733 1223 762 non
1240 717 1504 772 delectatur,
1535 718 1636 777 quia

258 789 428 846 ignorat
462 788 570 848 quid
601 788 766 832 dictum
803 789 886 833 sit:
918 805 995 833 nos
1028 798 1172 833 autem
1196 788 1487 845 delectamur,
1527 789 1637 832 sicut

257 858 386 902 etiam
410 857 484 902 ille
505 859 539 902 si
565 874 703 916 graece
736 859 820 903 hoc
853 860 1038 904 audierit
1064 878 1072 903 ε
1103 860 1312 919 quoniam
1345 875 1413 917 res
1441 859 1535 918 ipsa
1557 874 1637 902 nec

263 944 398 986 graeca
431 944 510 973 nec
547 928 681 972 latina
717 938 804 983 est,
830 930 899 973 cui
922 929 1210 988 adipiscendae
1248 929 1386 973 Graeci
1409 930 1639 988 Latinique

261 999 454 1052 inhiant,
481 1008 823 1058 caeterarumque
844 999 1091 1057 linguarum
1114 985 1463 1064 hominesfflota
1481 1008 1545 1042 est
1565 999 1640 1056 igi-

262 1078 333 1113 tur
353 1069 578 1123 omnibus,
605 1070 680 1128 qui
703 1084 788 1113 una
809 1085 916 1114 voce
938 1070 971 1114 si
992 1069 1246 1128 interrogari
1268 1079 1467 1129 possent,
1493 1079 1641 1113 utrum

263 1140 378 1183 beati
398 1155 488 1184 esse
505 1139 667 1184 vellent
682 1175 692 1193 ‚
722 1141 812 1184 sine
834 1140 922 1184 ulla
940 1141 1215 1185 dubitatione
1235 1176 1245 1193 ,
1271 1140 1382 1184 velle
1403 1140 1641 1200 responde.-

262 1220 373 1254 rent.
401 1210 526 1264 Quod
546 1226 633 1255 non
655 1212 792 1265 fieret,
819 1211 898 1264 nisi
916 1226 982 1255 res
1000 1212 1106 1270 ipsa,
1124 1213 1246 1271 cujus
1267 1212 1351 1256 hoc
1369 1227 1528 1256 nomen
1551 1220 1614 1255 est
1629 1246 1640 1266 ‚

263 1296 412 1325 eorum
436 1282 642 1326 memoria
664 1284 926 1372 teneretur>

266 1474 333 1489 MM
339 1474 404 1489 ἋΜ
410 1474 1250 1490 mmmmmmmummmmmwvummm
1256 1469 1321 1490 Whffl‘!
1326 1475 1533 1490 &mmmm
1540 1475 1603 1490 vm}
1609 1476 1645 1490 111

756 1629 971 1676 CAPUT
1015 1630 1147 1675 xxi.

397 1807 649 1869 Quomodo
672 1810 903 1853 memoria
926 1808 1121 1853 beatam
1141 1809 1287 1853 vitam
1306 1810 1531 1853 continet.

333 1980 473 2022 XXX.
503 1980 714 2031 NUMQUm
733 1978 790 2022 ita
811 1987 858 2022 ut
879 1978 1074 2022 meminit
1091 1978 1396 2035 Carthaginem
1421 1979 1497 2037 qui
1519 1978 1658 2022 vidit?

276 2051 388 2093 Non.
415 2049 512 2092 Vita
542 2048 655 2091 enim
686 2048 810 2091 beata
834 2064 922 2092 non
956 2048 1128 2091 videtur
1158 2047 1319 2101 oculis,
1347 2049 1447 2106 quia
1471 2064 1559 2092 non
1596 2057 1660 2092 est

277 2133 448 2176 corpus.
478 2117 702 2175 Numquid
734 2119 841 2161 sicut
866 2117 1140 2161 meminimus
1168 2119 1402 2160 numeros?
1433 2120 1544 2161 Non.
1572 2121 1659 2162 Hos

280 2189 393 2233 enim
423 2189 497 2248 qui
527 2189 659 2231 habet
684 2188 728 2231 in
751 2189 903 2232 notitia
921 2223 931 2241 ‚
959 2204 1047 2232 non
1082 2187 1225 2232 adhuc
1262 2189 1416 2247 quaerit
1449 2189 1656 2248 adipisci:

279 2261 413 2304 vitam
430 2275 532 2304 vero
558 2259 726 2303 beatam
750 2260 958 2303 habemus
983 2260 1028 2303 in
1051 2260 1225 2311 notitia,
1257 2258 1444 2319 ideoque
1467 2275 1660 2304 amamus

283 2345 376 2374 eam
398 2365 407 2385 ‚
433 2339 476 2373 et
506 2339 650 2374 tamen
675 2329 818 2374 adhuc
843 2329 1021 2388 adipisci
1052 2345 1145 2373 eam
1167 2328 1370 2374 volumus
1393 2339 1442 2374 ut
1464 2331 1577 2374 beati
1599 2330 1657 2374 si-

228 2415 232 2427 2
284 2414 394 2443 mus.
433 2400 657 2459 Numquid
697 2400 808 2444 sicut
853 2400 1129 2443 meminimus
1178 2398 1501 2459 eloquentiam?
1547 2403 1658 2446 Non.

286 2470 492 2521 Quamvis
507 2470 622 2513 enim
636 2471 719 2514 hoc
736 2471 912 2514 nomine
934 2470 1083 2514 audito
1098 2470 1380 2514 recordentur
1393 2470 1528 2529 ipsam
1552 2486 1659 2525 rem,

288 2539 364 2588 qui
393 2540 522 2584 etiam
557 2540 754 2585 nondum
787 2549 887 2585 sunt
919 2539 1192 2601 eloquentes,
1225 2539 1440 2600 multique
1472 2556 1561 2586 esse
1587 2557 1664 2586 cu-
