1871 3162
262 237 345 274 218
708 245 742 274 s.
778 246 1009 275 nmmum
1040 246 1221 275 Enscom

258 444 1076 461 mmmmmwvvvvmwvxwvxmw
1080 445 1199 461 «ww
1209 445 1644 462 {mmmmm

774 600 988 649 CAPUT
1023 602 1115 647 XI.

580 777 658 824 De
689 778 851 824 extasi
881 787 927 823 ec
953 787 1106 823 morte
1131 777 1318 821 matris.

316 951 502 993 XXVII.
529 951 595 993 Ao
617 949 710 993 haec
727 951 765 993 ei
787 948 895 1009 quid
917 949 1236 1008 responderim,¹
1253 963 1343 992 non
1363 948 1464 992 satis
1480 947 1641 992 recolo.

257 1021 370 1064 Cum
391 1020 553 1063 interea
569 1020 639 1063 vix
659 1020 772 1064 intra
791 1020 988 1079 quinque
1016 1019 1107 1063 dies
1123 1054 1134 1074 ‚
1173 1027 1249 1062 aut
1278 1034 1368 1062 non
1390 1017 1528 1061 multo
1553 1034 1645 1062 am-

257 1090 368 1148 plius
406 1089 618 1134 decubuit
653 1089 863 1134 febribus.
890 1093 946 1134 Et
973 1105 1073 1134 cum
1097 1097 1327 1148 aegrotaret
1356 1089 1548 1147 quodam
1575 1089 1645 1132 die

257 1158 476 1203 defectum
499 1160 654 1203 animae
672 1176 789 1218 passa
812 1170 897 1213 est,
923 1169 966 1203 et
988 1159 1215 1218 paululum
1240 1159 1458 1202 subtracta
1480 1173 1504 1201 a
1533 1174 1645 1216 prae-

254 1230 464 1274 sentibus.
485 1233 571 1275 Nos
594 1231 920 1286 concurrimus,
939 1230 1014 1274 sed
1037 1230 1122 1274 cito
1146 1228 1312 1273 reddita
1336 1237 1400 1272 est
1416 1230 1576 1282 sensui,
1602 1238 1644 1273 et

255 1300 416 1357 aspexit
443 1309 627 1343 astantes
651 1315 720 1343 me
738 1334 748 1353 ,
778 1309 821 1343 et
839 1300 1015 1343 fratrem
1036 1314 1182 1342 meum
1199 1334 1209 1352 ‚
1242 1308 1285 1342 et
1302 1299 1360 1342 ait
1377 1298 1502 1342 nobis
1520 1300 1642 1358 quasi

254 1371 468 1428 quaerenti
485 1370 633 1413 similis
666 1389 675 1413 ;
705 1389 724 1411 «
754 1370 837 1414 Ubi
860 1372 1009 1413 eram?
1033 1369 1196 1413 Deinde
1218 1384 1295 1412 nos
1321 1369 1495 1412 intuens
1528 1385 1640 1413 moe-

257 1459 276 1481 »
312 1455 408 1484 rore
431 1440 637 1484 attonitos
659 1455 667 1481 :
701 1440 874 1484 Ponetis
897 1441 984 1494 hic,
1002 1440 1160 1499 inquit,
1177 1449 1358 1483 matrem
1380 1442 1596 1483 vestram?
1618 1458 1637 1481 υ

254 1514 346 1568 Ego
382 1509 584 1564 silebam,
609 1519 652 1554 et
688 1511 841 1554 fletum
875 1508 1116 1553 frenabam.
1158 1512 1306 1552 Frater
1343 1518 1489 1552 autem
1519 1524 1642 1554 meus

251 1580 460 1639 quiddam
483 1579 655 1623 locutus
673 1589 757 1633 est,
777 1595 865 1639 quo
887 1594 981 1623 eam
1000 1594 1089 1622 non
1113 1594 1291 1637 peregre
1306 1613 1317 1633 ,
1343 1577 1418 1622 sed
1439 1579 1484 1622 in
1502 1580 1642 1638 patria

249 1649 432 1708 defungi
454 1658 663 1709 tanquam
689 1648 856 1701 felicius
879 1657 1062 1708 optaret.
1086 1650 1184 1701 Quo
1205 1648 1377 1703 audito,
1411 1647 1484 1692 illa
1513 1648 1641 1693 vultu

253 1719 379 1763 anxio
402 1719 680 1763 reverberans
701 1734 801 1762 eum
836 1718 971 1762 oculis
1003 1718 1124 1778 quod
1144 1718 1244 1762 talia
1278 1727 1470 1777 saperet,
1510 1727 1641 1778 atque

250 1789 351 1834 inde
374 1804 443 1833 me
467 1792 641 1833 intuens
667 1809 675 1833 :
709 1809 728 1830 «
754 1789 887 1843 Vide,
913 1788 972 1832 ait
988 1823 999 1842 ,
1030 1788 1138 1848 quid
1159 1788 1278 1832 dicit.
1299 1807 1320 1830 »
1346 1792 1403 1833 Et
1424 1804 1524 1833 mox
1545 1805 1640 1833 am-

254 1859 396 1903 bobus
430 1878 439 1903 :
469 1876 490 1901 «
512 1859 664 1902 Ponite
680 1893 691 1913 ,
717 1859 879 1917 inquit,
907 1858 992 1902 hoc
1018 1873 1178 1916 corpus
1203 1858 1499 1917 ubicumque3
1529 1857 1639 1902 nihil

253 1947 274 1970 »
309 1944 385 1974 vos
410 1930 502 1989 ejus
524 1944 627 1972 cura
649 1928 906 1985 conturbet3
931 1936 1105 1971 tantum
1126 1926 1237 1971 illud
1257 1943 1333 1972 vos
1356 1943 1484 1987 rogo,
1509 1937 1560 1972 ut
1585 1927 1640 1972 ad

251 2018 271 2041 »
308 2000 481 2044 Domini
504 1998 637 2047 altare
654 1998 936 2042 memineritis
954 1998 1037 2040 mei
1060 1998 1136 2040 ubi
1154 1998 1231 2041 ubi
1252 1998 1435 2042 fueritis.
1460 2017 1480 2039 »
1502 2001 1639 2043 Cum·

250 2085 337 2129 que
357 2070 471 2113 hanc
498 2069 757 2112 sententiam
778 2068 920 2111 verbis
951 2066 1114 2126 quibus
1148 2077 1317 2125 poterat
1351 2067 1606 2127 explicasset
1623 2103 1634 2123 ,

250 2139 475 2192 conticuit,
501 2148 544 2182 et
566 2140 887 2195 ingravescente
917 2136 1068 2180 morbo
1091 2138 1388 2181 exercebatur.

308 2211 519 2254 XXVIII.
545 2211 637 2264 Ego
659 2223 761 2251 vero
778 2207 970 2266 cogitans
993 2207 1108 2252 dona
1130 2216 1221 2257 tua,
1251 2210 1361 2252 Deus
1382 2207 1632 2262 invisibilis,

251 2295 350 2338 quae
377 2278 572 2322 immittis
609 2277 654 2320 in
690 2277 819 2321 corda
851 2276 1046 2320 fidelium
1072 2285 1270 2330 tuorum,
1312 2286 1354 2320 et
1378 2277 1637 2336 proveniunt

250 2348 353 2392 inde
374 2347 518 2405 fruges
536 2346 829 2401 admirabiles,
850 2346 1090 2404 gaudebam
1110 2356 1152 2390 et
1169 2346 1322 2404 gratias
1339 2347 1518 2404 agebam
1538 2347 1632 2400 tibi,

252 2417 444 2461 recolens
463 2416 583 2477 quod
604 2432 808 2461 noveram
830 2425 991 2475 quanta
1014 2432 1116 2460 cura
1148 2431 1316 2474 semper
1337 2426 1557 2461 aestuasset
1579 2416 1634 2461 de

252 2486 464 2544 sepulcro,
479 2486 599 2546 quod
611 2486 692 2529 sibi
705 2485 952 2545 providerat
965 2495 1007 2529 et
1019 2495 1335 2544 praeparaverat
1341 2487 1463 2545 juxta
1477 2501 1633 2544 corpus

252 2556 331 2599 viri
347 2557 427 2599 sui.
447 2558 556 2608 Quia
567 2557 681 2600 enim
698 2554 824 2600 valde
840 2555 1112 2599 concorditer
1128 2555 1336 2609 vixerant,
1353 2555 1395 2599 id
1416 2556 1544 2599 etiam
1556 2571 1629 2600 vo·

1838 609 1850 996 -—————*-.=—-—-
1842 545 1846 562 ..
1844 500 1846 511 μ
