1871 3162
677 215 1023 252 conmssmmm,
1057 215 1139 241 Lus.
1173 213 1214 239 x,
1537 204 1615 241 231

251 300 294 329 es
331 284 474 328 omnia
515 282 630 326 bona
671 296 788 334 mea,
827 288 876 323 tu
897 279 1173 337 omnipotens
1193 279 1269 338 qui
1288 294 1461 323 mecum
1477 294 1521 323 es
1537 315 1549 335 ,
1575 289 1618 324 et

249 356 499 415 priusquam
516 362 662 397 tecum
678 352 772 395 sim.
797 350 1006 394 Indicabo
1032 364 1135 408 ergo
1161 348 1321 392 talibus
1334 348 1535 408 qualibus
1545 352 1621 410 ju—

250 427 324 469 bes
341 434 390 468 ut
416 424 623 478 serviam,
647 438 736 466 non
752 421 858 481 {quis
880 419 1058 474 fuerim,
1089 418 1166 463 sed
1195 420 1291 479 quis
1313 420 1402 478 jam
1432 419 1507 463 sim
1530 454 1541 475 ,
1578 430 1622 465 et

250 495 345 555 quis
362 494 504 539 adhuc
518 494 596 538 sim
615 514 626 550 3
645 491 720 537 sed
733 506 875 551 neque
888 506 957 535 me
977 491 1120 550 ipsum
1139 488 1330 550 dijudico
1343 492 1358 516 1
1380 508 1389 534 :
1405 490 1464 535 sic
1476 491 1622 550 itaque

250 565 415 609 audiar.

252 739 1625 760 muxmmmmmmmmmmmmmmmmmmm

790 885 1005 934 CAPUT
1057 887 1116 933 V.

577 1017 740 1062 Homo
762 1033 863 1062 sese
882 1026 1031 1062 totam
1054 1032 1150 1061 non
1173 1017 1314 1062 novit.

310 1178 408 1220 VII.
432 1179 495 1219 Tu
513 1176 627 1229 enim
643 1210 654 1230 ‚
675 1177 882 1231 Domine,
907 1174 1120 1236 dijudicas
1147 1190 1242 1230 me,
1266 1175 1368 1235 quia
1402 1174 1482 1219 etsi
1504 1190 1634 1222 nemo

253 1248 332 1292 scit
348 1247 577 1291 hominum
599 1262 698 1306 quae
719 1256 820 1290 sunt
842 1246 1043 1302 hominis,
1059 1246 1140 1290 nisi
1161 1246 1334 1305 spiritus
1356 1245 1544 1291 hominis
1561 1249 1638 1308 qui

254 1320 299 1361 in
330 1318 423 1377 ipso
456 1326 548 1376 est3
582 1327 727 1360 tamen
764 1326 827 1360 est
848 1316 1014 1377 aliquid
1049 1317 1264 1372 hominis,
1291 1316 1411 1377 quod
1433 1333 1513 1361 nec
1546 1318 1636 1377 ipse

253 1391 333 1433 scit
349 1389 523 1448 spiritus
546 1388 730 1433 hominis
752 1389 828 1448 qui
844 1388 890 1432 in
906 1388 999 1448 ipso
1021 1397 1085 1432 est
1099 1391 1139 1445 ²3
1164 1397 1213 1432 tu
1228 1397 1397 1443 autem,
1419 1389 1603 1433 Domine
1617 1424 1629 1445 ,

254 1460 332 1503 scis
355 1459 446 1518 ejus
467 1458 613 1502 omnia
629 1493 639 1513 ‚
671 1458 747 1518 qui
776 1458 913 1502 fecisti
943 1473 1058 1502 eum.
1084 1461 1178 1516 Ego
1198 1474 1301 1503 vero
1328 1459 1525 1518 quamvis
1547 1475 1638 1519 prae

253 1539 330 1573 tuo
368 1538 603 1588 conspectu
623 1543 692 1571 me
727 1527 983 1588 despiciam,
1009 1538 1051 1573 et
1075 1529 1283 1573 aestimem
1312 1544 1381 1572 me
1412 1539 1572 1573 terram
1594 1540 1638 1575 et

251 1601 461 1655 cinerem,
499 1609 643 1644 tamen
671 1598 836 1659 aliquid
867 1599 922 1644 de
956 1609 998 1644 te
1033 1600 1119 1644 scio
1141 1600 1263 1659 quod
1293 1599 1347 1644 de
1369 1615 1438 1644 me
1467 1601 1628 1646 nescio.

253 1674 310 1715 Et
331 1680 445 1715 certe
467 1686 585 1714 nunc
605 1670 802 1715 videmus
821 1686 898 1730 per
920 1669 1144 1730 speculum
1178 1671 1224 1714 in
1245 1671 1497 1729 aenigmate,
1522 1687 1638 1716 non-

254 1742 360 1785 dum
383 1740 491 1786 facie
526 1741 581 1785 ad
605 1739 787 1785 faciem3
815 1758 826 1784 .·
853 1751 896 1785 et
916 1741 1017 1786 ideo
1049 1740 1245 1801 quandiu
1281 1741 1534 1801 peregrinor
1562 1743 1638 1788 abs

250 1821 313 1866 te,
352 1811 460 1854 mihi
493 1826 588 1855 sum
620 1812 870 1869 praesentior
899 1826 1032 1871 quam
1068 1810 1171 1866 tibi,
1197 1820 1241 1855 et
1274 1821 1421 1856 tamen
1458 1822 1500 1857 te
1529 1815 1635 1860 novi

253 1881 377 1926 nullo
398 1880 530 1928 modo
557 1896 680 1939 posse
702 1880 851 1924 violari
870 1902 881 1938 3
914 1895 995 1940 ego
1017 1896 1120 1926 vero
1141 1881 1302 1941 quibus
1323 1883 1636 1930 tentationibus

255 1952 448 1995 resistere
469 1950 659 2005 valeam,
697 1951 910 2010 quibusve
934 1967 1024 1994 non
1051 1950 1246 2006 valeam,
1278 1953 1438 1997 nescio.
1465 1956 1522 1998 Et
1542 1970 1637 2015 spes

255 2031 339 2077 est,
359 2021 460 2081 quia
477 2019 616 2064 fidelis
645 2036 709 2075 es,
730 2022 806 2080 qui
830 2036 907 2065 nos
927 2036 1019 2081 non
1053 2021 1153 2065 sinis
1183 2023 1341 2066 tentari
1357 2039 1488 2084 supra
1504 2041 1637 2086 quam

256 2106 482 2151 possumus
503 2089 632 2145 ferre,
652 2090 727 2134 sed
749 2088 852 2135 facis
874 2107 975 2135 cum
997 2088 1238 2137 tentatione
1255 2093 1383 2137 etiam
1401 2094 1566 2139 exitum
1587 2105 1638 2140 ut

255 2163 465 2221 possimus
478 2161 702 2207 sustinere.
718 2162 937 2206 Confitear
953 2178 1056 2222 ergo
1072 2162 1177 2223 quid
1192 2163 1246 2208 de
1258 2180 1327 2208 me
1340 2165 1487 2221 sciam,
1503 2168 1644 2212 confi-

257 2242 349 2277 tear
376 2241 419 2276 et
445 2232 553 2292 quid
580 2231 635 2275 de
670 2246 739 2275 me
772 2233 975 2277 nesciam.
1012 2235 1230 2287 Quoniam
1264 2244 1306 2279 et
1334 2234 1455 2295 quod.
1485 2235 1541 2281 de
1565 2252 1636 2282 me

257 2304 366 2357 scio,
400 2312 444 2347 te
465 2303 571 2346 mihi
601 2302 776 2347 lucente
813 2304 927 2363 scio3
952 2313 995 2349 et
1028 2304 1148 2366 quod
1175 2305 1229 2350 de
1251 2322 1320 2351 me
1341 2307 1510 2364 nescio,
1534 2318 1633 2353 tan-

259 2373 334 2417 diu
363 2374 532 2430 nescio‚
568 2373 707 2419 donec
735 2375 843 2421 fiant
876 2375 1070 2420 tenebrae
1101 2392 1209 2421 meae
1238 2378 1349 2423 sicut
1369 2379 1569 2426 meridies
1591 2381 1638 2426 in

259 2443 385 2488 vultu
405 2451 483 2488 tuo
497 2444 529 2486 ⁴.

308 2546 315 2562 ¹
342 2551 353 2571 1
377 2541 510 2578 Cor.1v‚
531 2541 561 2573 3.
583 2557 622 2563 -
645 2542 777 2581 'Id-11,
806 2552 855 2574 11.
882 2558 922 2565 —-
943 2540 956 2565 3
976 2543 1023 2575 Id.
1047 2553 1116 2585 xm,
1135 2552 1191 2577 21.
1214 2544 1286 2575 -4
1303 2547 1373 2581 lsai.
1394 2557 1483 2587 tvm,
1503 2558 1553 2581 ιο.
