1871 3162
556 272 905 310 CONFESSIONUM‚
941 273 1023 300 LIB.
1060 275 1119 302 iv.
1470 263 1525 302 85

148 336 349 381 nolebam
371 336 476 380 dici:
495 337 585 381 Cur
606 351 706 393 ergo
721 345 836 381 errat
848 338 987 380 Deus?
1008 339 1066 381 Et
1087 336 1409 382 contendebam
1431 353 1525 382 ma-

148 408 208 465 gis
231 405 631 451 incommutabilem
667 415 785 450 tuam
821 407 1104 451 substantiam
1133 415 1325 451 coactam
1353 422 1494 451 errare
1513 443 1524 462 ‚

147 492 277 537 quam
301 492 442 520 meam
463 476 716 521 mutabilem
735 486 889 536 sponte
911 477 1103 521 deviasse
1121 512 1132 532 ‚
1153 487 1195 521 et
1226 492 1357 537 poena
1387 492 1528 521 errare

146 548 403 593 confitebar.

199 619 384 662 XXVII.
421 620 477 662 Et
498 633 614 662 eram
646 626 772 661 aetate
799 633 1014 662 annorum
1052 617 1231 662 fortasse
1262 617 1416 676 viginti
1454 632 1527 661 sex

143 696 217 731 aut
234 697 397 746 septem
414 723 424 743 ‚
450 704 550 732 cum
573 688 645 732 illa
660 687 880 732 volumina
903 688 1076 746 scripsi,
1101 687 1279 733 volvens
1309 689 1425 746 apud
1459 702 1528 731 me

140 758 378 816 corporalia
416 759 645 816 figmenta,
693 759 985 818 obstrepentia
1017 758 1159 803 cordis
1200 759 1284 802 mei
1318 758 1498 802 auribus
1515 793 1525 813 ‚

141 843 246 886 quas
262 827 543 872 intendebam
558 864 568 883 ‚
590 828 729 872 dulcis
748 829 903 872 veritas
921 864 930 883 ‚
957 830 1001 872 in
1021 829 1270 872 interiorem
1298 828 1528 871 melodiam

140 906 276 952 tuam,
294 898 486 956 cogitans
510 900 564 941 de
577 898 761 957 pulchro
783 908 826 942 et
845 908 961 954 apte,
989 908 1031 938 et
1052 907 1163 938 stare
1185 895 1363 953 cupiens
1382 903 1423 937 et
1452 909 1530 936 au-

141 967 232 1010 dire
247 977 310 1020 te,
331 977 373 1010 et
396 968 553 1024 gaudio
575 966 764 1024 gaudere
787 975 963 1024 propter
985 981 1135 1009 vocem
1156 967 1310 1024 Sponsi
1328 968 1357 1019 ¹,
1375 975 1419 1008 et
1441 981 1530 1008 non

140 1047 334 1097 poteram
357 1057 364 1081 :
385 1038 486 1096 quia
504 1037 684 1080 vocibus
704 1037 857 1080 erroris
882 1037 965 1080 mei
987 1037 1184 1095 rapiebar
1199 1035 1328 1089 foras,
1355 1045 1397 1078 et
1422 1051 1531 1094 pon-

142 1108 243 1151 dere
263 1107 476 1166 superbiae
519 1122 627 1150 meae
662 1107 707 1149 in
729 1107 814 1149 ima
836 1106 1107 1150 decidebam.
1129 1108 1226 1150 Non
1249 1107 1362 1149 enim
1394 1105 1527 1148 dabas

141 1179 308 1222 auditui
335 1193 429 1221 meo
457 1178 663 1236 gaudium
687 1186 730 1220 et
766 1177 980 1232 laetitiam,
1026 1186 1101 1222 aut
1138 1168 1396 1221 eiultabant
1438 1191 1528 1220 ossa

143 1264 234 1293 mea
254 1265 352 1308 quae
377 1248 602 1292 humiliata
620 1264 710 1292 non
731 1257 854 1292 erant
868 1250 899 1291 ².

144 1439 534 1454 Ἀπνννιωννινννννιννννιη
541 1438 1314 1454 mmmmmwumwtmmmmwm
1321 1437 1528 1453 mmmmm

628 1584 663 1629 Γ
681 1583 700 1624 4
716 1584 845 1631 PFT
903 1585 939 1602 Ψ
952 1584 1018 1630 VI

656 1616 663 1628 i
697 1624 706 1629 Α
783 1614 794 1630 β»
921 1604 942 1629 ’Ἃ
1031 1619 1039 1626 -

148 1750 436 1811 Categm‘iczs
472 1747 746 1793 Aristotelis
787 1756 832 1791 et
871 1744 1141 1791 liberalium
1174 1747 1350 1790 artium
1386 1744 1530 1790 libros

606 1834 698 1877 per
723 1833 773 1861 se
809 1815 1055 1860 intellexit.

199 1990 408 2032 XXVIII.
446 1990 508 2030 ΕΤ
525 1987 632 2046 quid
652 1986 757 2029 mihi
779 1985 983 2044 proderat
1003 1984 1123 2044 quod
1142 2000 1277 2028 annos
1295 1993 1423 2028 natus
1442 1984 1528 2028 fer-

142 2075 211 2103 me
234 2059 383 2117 viginti
401 2093 411 2112 ‚
450 2073 551 2102 cum
585 2058 628 2100 in
668 2071 822 2101 manus
853 2071 968 2099 meas
1001 2056 1219 2099 venissent
1258 2055 1525 2099 Aristotelica

143 2129 343 2190 quaedam
363 2163 374 2182 ,
394 2143 501 2188 quas
520 2126 742 2187 appellant
764 2127 914 2170 decem
937 2126 1184 2183 Categorias
1204 2161 1214 2180 ,
1243 2141 1430 2185 quarum
1450 2142 1528 2169 no-

143 2202 256 2244 mine
276 2215 376 2244 cum
399 2215 467 2243 eas
493 2200 640 2242 rhetor
661 2197 1010 2254 Carthaginensis
1026 2196 1227 2254 magister
1246 2211 1365 2239 meus
1385 2197 1531 2241 buccis

147 2271 282 2329 typho
303 2269 581 2329 crepantibus
604 2276 963 2312 commemoraret
979 2302 990 2322 ‚
1015 2276 1057 2310 et
1078 2266 1150 2310 alii
1168 2267 1240 2325 qui
1264 2266 1379 2310 docti
1400 2267 1530 2311 habea

146 2342 307 2385 bantur
330 2374 341 2394 ‚
388 2350 593 2399 tanquam
627 2339 671 2382 in
703 2338 846 2382 nescio
881 2336 988 2398 quid
1016 2352 1222 2396 magnum
1261 2346 1304 2380 et
1335 2337 1526 2382 divinum

145 2428 373 2471 suspensus
392 2411 634 2467 inhiabam3
666 2409 749 2468 legi
785 2425 853 2453 eas
870 2409 985 2453 solus
1008 2418 1049 2453 et
1067 2409 1283 2452 intellexi?
1300 2413 1411 2462 Quas
1429 2424 1528 2453 cum

145 2483 420 2527 contulissem
441 2497 537 2525 cum
563 2482 621 2524 eis
639 2482 714 2539 qui
737 2496 780 2523 se
801 2481 1005 2525 dicebant
1020 2481 1086 2523 vix
1105 2496 1190 2535 eas,
1204 2481 1412 2538 magistris
1431 2496 1532 2523 eru-

196 2597 202 2611 ¹
227 2592 315 2620 Joan.
343 2601 385 2621 ιιι,
408 2600 459 2622 90.
481 2605 522 2610 -—
544 2596 552 2609 ⁷
575 2588 651 2618 Paal.
671 2599 697 2618 1,.
721 2600 766 2616 ιω.
