1871 3162
570 234 943 269 somtoqmonom,
979 233 1060 258 Lm.
1099 234 1126 256 1.
1454 220 1537 258 429

162 423 654 440 mmmmmmmmmm

868 422 1433 440 mmmmmwumxmwm
1437 422 1538 439 mv.

668 579 886 627 CAPUT
933 581 1022 626 lX.

672 746 720 788 A
724 758 829 788 mor
860 746 1023 788 nostri.

222 914 340 955 XVI.
366 914 450 956 SED
472 911 578 971 quid
603 918 854 956 moramur?
874 913 1176 971 Aggredienda
1193 922 1257 957 est
1276 913 1341 956 via
1370 932 1378 957 :
1404 913 1547 956 videa-

162 997 257 1025 mus
278 991 424 1026 tamen
445 1018 455 1037 ,
497 984 616 1042 quod
650 983 857 1042 praecedit
888 984 1059 1037 omnia,
1097 994 1245 1028 utrum
1276 985 1367 1028 sani
1395 985 1542 1027 simus.

161 1055 212 1096 A.
236 1056 330 1096 Hoc
358 1062 407 1097 tu
433 1052 614 1108 videris,
635 1055 668 1097 si
693 1055 760 1098 vel
779 1056 822 1096 in
843 1064 906 1108 te,
931 1054 997 1097 vel
1021 1056 1065 1096 in
1088 1069 1156 1096 me
1182 1055 1453 1114 aliquantum
1477 1073 1546 1099 as-

161 1123 303 1180 picere
340 1132 476 1181 potes.
518 1126 611 1181 Ego
640 1125 853 1182 quaerenti
876 1124 910 1165 si
941 1123 1048 1182 quid
1085 1125 1223 1167 sentio
1255 1128 1542 1184 respondebo.

161 1196 215 1236 R⁴
235 1195 446 1236 Amas-ne
464 1192 629 1252 aliquid
648 1203 805 1251 preeter
823 1194 885 1236 tui
908 1195 1071 1252 Deique
1095 1195 1315 1237 scientiam
1332 1198 1349 1236 Ῠ
1366 1200 1418 1239 Α.
1440 1200 1545 1240 Pos-

161 1278 250 1306 sem
279 1263 541 1321 respondere
560 1298 570 1316 ‚
598 1262 702 1306 nihil
730 1279 798 1307 me
819 1279 962 1307 amare
994 1264 1179 1322 amplius
1199 1301 1208 1319 ‚
1242 1281 1320 1324 pro
1352 1282 1402 1310 eo
1420 1284 1547 1311 sensu

159 1333 236 1391 qui
254 1333 360 1375 mihi
378 1348 495 1376 nunc
513 1342 576 1376 est
591 1367 601 1387 ,
624 1332 700 1376 sed
718 1334 854 1376 tutius
874 1334 1130 1392 respondeo,
1154 1338 1318 1380 nescire
1341 1354 1423 1382 me.
1438 1343 1546 1385 Nam

161 1417 274 1460 saepe
299 1402 404 1444 mihi
427 1418 508 1445 usu
530 1403 648 1446 venit
665 1437 675 1456 ‚
697 1411 746 1445 ut
775 1418 874 1446 cum
900 1402 980 1446 alia
1013 1403 1134 1448 nulla
1172 1421 1216 1449 re
1236 1422 1304 1450 me
1327 1409 1547 1453 crederem

161 1471 454 1525 commoveri,
484 1472 650 1514 veniret
683 1481 827 1515 tamen
850 1472 1015 1531 aliquid
1032 1474 1076 1516 in
1102 1485 1314 1530 mentem,
1336 1479 1456 1537 quod
1482 1496 1550 1524 me

162 1540 302 1584 multo
335 1540 458 1584 aliter
484 1551 614 1600 atquc
648 1556 1005 1599 praesumpseram
1040 1555 1267 1601 pungeret.
1302 1550 1410 1591 Item
1435 1566 1548 1607 saepe

162 1611 360 1670 quamvis
381 1611 426 1654 in
451 1611 757 1669 cogitationem
781 1627 847 1656 res
865 1612 1009 1672 aliqua
1030 1613 1225 1659 incidens
1248 1632 1336 1660 non
1361 1634 1428 1662 me
1449 1636 1549 1677 per-

162 1680 331 1725 vellerit
348 1701 356 1725 ;
375 1697 521 1725 revera
542 1691 689 1725 tamen
707 1684 882 1727 veniens
900 1686 1173 1742 perturbavit
1195 1687 1292 1745 plus
1315 1704 1445 1748 quam
1464 1706 1549 1749 pu-

164 1753 311 1796 tabam
338 1772 346 1795 :
372 1751 448 1795 sed
467 1752 599 1795 modo
617 1752 766 1794 videor
790 1754 897 1794 mihi
921 1755 1058 1795 tribus
1082 1765 1253 1798 tantum
1276 1759 1404 1802 rebus
1427 1776 1550 1818 posse

164 1822 451 1876 commoveri,
484 1830 604 1864 metu
635 1820 871 1864 amissionis
894 1836 1044 1865 eorum
1082 1839 1190 1882 quos
1228 1824 1391 1884 diligo,
1428 1841 1549 1874 metu

164 1890 325 1936 doloris
343 1925 354 1945 ‚
379 1899 498 1934 metu
522 1890 689 1934 mortis.
717 1893 769 1933 R.
795 1893 925 1933 Amas
945 1906 1049 1949 ergo
1071 1901 1114 1935 et
1131 1894 1262 1937 vitam
1283 1905 1427 1941 tecum
1445 1901 1549 1944 cha-

165 1961 431 2004 rissimorum
455 1969 631 2003 tuorum
650 1993 660 2013 ‚
682 1968 726 2002 et
745 1959 908 2003 bonam
931 1960 1223 2006 valetudinem
1247 1973 1391 2021 tuam,
1417 1978 1460 2011 et
1482 1971 1547 2013 vi-

164 2040 253 2075 tam
275 2039 398 2074 tuam
418 2029 554 2088 ipsam
576 2029 623 2073 in
642 2030 726 2073 hoc
744 2045 924 2088 corpore
946 2050 954 2073 ;
980 2046 1122 2090 neque
1138 2034 1251 2076 enim
1268 2035 1396 2080 aliter
1418 2041 1548 2084 amis-

165 2101 330 2146 sionem
346 2101 505 2144 horum
525 2108 754 2143 metueres.
777 2103 826 2142 A.
856 2103 1013 2145 Fateor
1032 2101 1090 2144 ita
1108 2112 1185 2146 est.
1214 2107 1265 2147 R.
1289 2108 1423 2151 Modo
1447 2125 1549 2169 ergo

166 2171 287 2231 quod
301 2186 389 2214 non
411 2185 560 2215 omnes
578 2178 723 2214 tecum
740 2179 843 2213 sunt
864 2171 990 2214 amici
1016 2172 1080 2214 tui
1099 2191 1110 2227 3
1134 2183 1177 2216 et
1198 2175 1318 2233 quod
1337 2185 1411 2221 tua
1428 2179 1547 2223 vale—

168 2241 276 2286 tudo
298 2241 439 2284 minus
459 2241 628 2299 integra
644 2248 708 2283 est
723 2274 734 2295 ‚
754 2239 858 2284 facit
877 2241 1023 2284 animo
1045 2242 1304 2288 nonnullam
1323 2248 1549 2305 aegritudi-

168 2326 268 2354 nem
293 2326 423 2354 :nam
443 2319 485 2353 et
507 2309 551 2353 id
573 2324 662 2353 esse
684 2324 952 2368 consequens
980 2309 1121 2354 video.
1148 2316 1200 2355 A.
1234 2316 1366 2359 Recte
1393 2318 1510 2364 vides
1536 2340 1547 2366 :

169 2394 324 2438 negare
341 2395 429 2424 non
451 2394 640 2438 possum.
667 2380 720 2421 R.
753 2378 870 2430 Quid
892 2380 922 2422 si
946 2389 987 2422 te
1011 2391 1187 2439 repente
1206 2398 1310 2427 sano
1338 2401 1427 2431 esse
1449 2405 1548 2435 cor-

169 2466 274 2510 pore
291 2450 446 2494 sentias
467 2459 509 2493 et
534 2450 691 2508 probes
709 2484 719 2503 ,
741 2457 974 2508 tecumque
990 2466 1138 2495 omnes
1160 2468 1269 2511 quos
1286 2454 1429 2515 diligis
1447 2477 1550 2506 con-

172 2521 357 2566 corditer
373 2555 383 2573 ,
409 2519 576 2563 liberali
598 2521 686 2563 otio
706 2518 789 2562 frui
812 2518 979 2574 videas,
1007 2535 1153 2565 nonne
1172 2523 1444 2584 aliquantum
1468 2533 1546 2576 tibi

337 2602 507 2632 cxxxii.
1340 2600 1392 2638 ⁶28
