1871 3162
258 207 342 245 ‘246
689 225 720 248 s.
758 222 985 251 AUGUSTIM
1020 226 1198 254 flascon

255 403 611 435 mmmmm*

1314 424 1636 444 mmmmm

747 573 965 624 CAPUT
1001 576 1137 625 XVI·

597 737 649 785 Ε
653 747 670 784 t
685 738 936 787 oblivionzs
958 742 1193 787 memoria
1211 750 1294 787 est.

309 911 471 954 XXIV.
508 913 627 964 Qum
660 926 762 955 cum
792 910 1060 956 oblivionem
1090 912 1296 969 nomino,
1331 923 1463 974 atque
1484 913 1638 960 itidem

251 996 438 1041 agnosco
469 981 590 1041 quod
623 982 828 1037 nomino,
860 981 978 1026 unde
1013 998 1292 1042 agnoscerem
1314 984 1395 1028 nisi
1417 986 1641 1030 meminis-

249 1054 369 1097 sem?
392 1055 487 1097 Non
515 1053 719 1096 eumdem
742 1068 898 1096 sonum
919 1053 1106 1097 nominis
1129 1054 1228 1098 dico
1243 1090 1254 1109 ‚
1285 1054 1361 1099 sed
1393 1071 1484 1098 rem
1506 1072 1639 1115 quam

250 1124 484 1182 significat3
514 1139 645 1184 quarn
669 1125 702 1168 si
720 1123 882 1168 oblitus
905 1139 1054 1178 essem,
1080 1125 1186 1185 quid
1208 1124 1281 1169 ille
1301 1126 1465 1171 valeret
1487 1142 1635 1183 sonus,

251 1209 483 1253 agnoscere
504 1194 657 1254 utique
678 1210 768 1238 non
791 1193 994 1238 valerem.
1017 1198 1132 1253 Ergo
1153 1211 1252 1238 cum
1277 1196 1528 1240 memoriam
1548 1212 1639 1241 me-

249 1265 383 1319 mini,
410 1280 486 1324 per
508 1281 550 1308 se
584 1266 717 1322 ipsam
741 1265 821 1308 sibi
860 1274 1017 1324 praesto
1039 1275 1102 1309 est
1137 1266 1228 1325 ipsa
1265 1268 1473 1311 memoria
1501 1287 1509 1312 ε
1536 1283 1637 1312 cum

250 1351 353 1380 vero
380 1336 558 1379 memini
580 1336 845 1379 oblivionem
863 1371 872 1390 ‚
900 1346 943 1380 et
965 1337 1171 1380 memoria
1199 1347 1354 1396 praesto
1377 1347 1441 1381 est
1463 1347 1506 1381 et
1527 1338 1639 1382 obli—

250 1407 321 1450 vio
339 1441 351 1461 ,
387 1406 595 1450 memoria
630 1423 714 1466 qua
746 1406 1045 1461 meminerim,
1071 1407 1233 1452 oblivio
1262 1424 1394 1468 quam
1427 1410 1640 1453 memine-

168 1497 194 1515 »ι
250 1476 347 1519 rim.
375 1476 459 1520 Sed
481 1475 589 1535 quid
611 1485 673 1520 est
696 1476 882 1530 oblivio,
908 1478 988 1520 nisi
1023 1478 1206 1536 privatio
1234 1479 1482 1522 memoriae?
1517 1482 1638 1532 Quo-

250 1546 383 1590 modo
404 1561 507 1604 ergo
530 1545 649 1590 adest
670 1554 720 1589 ut
741 1561 835 1590 eam
860 1547 1126 1590 meminerim
1146 1583 1156 1602 ‚
1183 1548 1362 1607 quando
1383 1564 1481 1592 cum
1517 1550 1639 1593 adest

250 1616 495 1659 meminisse
516 1631 604 1660 non
627 1618 831 1674 possum?
849 1619 906 1660 At
927 1616 961 1660 si
983 1616 1103 1676 quod
1126 1617 1402 1661 meminimus
1435 1619 1639 1663 memoria

251 1689 514 1743 retinemus3
539 1687 802 1731 oblivionem
822 1696 967 1731 autem
989 1689 1069 1732 nisi
1088 1678 1432 1732 meminissemus
1447 1724 1458 1743 ,
1479 1705 1642 1749 nequa-

253 1772 384 1816 quam
408 1772 630 1816 possemus
648 1757 797 1801 audito
822 1757 902 1801 isto
925 1758 1102 1801 nomine
1116 1793 1127 1812 ,
1153 1773 1240 1801 rem
1261 1775 1360 1818 quae
1382 1758 1458 1803 illo
1475 1759 1640 1818 signifi-

253 1837 377 1872 catur
406 1842 636 1885 agnoscere
664 1847 673 1872 ;
699 1827 906 1871 memoria
927 1829 1138 1872 retinetur
1172 1828 1351 1873 oblivio.
1379 1829 1514 1873 Adest
1538 1845 1641 1889 ergo

253 1914 308 1942 ne
331 1898 653 1953 obliviscamur,
681 1914 780 1957 quae
802 1914 901 1942 cum
925 1899 1044 1942 adest
1061 1899 1374 1943 obliviscimur.
1403 1903 1469 1944 An
1487 1916 1539 1944 ex
1557 1901 1642 1945 hoc

252 1967 511 2027 intelligitur
541 1984 630 2012 non
664 1983 741 2027 per
769 1984 813 2012 se
841 1969 974 2027 ipsam
1008 1968 1145 2012 inesse
1182 1969 1402 2012 memoriae
1423 1985 1522 2013 cum
1546 1985 1641 2013 eam

253 2039 546 2092 meminimus,
566 2038 638 2082 sed
664 2054 740 2097 per
760 2037 993 2096 imaginem
1011 2039 1270 2097 suam?quia
1288 2039 1321 2081 si
1342 2054 1419 2097 per
1441 2054 1484 2082 se
1505 2039 1643 2098 ipsam

255 2119 414 2169 praesto
446 2118 555 2153 esset
577 2109 738 2153 oblivio
758 2144 768 2163 ‚
794 2124 881 2152 non
905 2118 954 2151 ut
976 2108 1318 2152 meminissemus
1335 2144 1345 2162 ,
1367 2108 1441 2152 sed
1460 2119 1508 2153 ut
1529 2109 1644 2153 obli-

255 2180 518 2224 visceremur
540 2179 745 2222 efficeret.
769 2181 825 2221 Et
855 2179 937 2221 hoc
959 2178 1056 2236 quis
1078 2178 1256 2235 tandem
1276 2178 1524 2237 indagabit,
1544 2179 1641 2238 quis

258 2248 600 2308 comprehendet
622 2249 844 2307 quomodo
864 2248 950 2290 sit?

319 2322 457 2362 XXV.
495 2322 590 2376 Ego
624 2328 760 2370 certe,
801 2317 982 2360 Domine
997 2352 1007 2368 ‚
1044 2316 1196 2360 laboro
1232 2317 1322 2371 hic,
1358 2327 1401 2361 et
1425 2317 1576 2362 laboro
1596 2319 1643 2361 in

260 2405 329 2433 me
353 2391 445 2446 ipso
481 2408 489 2432 ι
516 2387 654 2432 factus
688 2403 783 2431 sum
816 2388 917 2430 mihi
945 2397 1056 2430 terra
1079 2388 1378 2442 difficultatis,
1410 2398 1453 2432 et
1475 2388 1643 2432 sudoris

259 2460 394 2503 nimii.
421 2463 570 2518 Neque.
594 2459 709 2501 enini
734 2475 850 2502 nunc
872 2468 1114 2502 scrutamur
1134 2458 1277 2516 plagas
1299 2458 1414 2509 coeli,
1431 2469 1506 2503 aut
1527 2459 1640 2503 side·

262 2546 357 2574 rum
377 2529 602 2574 intervalla
625 2530 886 2573 demetimur
903 2564 914 2585 ,
944 2530 1013 2574 vel
1044 2538 1168 2573 terrae
1197 2529 1455 2574 libramenta
1478 2530 1640 2589 quaeri-

316 2643 333 2659 Χ
