1871 3162
578 263 951 299 somLonotzUM,
987 262 1069 288 LIB.
1108 263 1136 286 I.
1455 248 1535 286 437

168 327 404 387 prehendit
425 326 533 370 illud
555 327 771 383 singulare
800 340 848 368 ac
868 325 1137 368 verissimum
1161 323 1338 366 bonum.
1367 327 1456 366 Lux
1479 333 1541 366 est

167 397 367 457 quaedam
403 395 634 439 ineffabilis
658 405 700 439 et
728 391 1174 452 incomprehensibilis
1196 392 1423 434 mentium.
1449 396 1540 434 Lux

164 469 242 511 ista
260 467 447 525 vulgaris
462 482 539 509 nos
552 465 705 509 doceat
720 474 932 524 quantum
947 472 1089 524 potest
1100 497 1110 517 ‚
1131 461 1352 521 quomodo
1375 476 1417 505 se
1432 460 1542 505 illud

164 538 335 580 habeat.
370 539 478 580 Nam
501 545 602 579 sunt
635 534 836 579 nonnulli
857 534 972 578 oculi
994 543 1082 578 tam
1104 532 1196 576 sani
1218 540 1261 575 et
1278 531 1442 589 vegeti,
1467 531 1543 589 qui

164 623 208 653 se
221 623 319 652 mox
336 616 386 651 ut
402 607 538 666 aperti
560 606 722 650 fuerint
733 642 743 661 ,
764 607 809 650 in
826 606 967 664 ipsum
989 604 1122 648 solem
1140 604 1231 648 sine
1248 601 1337 646 ulla
1354 600 1546 660 trepida-

165 679 281 722 tione
302 687 572 722 convertant.
598 677 673 721 His
694 675 884 736 quodam
907 675 1038 719 modo
1061 675 1151 734 ipsa
1172 674 1249 717 lux
1271 673 1427 717 sanitas
1450 681 1513 716 est
1531 707 1541 726 ,

165 764 244 791 nec
266 747 442 792 doctore
463 746 681 804 indigent,
702 746 777 790 sed
810 745 898 790 sola
925 744 1103 789 sortasse
1131 742 1441 788 admonitione.
1469 742 1544 785 His

165 818 338 861 credere
354 852 364 872 ,
390 832 580 875 sperare,
606 831 748 859 amare
771 816 870 859 satis
887 824 964 859 est.
983 813 1067 858 Alii
1090 829 1192 858 vero
1213 814 1305 873 ipso
1328 827 1458 872 quem
1480 812 1545 854 vi-

165 888 266 931 dere
289 888 565 931 vehementer
588 886 856 942 desiderant,
876 885 1043 943 fulgore
1062 885 1296 938 feriuntur,
1322 892 1364 927 et
1384 899 1435 927 eo
1457 897 1545 926 non

165 958 255 1001 viso
277 973 389 1016 saepe
410 959 455 1000 in
478 957 675 1000 tenebras
706 971 805 999 cum
837 954 1124 998 delectatione
1146 954 1343 997 redeunt.
1380 953 1546 1005 Quibus

165 1027 455 1085 periculosum
473 1036 557 1080 est,
574 1027 866 1086 quamvisjam
884 1024 1042 1068 talibus
1056 1034 1105 1067 ut
1118 1025 1211 1068 sani
1227 1033 1342 1067 recte
1356 1023 1440 1066 dici
1454 1038 1542 1080 pos⁴

166 1099 250 1141 sint
263 1132 273 1147 ,
299 1095 408 1139 velle
431 1094 658 1139 ostendere
675 1095 794 1154 quod
809 1094 951 1137 adhuc
970 1092 1116 1136 videre
1139 1108 1227 1136 non
1249 1091 1410 1135 valent.
1430 1094 1546 1148 Ergo

166 1167 233 1209 isti
255 1166 481 1209 exercendi
504 1174 604 1209 sunt
621 1166 761 1223 prius,
783 1174 826 1208 et
848 1179 998 1207 eorum
1017 1178 1137 1206 amor
1150 1161 1316 1206 utiliter
1337 1161 1547 1205 differen-

166 1236 247 1279 dus
269 1244 398 1294 atque
421 1233 679 1278 nutriendus
708 1243 785 1277 est.
821 1234 965 1277 Primo
987 1233 1103 1275 enim
1132 1231 1332 1291 quaedam
1363 1230 1446 1273 illis
1468 1229 1548 1273 de·-

167 1305 444 1349 monstranda
468 1314 568 1348 sunt
590 1320 688 1363 quae
710 1319 799 1347 non
820 1319 896 1362 per
918 1319 961 1346 se
983 1302 1157 1355 lucent,
1189 1301 1263 1345 sed
1297 1316 1374 1360 per
1405 1299 1547 1344 lucem

166 1375 301 1418 videri
323 1373 508 1432 possint,
532 1383 582 1417 ut
603 1374 752 1427 vestis,
778 1382 853 1417 aut
886 1372 1045 1431 paries,
1071 1379 1147 1414 aut
1175 1369 1339 1429 aliquid
1370 1371 1543 1413 horum.

166 1443 331 1488 Deinde
352 1443 472 1502 quod
494 1459 581 1486 non
600 1459 677 1501 per
698 1458 741 1486 se
758 1441 935 1501 quidem
951 1477 961 1495 ,
987 1440 1062 1484 sed
1083 1449 1226 1484 tamen
1249 1455 1326 1498 per
1348 1439 1464 1482 illam
1483 1439 1548 1482 lu·

166 1529 258 1556 cem
285 1512 509 1572 puichrius
531 1512 738 1569 effulgeat
754 1547 764 1565 ,
785 1522 833 1555 ut
847 1527 999 1554 aurum
1018 1546 1027 1564 ,
1044 1518 1292 1567 argentum,
1311 1519 1353 1552 et
1364 1507 1517 1552 similia
1534 1543 1545 1562 ,

167 1598 246 1625 nec
280 1593 424 1625 tamen
452 1583 509 1625 ita
543 1582 756 1624 radiatum
789 1590 836 1624 ut
869 1580 1017 1624 oculos
1045 1579 1187 1622 laedat.
1217 1582 1338 1621 Tunc
1370 1577 1549 1621 fortasse

167 1663 363 1696 terrenus
382 1651 461 1695 iste
475 1651 584 1709 ignis
600 1651 794 1694 modeste
816 1648 1180 1694 demonstrandus
1202 1657 1265 1691 est
1279 1683 1290 1699 ‚
1310 1646 1468 1690 deinde
1490 1647 1550 1689 si-

167 1722 291 1774 dera,
319 1720 477 1764 deinde
498 1720 624 1773 luna,
650 1719 808 1762 deinde
831 1735 997 1762 aurorae
1030 1718 1190 1775 fulgor,
1223 1727 1267 1761 et
1295 1716 1549 1760 albescentis

167 1792 268 1836 coeli
286 1792 414 1836 nitor.
442 1794 493 1834 In
514 1790 674 1850 quibus
690 1805 765 1834 seu
782 1789 908 1833 citius
926 1804 1000 1831 seu
1014 1787 1179 1831 tardius
1191 1822 1202 1842 ,
1217 1788 1304 1830 sive
1321 1803 1396 1845 per
1408 1797 1548 1831 totum

167 1863 388 1916 ordinem,
409 1861 496 1904 sive
525 1859 787 1919 quibusdam
823 1858 1110 1916 contemptis,
1145 1872 1224 1915 pro
1256 1872 1331 1900 sua
1368 1857 1551 1915 quisque

166 1931 417 1974 valetudine
451 1944 717 1982 assuescens,
741 1929 830 1971 sine
863 1926 1151 1986 trepidatione
1183 1936 1227 1969 et
1258 1940 1359 1969 cum
1395 1940 1551 1983 magna

166 2000 391 2059 voluptate
409 1999 543 2042 solem
568 1998 745 2041 videbit.
777 1997 877 2040 Tale
899 1996 1064 2056 aliquid
1087 1996 1305 2054 sapientiae
1327 1993 1551 2038 studiosis-

168 2071 303 2123 simis,
330 2084 410 2112 nec
436 2078 586 2121 acute,
607 2069 696 2126 jam
714 2077 860 2110 tamen
882 2065 1154 2119 videntibus,
1179 2065 1370 2123 magistri
1397 2065 1550 2122 optimi

168 2138 347 2183 faciunt.
368 2141 477 2184 Nam
492 2137 643 2182 ordine
660 2138 851 2197 quodam
869 2137 922 2180 ad
936 2152 1029 2180 eam
1048 2136 1272 2194 pervenire
1283 2135 1409 2179 bonae
1423 2134 1550 2178 disci-

169 2209 301 2267 plinae
324 2209 517 2252 officium
546 2217 633 2261 est,
665 2207 756 2250 sine
778 2206 928 2250 ordine
951 2215 1095 2249 autem
1118 2206 1187 2249 vix
1210 2204 1428 2249 credibilis
1452 2204 1550 2247 seli-

170 2279 322 2322 citatis.
353 2277 434 2321 Sed
453 2276 584 2321 hodie
613 2277 733 2329 satis,
761 2286 808 2320 ut
832 2286 961 2335 puto,
986 2277 1255 2335 scripsimus,
1280 2276 1546 2333 parcendum

171 2358 233 2392 est
247 2347 500 2392 valetudini.
