1871 3162
632 222 1001 259 SOLILOQUIORUM‚
1036 223 1118 249 Lm.
1156 226 1185 249 1.
1525 213 1607 252 417

235 289 409 332 materia
431 289 618 347 patitur,
648 296 891 347 temporum
922 287 1149 331 ordinibus
1171 288 1610 350 replicationibusque

234 358 438 402 custodit.
467 361 594 412 Deus,
621 360 742 416 cujus
776 357 946 416 legibus
982 358 1027 401 in
1063 372 1156 402 aevo
1192 359 1426 414 stantibus,
1464 371 1608 404 motus

231 429 441 472 instabilis
460 443 603 471 rerum
621 427 899 472 mutabilium
918 429 1198 487 perturbatus
1220 444 1309 472 esse
1328 445 1414 474 non
1439 431 1608 486 sinitur,

231 498 446 558 frenisque
476 499 842 542 circumeuntium
866 499 1124 543 saeculorum
1141 514 1310 558 semper
1327 500 1382 543 ad
1409 501 1611 545 similitu-

230 567 375 611 dinem
394 568 637 612 stabilitatis
652 578 879 614 revocatur
906 588 915 614 ε
940 569 1063 628 cujus
1079 568 1248 626 legibus
1271 569 1498 613 arbitrium
1521 573 1614 615 ani-

229 653 312 681 mae
335 638 522 682 liberum
550 649 634 693 est,
667 640 879 699 bonisque
908 639 1087 698 praemia
1109 648 1152 683 et
1175 640 1298 684 malis
1326 655 1492 699 poenae,
1518 644 1612 686 fixis

230 723 306 765 per
333 710 476 752 omnia
516 710 841 753 necessitatibus
873 708 1118 753 distributae
1153 719 1268 754 sunt.
1308 714 1423 755 Deus
1443 747 1453 766 ,
1478 728 1501 756 a
1525 729 1614 772 quo

228 787 403 821 manant
436 794 575 837 usque
597 778 652 822 ad
685 794 764 823 nos
798 780 943 823 omnia
964 779 1081 823 bona
1097 814 1108 833 ‚
1148 796 1171 823 a
1196 795 1284 839 quo
1311 784 1567 826 coercentur
1590 800 1613 827 a

226 848 350 891 nobis
373 849 516 892 omnia
539 849 666 892 mala.
693 853 825 904 Deus,
856 865 984 909 supra
1013 865 1144 908 quem
1176 850 1313 905 nihil,
1339 861 1458 896 extra
1481 869 1613 913 quem

226 917 356 970 nihil,
383 918 472 960 sine
488 933 577 976 quo
596 918 706 961 nihil
728 928 803 962 est.
838 922 969 972 Deus,
987 921 1068 963 sub
1088 936 1176 978 quo
1198 929 1337 964 totum
1358 932 1437 977 est,
1461 923 1506 966 in
1526 940 1615 983 quo

226 995 366 1029 totum
387 997 476 1039 est,
518 1002 618 1030 eum
642 1003 731 1046 quo
759 997 900 1031 totum
921 998 999 1032 est.
1033 989 1117 1041 Qui
1149 988 1288 1033 fecisti
1309 991 1533 1036 hominem
1557 993 1612 1037 ad
1641 1036 1643 1039 ,

224 1055 454 1112 imaginem
474 1065 515 1098 et
536 1056 865 1100 similitudinem
892 1067 1011 1101 tuam
1029 1093 1039 1110 ‚
1066 1058 1187 1117 quod
1205 1060 1280 1118 qui
1299 1075 1342 1103 se
1360 1060 1451 1119 ipse
1469 1063 1608 1117 novit,
1650 1104 1655 1107 ,

224 1126 428 1182 agnoscit.
446 1125 638 1180 Exaudi,
660 1127 831 1177 exaudi,
851 1127 1006 1170 exaudi
1024 1143 1108 1182 me,
1128 1132 1241 1172 Deus
1263 1145 1400 1184 meus,
1428 1134 1612 1177 Domine

222 1209 359 1248 meus,
394 1210 465 1237 rex
488 1210 609 1238 meus
627 1230 637 1249 ,
663 1209 785 1254 pater
806 1212 926 1240 meus
944 1232 954 1252 ‚
978 1213 1106 1241 causa
1129 1214 1223 1242 mea
1239 1234 1249 1253 ‚
1285 1215 1380 1258 spes
1403 1216 1495 1245 mea
1512 1238 1523 1255 ‚
1545 1219 1610 1247 res

223 1279 332 1317 mea,
355 1266 494 1308 honor
530 1280 651 1308 meus
669 1301 679 1320 ‚
710 1265 865 1310 domus
889 1271 1015 1321 mea,
1044 1269 1181 1326 patria
1203 1284 1322 1322 mea,
1356 1269 1470 1315 salus
1493 1288 1605 1327 mea,

221 1334 294 1377 lux
315 1350 432 1388 mea,
459 1336 543 1378 vita
566 1351 676 1379 mea.
704 1336 872 1380 Exaudi
891 1372 901 1391 ,
923 1338 1100 1392 exaudi,
1128 1338 1282 1383 exaudi
1306 1355 1374 1383 me
1396 1356 1515 1386 more
1532 1343 1607 1387 illo

220 1412 296 1447 tuo
319 1405 466 1461 paucis
487 1405 724 1449 notissimo.

297 1476 349 1515 V.
392 1477 488 1517 Jam
527 1484 568 1517 te
603 1474 744 1517 solum
781 1490 901 1528 ame,
939 1484 981 1518 te
1014 1477 1153 1520 solum
1191 1493 1374 1538 sequor⁷
1400 1489 1443 1524 te
1465 1482 1607 1527 solum

218 1557 389 1600 quaero,
429 1544 507 1586 tibi
537 1543 615 1586 soli
637 1543 796 1586 servire
821 1553 994 1600 paratus
1012 1559 1106 1587 sum
1129 1580 1139 1597 ‚
1166 1546 1268 1603 quia
1291 1556 1340 1589 tu
1359 1548 1474 1593 solus
1489 1552 1608 1609 juste

217 1611 466 1664 dominaris,
491 1613 670 1670 tuijuris
688 1627 776 1655 esse
798 1612 943 1670 cupio.
961 1614 1092 1666 Jube,
1108 1628 1272 1673 quaeso‚
1290 1626 1422 1676 atque
1442 1620 1604 1679 impera

217 1680 432 1740 quidquid
456 1682 517 1724 vis
535 1716 544 1733 ‚
566 1681 641 1724 sed
663 1697 765 1724 sana
783 1691 826 1724 et
848 1683 966 1740 aperi
984 1698 1109 1727 aures
1130 1699 1247 1728 meas
1265 1721 1276 1739 ,
1296 1688 1456 1745 quibus
1477 1706 1604 1736 voces

217 1760 311 1793 tuas
344 1749 533 1793 audiam.
570 1752 680 1794 Sana
719 1760 761 1793 et
788 1752 906 1808 aperi
945 1751 1093 1796 oculos
1111 1768 1251 1808 meos,
1277 1756 1438 1814 quibus
1474 1770 1605 1805 nutus

218 1828 314 1862 tuos
337 1819 521 1862 videam.
556 1817 735 1877 Expelle
753 1835 776 1863 a
798 1835 867 1862 me
887 1820 1097 1864 insaniam
1115 1857 1125 1876 ‚
1149 1831 1196 1866 ut
1215 1838 1519 1883 recognoscam
1543 1839 1601 1875 te.

220 1889 293 1931 Dic
329 1888 432 1930 mihi
465 1903 551 1946 qua
584 1887 834 1942 attendam,
869 1899 918 1932 ut
955 1891 1154 1949 aspiciam
1181 1902 1246 1947 te,
1273 1904 1316 1938 et
1351 1897 1495 1940 omnia
1534 1914 1604 1943 me

216 1973 340 2015 spero
363 1974 461 2016 quae
478 1959 651 2016 jusseris
669 1973 759 2001 esse
782 1957 1014 2003 facturum.
1037 1962 1198 2021 Recipe
1215 1998 1226 2017 ,
1252 1980 1344 2019 01⁸0,
1370 1966 1602 2024 fugitivum

216 2037 365 2081 tuum⁷
394 2029 576 2071 Domine
598 2028 929 2073 clementissime
949 2040 1072 2089 pater
1098 2051 1106 2075 ι
1128 2034 1304 2092 jamjam
1333 2037 1432 2080 satis
1451 2053 1603 2096 poenas

216 2097 409 2141 dederim
422 2132 432 2152 ,
453 2099 553 2141 satis
577 2098 759 2142 inimicis
778 2099 862 2142 tuis
875 2134 885 2151 ‚
911 2116 1019 2160 quos
1036 2102 1117 2145 sub
1139 2103 1325 2161 pedibus
1342 2106 1491 2162 habes,
1510 2125 1602 2153 ser-

216 2168 383 2220 vierim,
407 2168 506 2210 satis
526 2166 682 2209 fuerim
699 2167 967 2213 fallaciarum
991 2170 1247 2216 ludibrium.
1274 2177 1432 2234 Accipe
1454 2193 1523 2221 me
1545 2180 1601 2223 ab

217 2237 305 2279 istis
328 2236 568 2294 fugientem
593 2235 809 2281 famulum
828 2248 954 2282 tuum
969 2274 980 2293 ,
1006 2241 1106 2298 quia
1131 2251 1173 2285 et
1191 2243 1259 2286 isti
1282 2258 1352 2287 me
1374 2248 1549 2304 quando
1578 2266 1601 2294 a

218 2316 259 2348 te
277 2306 495 2362 fugiebam
518 2316 781 2364 acceperunt
810 2307 1016 2352 alienum.
1047 2310 1113 2354 Ad
1136 2322 1179 2355 te
1202 2313 1309 2356 mihi
1334 2315 1601 2363 redeundum

217 2390 306 2417 esse
324 2375 460 2417 sentio
487 2395 495 2419 :
517 2384 661 2433 pateat
677 2376 781 2419 mihi
804 2377 994 2435 pulsanti
1014 2380 1149 2437 janua
1172 2390 1244 2424 tua
1275 2402 1282 2425 :
1305 2386 1526 2441 quomodo
1548 2388 1602 2432 ad

222 2454 260 2488 te
295 2445 571 2502 perveniatur
594 2445 701 2488 doce
726 2461 807 2488 me.
835 2446 951 2490 Nihil
975 2447 1092 2490 aliud
1121 2450 1260 2494 habco
1293 2468 1422 2511 quam
1446 2458 1602 2501 volun²

221 2522 350 2557 tatem
369 2533 380 2566 ¹:
397 2514 501 2557 nihil
520 2514 634 2557 aliud
652 2516 738 2558 scio
756 2515 833 2558 nisi
854 2516 968 2558 fluxa
989 2526 1029 2559 et
1048 2518 1208 2562 caduca
1233 2524 1470 2579 spernenda
1491 2543 1596 2581 esso,
