<?xml version="1.0" encoding="UTF-8"?>
<!DOCTYPE html PUBLIC "-//W3C//DTD XHTML 1.0 Transitional//EN"
    "http://www.w3.org/TR/xhtml1/DTD/xhtml1-transitional.dtd">
<html xmlns="http://www.w3.org/1999/xhtml" xml:lang="en" lang="en">
 <head>
  <title>
</title>
<meta http-equiv="Content-Type" content="text/html;charset=utf-8" />
  <meta name='ocr-system' content='tesseract 3.04.00' />
  <meta name='ocr-capabilities' content='ocr_page ocr_carea ocr_par ocr_line ocrx_word'/>
</head>
<body>
  <div class='ocr_page' id='page_1' title='image "./operaomniaaccura25auguuoft_0437.png"; bbox 0 0 1871 3162; ppageno 0'>
   <div class='ocr_carea' id='block_1_1' title="bbox 561 195 1523 247">
    <p class='ocr_par' dir='ltr' id='par_1_1' title="bbox 561 195 1523 247">
     <span class='ocr_line' id='line_1_1' title="bbox 561 195 1523 247; baseline -0.005 -8"><span class='ocrx_word' id='word_1_1' title='bbox 561 211 907 247; x_wconf 78' lang='lat' dir='ltr'>SOLILOQUIORUM</span> <span class='ocrx_word' id='word_1_2' title='bbox 918 227 929 247; x_wconf 93' lang='lat'><strong>‚</strong></span> <span class='ocrx_word' id='word_1_3' title='bbox 964 211 1045 236; x_wconf 76' lang='lat' dir='ltr'>Lm.</span> <span class='ocrx_word' id='word_1_4' title='bbox 1083 210 1112 234; x_wconf 88' lang='lat'>1.</span> <span class='ocrx_word' id='word_1_5' title='bbox 1440 195 1523 235; x_wconf 77' lang='lat'>423</span> 
     </span>
    </p>
   </div>
   <div class='ocr_carea' id='block_1_2' title="bbox 140 271 1532 2561">
    <p class='ocr_par' dir='ltr' id='par_1_2' title="bbox 143 271 1532 1308">
     <span class='ocr_line' id='line_1_2' title="bbox 152 271 1523 330; baseline -0.004 -11"><span class='ocrx_word' id='word_1_6' title='bbox 152 285 269 319; x_wconf 88' lang='lat' dir='ltr'>runt.</span> <span class='ocrx_word' id='word_1_7' title='bbox 305 277 448 328; x_wconf 84' lang='lat' dir='ltr'>Quare</span> <span class='ocrx_word' id='word_1_8' title='bbox 482 274 607 319; x_wconf 91' lang='lat' dir='ltr'>citius</span> <span class='ocrx_word' id='word_1_9' title='bbox 627 274 733 318; x_wconf 87' lang='lat' dir='ltr'>mihi</span> <span class='ocrx_word' id='word_1_10' title='bbox 756 271 929 317; x_wconf 85' lang='lat' dir='ltr'>videtur</span> <span class='ocrx_word' id='word_1_11' title='bbox 957 271 1003 314; x_wconf 89' lang='lat' dir='ltr'>in</span> <span class='ocrx_word' id='word_1_12' title='bbox 1025 279 1138 314; x_wconf 87' lang='lat' dir='ltr'>terra</span> <span class='ocrx_word' id='word_1_13' title='bbox 1159 286 1283 330; x_wconf 90' lang='lat' dir='ltr'>posse</span> <span class='ocrx_word' id='word_1_14' title='bbox 1304 272 1494 329; x_wconf 84' lang='lat' dir='ltr'>navigari</span> <span class='ocrx_word' id='word_1_15' title='bbox 1512 305 1523 325; x_wconf 91' lang='lat'>‚</span> 
     </span>
     <span class='ocr_line' id='line_1_3' title="bbox 151 339 1527 404; baseline -0.004 -16"><span class='ocrx_word' id='word_1_16' title='bbox 151 360 282 404; x_wconf 88' lang='lat' dir='ltr'>quam</span> <span class='ocrx_word' id='word_1_17' title='bbox 299 344 605 402; x_wconf 82' lang='lat' dir='ltr'>geometricam</span> <span class='ocrx_word' id='word_1_18' title='bbox 622 341 820 387; x_wconf 88' lang='lat' dir='ltr'>sensibus</span> <span class='ocrx_word' id='word_1_19' title='bbox 841 340 1033 400; x_wconf 85' lang='lat' dir='ltr'>percipi,</span> <span class='ocrx_word' id='word_1_20' title='bbox 1059 340 1255 399; x_wconf 87' lang='lat' dir='ltr'>quamvis</span> <span class='ocrx_word' id='word_1_21' title='bbox 1275 340 1416 398; x_wconf 85' lang='lat' dir='ltr'>primo</span> <span class='ocrx_word' id='word_1_22' title='bbox 1438 339 1527 383; x_wconf 91' lang='lat' dir='ltr'>dis-</span> 
     </span>
     <span class='ocr_line' id='line_1_4' title="bbox 150 409 1527 472; baseline -0.004 -14"><span class='ocrx_word' id='word_1_23' title='bbox 150 424 294 458; x_wconf 84' lang='lat' dir='ltr'>centes</span> <span class='ocrx_word' id='word_1_24' title='bbox 314 413 587 472; x_wconf 87' lang='lat' dir='ltr'>aliquantum</span> <span class='ocrx_word' id='word_1_25' title='bbox 625 411 830 471; x_wconf 85' lang='lat' dir='ltr'>adjuvare</span> <span class='ocrx_word' id='word_1_26' title='bbox 851 409 1096 454; x_wconf 83' lang='lat' dir='ltr'>videantur.</span> <span class='ocrx_word' id='word_1_27' title='bbox 1122 412 1176 452; x_wconf 84' lang='lat' dir='ltr'>R.</span> <span class='ocrx_word' id='word_1_28' title='bbox 1203 411 1318 467; x_wconf 86' lang='lat' dir='ltr'>Ergo</span> <span class='ocrx_word' id='word_1_29' title='bbox 1349 410 1527 453; x_wconf 88' lang='lat' dir='ltr'>istarum</span> 
     </span>
     <span class='ocr_line' id='line_1_5' title="bbox 150 479 1531 542; baseline -0.004 -14"><span class='ocrx_word' id='word_1_30' title='bbox 150 499 295 528; x_wconf 89' lang='lat' dir='ltr'>rerum</span> <span class='ocrx_word' id='word_1_31' title='bbox 327 483 622 542; x_wconf 87' lang='lat' dir='ltr'>disciplinam,</span> <span class='ocrx_word' id='word_1_32' title='bbox 652 483 686 526; x_wconf 89' lang='lat' dir='ltr'>si</span> <span class='ocrx_word' id='word_1_33' title='bbox 719 498 807 541; x_wconf 90' lang='lat' dir='ltr'>qua</span> <span class='ocrx_word' id='word_1_34' title='bbox 835 481 916 525; x_wconf 86' lang='lat' dir='ltr'>tibi</span> <span class='ocrx_word' id='word_1_35' title='bbox 944 492 1029 536; x_wconf 87' lang='lat' dir='ltr'>est,</span> <span class='ocrx_word' id='word_1_36' title='bbox 1064 496 1154 525; x_wconf 92' lang='lat' dir='ltr'>non</span> <span class='ocrx_word' id='word_1_37' title='bbox 1187 479 1360 523; x_wconf 88' lang='lat' dir='ltr'>dubitas</span> <span class='ocrx_word' id='word_1_38' title='bbox 1386 480 1531 523; x_wconf 86' lang='lat' dir='ltr'>vocari</span> 
     </span>
     <span class='ocr_line' id='line_1_6' title="bbox 149 549 1531 611; baseline -0.005 -12"><span class='ocrx_word' id='word_1_39' title='bbox 149 555 460 599; x_wconf 83' lang='lat' dir='ltr'>scientiam?A.</span> <span class='ocrx_word' id='word_1_40' title='bbox 482 556 580 598; x_wconf 92' lang='lat' dir='ltr'>Non</span> <span class='ocrx_word' id='word_1_41' title='bbox 597 554 632 597; x_wconf 91' lang='lat' dir='ltr'>si</span> <span class='ocrx_word' id='word_1_42' title='bbox 652 553 786 597; x_wconf 81' lang='lat' dir='ltr'>Sto&#39;ici</span> <span class='ocrx_word' id='word_1_43' title='bbox 811 552 968 607; x_wconf 89' lang='lat' dir='ltr'>sinant,</span> <span class='ocrx_word' id='word_1_44' title='bbox 993 552 1069 611; x_wconf 90' lang='lat' dir='ltr'>qui</span> <span class='ocrx_word' id='word_1_45' title='bbox 1087 550 1307 595; x_wconf 89' lang='lat' dir='ltr'>scientiam</span> <span class='ocrx_word' id='word_1_46' title='bbox 1329 549 1531 593; x_wconf 87' lang='lat' dir='ltr'>tribuunt</span> 
     </span>
     <span class='ocr_line' id='line_1_7' title="bbox 147 619 1530 683; baseline -0.005 -14"><span class='ocrx_word' id='word_1_47' title='bbox 147 624 258 669; x_wconf 90' lang='lat' dir='ltr'>nulli</span> <span class='ocrx_word' id='word_1_48' title='bbox 280 624 361 667; x_wconf 91' lang='lat' dir='ltr'>nisi</span> <span class='ocrx_word' id='word_1_49' title='bbox 382 624 578 683; x_wconf 82' lang='lat' dir='ltr'>sapienti.</span> <span class='ocrx_word' id='word_1_50' title='bbox 605 623 933 682; x_wconf 90' lang='lat' dir='ltr'>Perceptionem</span> <span class='ocrx_word' id='word_1_51' title='bbox 956 636 1057 665; x_wconf 89' lang='lat' dir='ltr'>sane</span> <span class='ocrx_word' id='word_1_52' title='bbox 1080 622 1261 664; x_wconf 89' lang='lat' dir='ltr'>istorum</span> <span class='ocrx_word' id='word_1_53' title='bbox 1282 634 1353 663; x_wconf 88' lang='lat' dir='ltr'>me</span> <span class='ocrx_word' id='word_1_54' title='bbox 1369 619 1530 664; x_wconf 88' lang='lat' dir='ltr'>habere</span> 
     </span>
     <span class='ocr_line' id='line_1_8' title="bbox 147 689 1532 754; baseline -0.004 -15"><span class='ocrx_word' id='word_1_55' title='bbox 147 711 235 739; x_wconf 93' lang='lat' dir='ltr'>non</span> <span class='ocrx_word' id='word_1_56' title='bbox 253 709 365 753; x_wconf 86' lang='lat' dir='ltr'>nego</span> <span class='ocrx_word' id='word_1_57' title='bbox 382 730 393 749; x_wconf 92' lang='lat'>,</span> <span class='ocrx_word' id='word_1_58' title='bbox 419 709 553 754; x_wconf 86' lang='lat' dir='ltr'>quarn</span> <span class='ocrx_word' id='word_1_59' title='bbox 571 695 701 738; x_wconf 90' lang='lat' dir='ltr'>etiam</span> <span class='ocrx_word' id='word_1_60' title='bbox 720 693 914 738; x_wconf 81' lang='lat' dir='ltr'>stultitiae</span> <span class='ocrx_word' id='word_1_61' title='bbox 937 690 1185 736; x_wconf 91' lang='lat' dir='ltr'>concedunt</span> <span class='ocrx_word' id='word_1_62' title='bbox 1211 711 1219 735; x_wconf 72' lang='grc' dir='ltr'>ε</span> <span class='ocrx_word' id='word_1_63' title='bbox 1240 689 1315 735; x_wconf 88' lang='lat' dir='ltr'>sed</span> <span class='ocrx_word' id='word_1_64' title='bbox 1333 705 1412 735; x_wconf 89' lang='lat' dir='ltr'>nec</span> <span class='ocrx_word' id='word_1_65' title='bbox 1430 691 1532 735; x_wconf 91' lang='lat' dir='ltr'>istos</span> 
     </span>
     <span class='ocr_line' id='line_1_9' title="bbox 146 761 1532 825; baseline -0.003 -17"><span class='ocrx_word' id='word_1_66' title='bbox 146 764 388 825; x_wconf 88' lang='lat' dir='ltr'>quidquam</span> <span class='ocrx_word' id='word_1_67' title='bbox 426 764 685 822; x_wconf 88' lang='lat' dir='ltr'>pertimesco</span> <span class='ocrx_word' id='word_1_68' title='bbox 728 782 736 807; x_wconf 87' lang='lat'><strong>:</strong></span> <span class='ocrx_word' id='word_1_69' title='bbox 777 777 951 822; x_wconf 91' lang='lat' dir='ltr'>prorsus</span> <span class='ocrx_word' id='word_1_70' title='bbox 988 762 1082 806; x_wconf 87' lang='lat' dir='ltr'>haec</span> <span class='ocrx_word' id='word_1_71' title='bbox 1119 776 1218 821; x_wconf 90' lang='lat' dir='ltr'>quae</span> <span class='ocrx_word' id='word_1_72' title='bbox 1259 761 1532 819; x_wconf 84' lang='lat' dir='ltr'>interrogasti</span> 
     </span>
     <span class='ocr_line' id='line_1_10' title="bbox 144 831 1527 891; baseline -0.003 -14"><span class='ocrx_word' id='word_1_73' title='bbox 144 835 323 878; x_wconf 89' lang='lat' dir='ltr'>scientia</span> <span class='ocrx_word' id='word_1_74' title='bbox 345 842 473 877; x_wconf 86' lang='lat' dir='ltr'>teneo</span> <span class='ocrx_word' id='word_1_75' title='bbox 493 853 501 877; x_wconf 92' lang='grc'>;</span> <span class='ocrx_word' id='word_1_76' title='bbox 530 848 659 891; x_wconf 85' lang='lat' dir='ltr'>perge</span> <span class='ocrx_word' id='word_1_77' title='bbox 683 831 815 876; x_wconf 90' lang='lat' dir='ltr'>modo</span> <span class='ocrx_word' id='word_1_78' title='bbox 838 831 1005 876; x_wconf 88' lang='lat' dir='ltr'>videam</span> <span class='ocrx_word' id='word_1_79' title='bbox 1025 845 1232 891; x_wconf 87' lang='lat' dir='ltr'>quorsum</span> <span class='ocrx_word' id='word_1_80' title='bbox 1256 831 1334 874; x_wconf 91' lang='lat' dir='ltr'>ista</span> <span class='ocrx_word' id='word_1_81' title='bbox 1355 831 1527 890; x_wconf 82' lang='lat' dir='ltr'>quaeris.</span> 
     </span>
     <span class='ocr_line' id='line_1_11' title="bbox 144 900 1526 962; baseline -0.003 -15"><span class='ocrx_word' id='word_1_82' title='bbox 144 906 198 947; x_wconf 88' lang='lat' dir='ltr'>R.</span> <span class='ocrx_word' id='word_1_83' title='bbox 231 906 294 948; x_wconf 91' lang='lat' dir='ltr'>Ne</span> <span class='ocrx_word' id='word_1_84' title='bbox 326 918 538 962; x_wconf 68' lang='lat' dir='ltr'>propera,</span> <span class='ocrx_word' id='word_1_85' title='bbox 570 903 694 946; x_wconf 88' lang='lat' dir='ltr'>otiosi</span> <span class='ocrx_word' id='word_1_86' title='bbox 725 916 888 945; x_wconf 90' lang='lat' dir='ltr'>sumus.</span> <span class='ocrx_word' id='word_1_87' title='bbox 929 904 1128 944; x_wconf 90' lang='lat' dir='ltr'>Intentus</span> <span class='ocrx_word' id='word_1_88' title='bbox 1160 909 1330 944; x_wconf 90' lang='lat' dir='ltr'>tantum</span> <span class='ocrx_word' id='word_1_89' title='bbox 1354 900 1526 959; x_wconf 85' lang='lat' dir='ltr'>accipe,</span> 
     </span>
     <span class='ocr_line' id='line_1_12' title="bbox 144 953 1531 1031; baseline -0.001 -16"><span class='ocrx_word' id='word_1_90' title='bbox 144 987 198 1015; x_wconf 92' lang='lat' dir='ltr'>ne</span> <span class='ocrx_word' id='word_1_91' title='bbox 215 971 323 1031; x_wconf 89' lang='lat' dir='ltr'>quid</span> <span class='ocrx_word' id='word_1_92' title='bbox 355 953 769 1027; x_wconf 40' lang='lat' dir='ltr'>temerjdconcedas.</span> <span class='ocrx_word' id='word_1_93' title='bbox 807 968 1081 1013; x_wconf 85' lang='lat' dir='ltr'>Gaudentem</span> <span class='ocrx_word' id='word_1_94' title='bbox 1104 978 1146 1012; x_wconf 89' lang='lat' dir='ltr'>te</span> <span class='ocrx_word' id='word_1_95' title='bbox 1167 969 1322 1013; x_wconf 80' lang='lat' dir='ltr'>studeo</span> <span class='ocrx_word' id='word_1_96' title='bbox 1351 969 1531 1013; x_wconf 86' lang='lat' dir='ltr'>reddere</span> 
     </span>
     <span class='ocr_line' id='line_1_13' title="bbox 145 1039 1531 1098; baseline -0.002 -14"><span class='ocrx_word' id='word_1_97' title='bbox 145 1042 199 1085; x_wconf 91' lang='lat' dir='ltr'>de</span> <span class='ocrx_word' id='word_1_98' title='bbox 222 1042 352 1084; x_wconf 91' lang='lat' dir='ltr'>rebus</span> <span class='ocrx_word' id='word_1_99' title='bbox 374 1041 532 1098; x_wconf 85' lang='lat' dir='ltr'>quibus</span> <span class='ocrx_word' id='word_1_100' title='bbox 549 1039 723 1084; x_wconf 86' lang='lat' dir='ltr'>nullum</span> <span class='ocrx_word' id='word_1_101' title='bbox 742 1054 889 1083; x_wconf 89' lang='lat' dir='ltr'>casum</span> <span class='ocrx_word' id='word_1_102' title='bbox 913 1039 1212 1097; x_wconf 83' lang='lat' dir='ltr'>pertimescas,</span> <span class='ocrx_word' id='word_1_103' title='bbox 1238 1048 1281 1082; x_wconf 89' lang='lat' dir='ltr'>et</span> <span class='ocrx_word' id='word_1_104' title='bbox 1296 1039 1417 1097; x_wconf 89' lang='lat' dir='ltr'>quasi</span> <span class='ocrx_word' id='word_1_105' title='bbox 1439 1054 1531 1097; x_wconf 83' lang='lat' dir='ltr'>par-</span> 
     </span>
     <span class='ocr_line' id='line_1_14' title="bbox 143 1107 1531 1168; baseline -0.001 -14"><span class='ocrx_word' id='word_1_106' title='bbox 143 1125 247 1154; x_wconf 87' lang='lat' dir='ltr'>vum</span> <span class='ocrx_word' id='word_1_107' title='bbox 270 1109 492 1167; x_wconf 87' lang='lat' dir='ltr'>negotium</span> <span class='ocrx_word' id='word_1_108' title='bbox 530 1110 608 1162; x_wconf 85' lang='lat' dir='ltr'>sit,</span> <span class='ocrx_word' id='word_1_109' title='bbox 635 1110 908 1168; x_wconf 86' lang='lat' dir='ltr'>praecipitare</span> <span class='ocrx_word' id='word_1_110' title='bbox 931 1110 1093 1168; x_wconf 78' lang='lat' dir='ltr'>jubes?</span> <span class='ocrx_word' id='word_1_111' title='bbox 1121 1112 1173 1152; x_wconf 93' lang='lat' dir='ltr'>A.</span> <span class='ocrx_word' id='word_1_112' title='bbox 1202 1112 1268 1153; x_wconf 90' lang='lat' dir='ltr'>Ita</span> <span class='ocrx_word' id='word_1_113' title='bbox 1290 1112 1404 1152; x_wconf 89' lang='lat' dir='ltr'>Deus</span> <span class='ocrx_word' id='word_1_114' title='bbox 1425 1107 1531 1152; x_wconf 81' lang='lat' dir='ltr'>faxit</span> 
     </span>
     <span class='ocr_line' id='line_1_15' title="bbox 144 1179 1531 1239; baseline 0 -16"><span class='ocrx_word' id='word_1_115' title='bbox 144 1189 194 1224; x_wconf 92' lang='lat' dir='ltr'>ut</span> <span class='ocrx_word' id='word_1_116' title='bbox 215 1180 336 1224; x_wconf 90' lang='lat' dir='ltr'>dicis.</span> <span class='ocrx_word' id='word_1_117' title='bbox 368 1183 521 1239; x_wconf 83' lang='lat' dir='ltr'>Itaque</span> <span class='ocrx_word' id='word_1_118' title='bbox 543 1180 723 1223; x_wconf 87' lang='lat' dir='ltr'>arbitrio</span> <span class='ocrx_word' id='word_1_119' title='bbox 746 1188 822 1223; x_wconf 92' lang='lat' dir='ltr'>tuo</span> <span class='ocrx_word' id='word_1_120' title='bbox 846 1187 998 1237; x_wconf 84' lang='lat' dir='ltr'>rogato</span> <span class='ocrx_word' id='word_1_121' title='bbox 1015 1214 1026 1233; x_wconf 95' lang='lat'>,</span> <span class='ocrx_word' id='word_1_122' title='bbox 1046 1187 1089 1222; x_wconf 90' lang='lat' dir='ltr'>et</span> <span class='ocrx_word' id='word_1_123' title='bbox 1110 1179 1340 1237; x_wconf 83' lang='lat' dir='ltr'>objurgato</span> <span class='ocrx_word' id='word_1_124' title='bbox 1361 1180 1531 1237; x_wconf 84' lang='lat' dir='ltr'>gravius</span> 
     </span>
     <span class='ocr_line' id='line_1_16' title="bbox 145 1249 760 1308; baseline -0.002 -16"><span class='ocrx_word' id='word_1_125' title='bbox 145 1250 180 1293; x_wconf 91' lang='lat' dir='ltr'>si</span> <span class='ocrx_word' id='word_1_126' title='bbox 195 1249 437 1308; x_wconf 88' lang='lat' dir='ltr'>quidquam</span> <span class='ocrx_word' id='word_1_127' title='bbox 460 1249 544 1292; x_wconf 89' lang='lat' dir='ltr'>tale</span> <span class='ocrx_word' id='word_1_128' title='bbox 567 1249 760 1308; x_wconf 89' lang='lat' dir='ltr'>posthac.</span> 
     </span>
    </p>

    <p class='ocr_par' dir='ltr' id='par_1_3' title="bbox 140 1317 1531 2561">
     <span class='ocr_line' id='line_1_17' title="bbox 202 1317 1529 1376; baseline 0.001 -14"><span class='ocrx_word' id='word_1_129' title='bbox 202 1321 260 1362; x_wconf 83' lang='lat' dir='ltr'>X.</span> <span class='ocrx_word' id='word_1_130' title='bbox 283 1321 399 1376; x_wconf 86' lang='lat' dir='ltr'>Ergo</span> <span class='ocrx_word' id='word_1_131' title='bbox 429 1318 589 1362; x_wconf 88' lang='lat' dir='ltr'>lineam</span> <span class='ocrx_word' id='word_1_132' title='bbox 609 1318 654 1361; x_wconf 88' lang='lat' dir='ltr'>in</span> <span class='ocrx_word' id='word_1_133' title='bbox 678 1317 786 1361; x_wconf 89' lang='lat' dir='ltr'>duas</span> <span class='ocrx_word' id='word_1_134' title='bbox 807 1317 941 1360; x_wconf 88' lang='lat' dir='ltr'>lineas</span> <span class='ocrx_word' id='word_1_135' title='bbox 974 1333 1050 1376; x_wconf 90' lang='lat' dir='ltr'>per</span> <span class='ocrx_word' id='word_1_136' title='bbox 1073 1318 1253 1375; x_wconf 86' lang='lat' dir='ltr'>longum</span> <span class='ocrx_word' id='word_1_137' title='bbox 1275 1318 1414 1362; x_wconf 88' lang='lat' dir='ltr'>scindi</span> <span class='ocrx_word' id='word_1_138' title='bbox 1435 1335 1529 1363; x_wconf 86' lang='lat' dir='ltr'>ma-</span> 
     </span>
     <span class='ocr_line' id='line_1_18' title="bbox 143 1377 1525 1445; baseline 0.001 -15"><span class='ocrx_word' id='word_1_139' title='bbox 143 1377 353 1431; x_wconf 30' lang='lat' dir='ltr'>nifestum*</span> <span class='ocrx_word' id='word_1_140' title='bbox 371 1387 449 1431; x_wconf 86' lang='lat' dir='ltr'>tibi</span> <span class='ocrx_word' id='word_1_141' title='bbox 482 1396 546 1431; x_wconf 91' lang='lat' dir='ltr'>est</span> <span class='ocrx_word' id='word_1_142' title='bbox 570 1387 693 1430; x_wconf 88' lang='lat' dir='ltr'>nullo</span> <span class='ocrx_word' id='word_1_143' title='bbox 715 1387 847 1431; x_wconf 90' lang='lat' dir='ltr'>modo</span> <span class='ocrx_word' id='word_1_144' title='bbox 871 1389 1022 1445; x_wconf 80' lang='lat' dir='ltr'>posse?</span> <span class='ocrx_word' id='word_1_145' title='bbox 1050 1391 1103 1431; x_wconf 69' lang='lat' dir='ltr'>A„</span> <span class='ocrx_word' id='word_1_146' title='bbox 1133 1387 1430 1432; x_wconf 82' lang='lat' dir='ltr'>Manifestum.</span> <span class='ocrx_word' id='word_1_147' title='bbox 1473 1393 1525 1432; x_wconf 82' lang='lat' dir='ltr'>R.</span> 
     </span>
     <span class='ocr_line' id='line_1_19' title="bbox 142 1456 1531 1518; baseline 0.001 -18"><span class='ocrx_word' id='word_1_148' title='bbox 142 1456 259 1510; x_wconf 84' lang='lat' dir='ltr'>Quid</span> <span class='ocrx_word' id='word_1_149' title='bbox 291 1457 599 1500; x_wconf 75' lang='lat' dir='ltr'>transversim?</span> <span class='ocrx_word' id='word_1_150' title='bbox 633 1460 685 1500; x_wconf 89' lang='lat' dir='ltr'>A.</span> <span class='ocrx_word' id='word_1_151' title='bbox 725 1457 862 1511; x_wconf 86' lang='lat' dir='ltr'>Quid,</span> <span class='ocrx_word' id='word_1_152' title='bbox 903 1458 983 1501; x_wconf 89' lang='lat' dir='ltr'>nisi</span> <span class='ocrx_word' id='word_1_153' title='bbox 1013 1457 1183 1501; x_wconf 88' lang='lat' dir='ltr'>infinite</span> <span class='ocrx_word' id='word_1_154' title='bbox 1220 1459 1351 1502; x_wconf 86' lang='lat' dir='ltr'>secari</span> <span class='ocrx_word' id='word_1_155' title='bbox 1376 1461 1531 1518; x_wconf 79' lang='lat' dir='ltr'>posse?</span> 
     </span>
     <span class='ocr_line' id='line_1_20' title="bbox 141 1526 1530 1586; baseline 0 -16"><span class='ocrx_word' id='word_1_156' title='bbox 141 1530 193 1570; x_wconf 81' lang='lat' dir='ltr'>R.</span> <span class='ocrx_word' id='word_1_157' title='bbox 217 1526 333 1579; x_wconf 88' lang='lat' dir='ltr'>Quid</span> <span class='ocrx_word' id='word_1_158' title='bbox 352 1527 564 1586; x_wconf 87' lang='lat' dir='ltr'>sphaeram</span> <span class='ocrx_word' id='word_1_159' title='bbox 587 1542 639 1569; x_wconf 77' lang='lat' dir='ltr'>ex</span> <span class='ocrx_word' id='word_1_160' title='bbox 658 1542 746 1570; x_wconf 88' lang='lat' dir='ltr'>una</span> <span class='ocrx_word' id='word_1_161' title='bbox 768 1526 964 1585; x_wconf 86' lang='lat' dir='ltr'>qualibet</span> <span class='ocrx_word' id='word_1_162' title='bbox 984 1537 1104 1584; x_wconf 87' lang='lat' dir='ltr'>parte</span> <span class='ocrx_word' id='word_1_163' title='bbox 1123 1543 1145 1568; x_wconf 89' lang='lat' dir='ltr'>a</span> <span class='ocrx_word' id='word_1_164' title='bbox 1163 1528 1326 1580; x_wconf 87' lang='lat' dir='ltr'>medio,</span> <span class='ocrx_word' id='word_1_165' title='bbox 1345 1544 1398 1568; x_wconf 89' lang='lat' dir='ltr'>ne</span> <span class='ocrx_word' id='word_1_166' title='bbox 1421 1528 1530 1570; x_wconf 87' lang='lat' dir='ltr'>duos</span> 
     </span>
     <span class='ocr_line' id='line_1_21' title="bbox 141 1593 1530 1655; baseline -0.001 -15"><span class='ocrx_word' id='word_1_167' title='bbox 141 1595 319 1655; x_wconf 86' lang='lat' dir='ltr'>quidem</span> <span class='ocrx_word' id='word_1_168' title='bbox 345 1611 467 1653; x_wconf 81' lang='lat' dir='ltr'>pares</span> <span class='ocrx_word' id='word_1_169' title='bbox 490 1595 674 1639; x_wconf 87' lang='lat' dir='ltr'>circulos</span> <span class='ocrx_word' id='word_1_170' title='bbox 696 1595 858 1637; x_wconf 86' lang='lat' dir='ltr'>habere</span> <span class='ocrx_word' id='word_1_171' title='bbox 881 1609 1005 1652; x_wconf 84' lang='lat' dir='ltr'>posse</span> <span class='ocrx_word' id='word_1_172' title='bbox 1026 1595 1186 1652; x_wconf 85' lang='lat' dir='ltr'>pariter</span> <span class='ocrx_word' id='word_1_173' title='bbox 1208 1593 1352 1638; x_wconf 75' lang='lat' dir='ltr'>lucet?</span> <span class='ocrx_word' id='word_1_174' title='bbox 1375 1598 1426 1639; x_wconf 87' lang='lat' dir='ltr'>A.</span> <span class='ocrx_word' id='word_1_175' title='bbox 1450 1599 1530 1639; x_wconf 92' lang='lat' dir='ltr'>Pa-</span> 
     </span>
     <span class='ocr_line' id='line_1_22' title="bbox 141 1663 1529 1725; baseline 0 -16"><span class='ocrx_word' id='word_1_176' title='bbox 141 1666 244 1709; x_wconf 88' lang='lat' dir='ltr'>riter</span> <span class='ocrx_word' id='word_1_177' title='bbox 265 1665 460 1709; x_wconf 91' lang='lat' dir='ltr'>omnino.</span> <span class='ocrx_word' id='word_1_178' title='bbox 487 1668 540 1708; x_wconf 80' lang='lat' dir='ltr'>R.</span> <span class='ocrx_word' id='word_1_179' title='bbox 572 1663 688 1717; x_wconf 90' lang='lat' dir='ltr'>Quid</span> <span class='ocrx_word' id='word_1_180' title='bbox 719 1664 831 1707; x_wconf 90' lang='lat' dir='ltr'>linea</span> <span class='ocrx_word' id='word_1_181' title='bbox 850 1672 893 1707; x_wconf 89' lang='lat' dir='ltr'>et</span> <span class='ocrx_word' id='word_1_182' title='bbox 910 1663 1078 1722; x_wconf 89' lang='lat' dir='ltr'>sphaera</span> <span class='ocrx_word' id='word_1_183' title='bbox 1096 1698 1107 1718; x_wconf 90' lang='lat'>,</span> <span class='ocrx_word' id='word_1_184' title='bbox 1128 1679 1352 1707; x_wconf 90' lang='lat' dir='ltr'>unum-ne</span> <span class='ocrx_word' id='word_1_185' title='bbox 1367 1665 1529 1725; x_wconf 88' lang='lat' dir='ltr'>aliquid</span> 
     </span>
     <span class='ocr_line' id='line_1_23' title="bbox 141 1732 1525 1793; baseline 0 -14"><span class='ocrx_word' id='word_1_186' title='bbox 141 1735 220 1779; x_wconf 84' lang='lat' dir='ltr'>tibi</span> <span class='ocrx_word' id='word_1_187' title='bbox 252 1734 458 1779; x_wconf 84' lang='lat' dir='ltr'>videntur</span> <span class='ocrx_word' id='word_1_188' title='bbox 485 1750 596 1788; x_wconf 88' lang='lat' dir='ltr'>esse,</span> <span class='ocrx_word' id='word_1_189' title='bbox 635 1749 691 1776; x_wconf 89' lang='lat' dir='ltr'>an</span> <span class='ocrx_word' id='word_1_190' title='bbox 718 1732 961 1793; x_wconf 89' lang='lat' dir='ltr'>quidquam</span> <span class='ocrx_word' id='word_1_191' title='bbox 985 1733 1097 1776; x_wconf 90' lang='lat' dir='ltr'>inter</span> <span class='ocrx_word' id='word_1_192' title='bbox 1129 1749 1174 1777; x_wconf 92' lang='lat' dir='ltr'>se</span> <span class='ocrx_word' id='word_1_193' title='bbox 1196 1733 1438 1778; x_wconf 83' lang='lat' dir='ltr'>differunt?</span> <span class='ocrx_word' id='word_1_194' title='bbox 1473 1739 1525 1779; x_wconf 90' lang='lat' dir='ltr'>A.</span> 
     </span>
     <span class='ocr_line' id='line_1_24' title="bbox 140 1803 1530 1864; baseline 0 -16"><span class='ocrx_word' id='word_1_195' title='bbox 140 1805 245 1858; x_wconf 89' lang='lat' dir='ltr'>Quis</span> <span class='ocrx_word' id='word_1_196' title='bbox 268 1820 357 1848; x_wconf 93' lang='lat' dir='ltr'>non</span> <span class='ocrx_word' id='word_1_197' title='bbox 378 1804 522 1848; x_wconf 86' lang='lat' dir='ltr'>videat</span> <span class='ocrx_word' id='word_1_198' title='bbox 554 1803 730 1848; x_wconf 84' lang='lat' dir='ltr'>differre</span> <span class='ocrx_word' id='word_1_199' title='bbox 768 1804 1036 1862; x_wconf 85' lang='lat' dir='ltr'>plurimum?</span> <span class='ocrx_word' id='word_1_200' title='bbox 1057 1807 1110 1848; x_wconf 83' lang='lat' dir='ltr'>R.</span> <span class='ocrx_word' id='word_1_201' title='bbox 1138 1807 1194 1848; x_wconf 87' lang='lat' dir='ltr'>At</span> <span class='ocrx_word' id='word_1_202' title='bbox 1217 1805 1250 1848; x_wconf 87' lang='lat' dir='ltr'>si</span> <span class='ocrx_word' id='word_1_203' title='bbox 1274 1820 1398 1864; x_wconf 89' lang='lat' dir='ltr'>aeque</span> <span class='ocrx_word' id='word_1_204' title='bbox 1419 1805 1530 1849; x_wconf 89' lang='lat' dir='ltr'>illud</span> 
     </span>
     <span class='ocr_line' id='line_1_25' title="bbox 140 1872 1528 1935; baseline 0 -16"><span class='ocrx_word' id='word_1_205' title='bbox 140 1885 272 1935; x_wconf 90' lang='lat' dir='ltr'>atque</span> <span class='ocrx_word' id='word_1_206' title='bbox 295 1876 378 1919; x_wconf 88' lang='lat' dir='ltr'>hoc</span> <span class='ocrx_word' id='word_1_207' title='bbox 400 1875 512 1919; x_wconf 91' lang='lat' dir='ltr'>nosti</span> <span class='ocrx_word' id='word_1_208' title='bbox 531 1910 542 1928; x_wconf 91' lang='lat'>,</span> <span class='ocrx_word' id='word_1_209' title='bbox 568 1884 612 1918; x_wconf 92' lang='lat' dir='ltr'>et</span> <span class='ocrx_word' id='word_1_210' title='bbox 633 1884 780 1918; x_wconf 88' lang='lat' dir='ltr'>tamen</span> <span class='ocrx_word' id='word_1_211' title='bbox 801 1875 914 1918; x_wconf 90' lang='lat' dir='ltr'>inter</span> <span class='ocrx_word' id='word_1_212' title='bbox 935 1889 995 1929; x_wconf 90' lang='lat' dir='ltr'>se,</span> <span class='ocrx_word' id='word_1_213' title='bbox 1021 1883 1070 1918; x_wconf 87' lang='lat' dir='ltr'>ut</span> <span class='ocrx_word' id='word_1_214' title='bbox 1092 1872 1239 1918; x_wconf 86' lang='lat' dir='ltr'>fateris</span> <span class='ocrx_word' id='word_1_215' title='bbox 1256 1910 1267 1929; x_wconf 85' lang='lat'>,</span> <span class='ocrx_word' id='word_1_216' title='bbox 1293 1875 1528 1934; x_wconf 87' lang='lat' dir='ltr'>plurimum</span> 
     </span>
     <span class='ocr_line' id='line_1_26' title="bbox 140 1944 1530 2003; baseline 0.001 -15"><span class='ocrx_word' id='word_1_217' title='bbox 140 1945 373 1999; x_wconf 85' lang='lat' dir='ltr'>differunt,</span> <span class='ocrx_word' id='word_1_218' title='bbox 416 1953 481 1988; x_wconf 92' lang='lat' dir='ltr'>est</span> <span class='ocrx_word' id='word_1_219' title='bbox 508 1960 612 2003; x_wconf 84' lang='lat' dir='ltr'>ergo</span> <span class='ocrx_word' id='word_1_220' title='bbox 637 1944 935 1988; x_wconf 85' lang='lat' dir='ltr'>differentium</span> <span class='ocrx_word' id='word_1_221' title='bbox 974 1959 1118 1987; x_wconf 89' lang='lat' dir='ltr'>rerum</span> <span class='ocrx_word' id='word_1_222' title='bbox 1150 1945 1327 1988; x_wconf 86' lang='lat' dir='ltr'>scientia</span> <span class='ocrx_word' id='word_1_223' title='bbox 1355 1945 1530 1989; x_wconf 85' lang='lat' dir='ltr'>indiffe-</span> 
     </span>
     <span class='ocr_line' id='line_1_27' title="bbox 141 2014 1529 2073; baseline 0.001 -15"><span class='ocrx_word' id='word_1_224' title='bbox 141 2030 253 2059; x_wconf 89' lang='lat' dir='ltr'>rens.</span> <span class='ocrx_word' id='word_1_225' title='bbox 280 2018 332 2058; x_wconf 92' lang='lat' dir='ltr'>A.</span> <span class='ocrx_word' id='word_1_226' title='bbox 355 2015 457 2067; x_wconf 88' lang='lat' dir='ltr'>Quis</span> <span class='ocrx_word' id='word_1_227' title='bbox 479 2015 595 2057; x_wconf 88' lang='lat' dir='ltr'>enim</span> <span class='ocrx_word' id='word_1_228' title='bbox 618 2014 825 2073; x_wconf 80' lang='lat' dir='ltr'>negavit?</span> <span class='ocrx_word' id='word_1_229' title='bbox 846 2017 900 2058; x_wconf 84' lang='lat' dir='ltr'>R.</span> <span class='ocrx_word' id='word_1_230' title='bbox 925 2017 990 2057; x_wconf 88' lang='lat' dir='ltr'>Tu</span> <span class='ocrx_word' id='word_1_231' title='bbox 1012 2014 1144 2073; x_wconf 89' lang='lat' dir='ltr'>paulo</span> <span class='ocrx_word' id='word_1_232' title='bbox 1163 2024 1276 2058; x_wconf 86' lang='lat' dir='ltr'>ante.</span> <span class='ocrx_word' id='word_1_233' title='bbox 1297 2017 1407 2059; x_wconf 88' lang='lat' dir='ltr'>Nam</span> <span class='ocrx_word' id='word_1_234' title='bbox 1428 2031 1529 2059; x_wconf 90' lang='lat' dir='ltr'>cum</span> 
     </span>
     <span class='ocr_line' id='line_1_28' title="bbox 142 2084 1526 2144; baseline 0.001 -15"><span class='ocrx_word' id='word_1_235' title='bbox 142 2095 185 2129; x_wconf 93' lang='lat' dir='ltr'>te</span> <span class='ocrx_word' id='word_1_236' title='bbox 206 2099 422 2144; x_wconf 87' lang='lat' dir='ltr'>rogassem</span> <span class='ocrx_word' id='word_1_237' title='bbox 445 2085 668 2143; x_wconf 87' lang='lat' dir='ltr'>quomodo</span> <span class='ocrx_word' id='word_1_238' title='bbox 689 2084 793 2128; x_wconf 86' lang='lat' dir='ltr'>velis</span> <span class='ocrx_word' id='word_1_239' title='bbox 817 2088 956 2128; x_wconf 91' lang='lat' dir='ltr'>Deum</span> <span class='ocrx_word' id='word_1_240' title='bbox 974 2100 1120 2139; x_wconf 91' lang='lat' dir='ltr'>nosse,</span> <span class='ocrx_word' id='word_1_241' title='bbox 1138 2094 1186 2128; x_wconf 90' lang='lat' dir='ltr'>ut</span> <span class='ocrx_word' id='word_1_242' title='bbox 1209 2085 1343 2144; x_wconf 91' lang='lat' dir='ltr'>possis</span> <span class='ocrx_word' id='word_1_243' title='bbox 1361 2085 1526 2131; x_wconf 84' lang='lat' dir='ltr'>dicere:</span> 
     </span>
     <span class='ocr_line' id='line_1_29' title="bbox 143 2154 1529 2216; baseline 0.001 -17"><span class='ocrx_word' id='word_1_244' title='bbox 143 2155 252 2200; x_wconf 85' lang='lat' dir='ltr'>Satis</span> <span class='ocrx_word' id='word_1_245' title='bbox 273 2163 338 2198; x_wconf 91' lang='lat' dir='ltr'>est</span> <span class='ocrx_word' id='word_1_246' title='bbox 359 2173 369 2198; x_wconf 68' lang='grc' dir='ltr'>ι</span> <span class='ocrx_word' id='word_1_247' title='bbox 395 2154 655 2213; x_wconf 90' lang='lat' dir='ltr'>respondisti</span> <span class='ocrx_word' id='word_1_248' title='bbox 680 2163 722 2198; x_wconf 90' lang='lat' dir='ltr'>te</span> <span class='ocrx_word' id='word_1_249' title='bbox 760 2155 859 2198; x_wconf 89' lang='lat' dir='ltr'>ideo</span> <span class='ocrx_word' id='word_1_250' title='bbox 884 2155 1066 2214; x_wconf 88' lang='lat' dir='ltr'>nequire</span> <span class='ocrx_word' id='word_1_251' title='bbox 1087 2156 1170 2198; x_wconf 94' lang='lat' dir='ltr'>hoc</span> <span class='ocrx_word' id='word_1_252' title='bbox 1191 2154 1405 2214; x_wconf 85' lang='lat' dir='ltr'>explicare</span> <span class='ocrx_word' id='word_1_253' title='bbox 1429 2157 1529 2216; x_wconf 89' lang='lat' dir='ltr'>quia</span> 
     </span>
     <span class='ocr_line' id='line_1_30' title="bbox 142 2223 1528 2285; baseline 0.001 -17"><span class='ocrx_word' id='word_1_254' title='bbox 142 2224 254 2268; x_wconf 89' lang='lat' dir='ltr'>nihil</span> <span class='ocrx_word' id='word_1_255' title='bbox 289 2224 470 2268; x_wconf 89' lang='lat' dir='ltr'>haberes</span> <span class='ocrx_word' id='word_1_256' title='bbox 510 2232 787 2282; x_wconf 88' lang='lat' dir='ltr'>perceptum,</span> <span class='ocrx_word' id='word_1_257' title='bbox 827 2223 1025 2267; x_wconf 88' lang='lat' dir='ltr'>similiter</span> <span class='ocrx_word' id='word_1_258' title='bbox 1062 2234 1193 2284; x_wconf 91' lang='lat' dir='ltr'>atque</span> <span class='ocrx_word' id='word_1_259' title='bbox 1231 2228 1372 2269; x_wconf 89' lang='lat' dir='ltr'>Deum</span> <span class='ocrx_word' id='word_1_260' title='bbox 1407 2227 1528 2285; x_wconf 91' lang='lat' dir='ltr'>cupis</span> 
     </span>
     <span class='ocr_line' id='line_1_31' title="bbox 141 2292 1524 2352; baseline 0.002 -15"><span class='ocrx_word' id='word_1_261' title='bbox 141 2294 380 2352; x_wconf 86' lang='lat' dir='ltr'>percipere,</span> <span class='ocrx_word' id='word_1_262' title='bbox 397 2292 506 2336; x_wconf 84' lang='lat' dir='ltr'>nihil</span> <span class='ocrx_word' id='word_1_263' title='bbox 528 2293 644 2336; x_wconf 89' lang='lat' dir='ltr'>enim</span> <span class='ocrx_word' id='word_1_264' title='bbox 662 2301 705 2336; x_wconf 91' lang='lat' dir='ltr'>te</span> <span class='ocrx_word' id='word_1_265' title='bbox 727 2293 837 2337; x_wconf 89' lang='lat' dir='ltr'>scire</span> <span class='ocrx_word' id='word_1_266' title='bbox 855 2296 945 2337; x_wconf 92' lang='lat' dir='ltr'>Deo</span> <span class='ocrx_word' id='word_1_267' title='bbox 964 2294 1115 2337; x_wconf 90' lang='lat' dir='ltr'>simile.</span> <span class='ocrx_word' id='word_1_268' title='bbox 1129 2295 1241 2346; x_wconf 87' lang='lat' dir='ltr'>Quid</span> <span class='ocrx_word' id='word_1_269' title='bbox 1263 2310 1363 2352; x_wconf 82' lang='lat' dir='ltr'>ergo</span> <span class='ocrx_word' id='word_1_270' title='bbox 1385 2311 1524 2351; x_wconf 90' lang='lat' dir='ltr'>nunc,</span> 
     </span>
     <span class='ocr_line' id='line_1_32' title="bbox 142 2361 1528 2420; baseline 0.003 -14"><span class='ocrx_word' id='word_1_271' title='bbox 142 2363 256 2406; x_wconf 79' lang='lat' dir='ltr'>linea</span> <span class='ocrx_word' id='word_1_272' title='bbox 273 2362 342 2406; x_wconf 88' lang='lat' dir='ltr'>vel</span> <span class='ocrx_word' id='word_1_273' title='bbox 361 2362 530 2420; x_wconf 86' lang='lat' dir='ltr'>sphaera</span> <span class='ocrx_word' id='word_1_274' title='bbox 548 2361 706 2406; x_wconf 88' lang='lat' dir='ltr'>similes</span> <span class='ocrx_word' id='word_1_275' title='bbox 727 2364 854 2406; x_wconf 78' lang='lat' dir='ltr'>sunt?</span> <span class='ocrx_word' id='word_1_276' title='bbox 869 2365 922 2406; x_wconf 87' lang='lat' dir='ltr'>A.</span> <span class='ocrx_word' id='word_1_277' title='bbox 944 2363 1045 2416; x_wconf 89' lang='lat' dir='ltr'>Quis</span> <span class='ocrx_word' id='word_1_278' title='bbox 1065 2364 1148 2408; x_wconf 89' lang='lat' dir='ltr'>hoc</span> <span class='ocrx_word' id='word_1_279' title='bbox 1166 2364 1322 2408; x_wconf 83' lang='lat' dir='ltr'>dixerit</span> <span class='ocrx_word' id='word_1_280' title='bbox 1338 2366 1355 2406; x_wconf 76' lang='lat'>‘3</span> <span class='ocrx_word' id='word_1_281' title='bbox 1369 2368 1422 2408; x_wconf 83' lang='lat' dir='ltr'>R.</span> <span class='ocrx_word' id='word_1_282' title='bbox 1443 2365 1528 2410; x_wconf 90' lang='lat' dir='ltr'>Sed</span> 
     </span>
     <span class='ocr_line' id='line_1_33' title="bbox 141 2431 1527 2493; baseline 0.002 -17"><span class='ocrx_word' id='word_1_283' title='bbox 141 2447 220 2489; x_wconf 87' lang='lat' dir='ltr'>ego</span> <span class='ocrx_word' id='word_1_284' title='bbox 253 2431 535 2490; x_wconf 86' lang='lat' dir='ltr'>quaesiveram</span> <span class='ocrx_word' id='word_1_285' title='bbox 552 2466 563 2486; x_wconf 89' lang='lat'>,</span> <span class='ocrx_word' id='word_1_286' title='bbox 605 2446 694 2474; x_wconf 89' lang='lat' dir='ltr'>non</span> <span class='ocrx_word' id='word_1_287' title='bbox 725 2431 834 2490; x_wconf 89' lang='lat' dir='ltr'>quid</span> <span class='ocrx_word' id='word_1_288' title='bbox 855 2431 942 2475; x_wconf 90' lang='lat' dir='ltr'>tale</span> <span class='ocrx_word' id='word_1_289' title='bbox 963 2432 1090 2476; x_wconf 89' lang='lat' dir='ltr'>scires</span> <span class='ocrx_word' id='word_1_290' title='bbox 1108 2467 1119 2486; x_wconf 94' lang='lat'>,</span> <span class='ocrx_word' id='word_1_291' title='bbox 1159 2432 1234 2476; x_wconf 91' lang='lat' dir='ltr'>sed</span> <span class='ocrx_word' id='word_1_292' title='bbox 1270 2433 1379 2493; x_wconf 88' lang='lat' dir='ltr'>quid</span> <span class='ocrx_word' id='word_1_293' title='bbox 1399 2435 1527 2479; x_wconf 89' lang='lat' dir='ltr'>scires</span> 
     </span>
     <span class='ocr_line' id='line_1_34' title="bbox 143 2499 1522 2561; baseline 0.001 -16"><span class='ocrx_word' id='word_1_294' title='bbox 143 2502 218 2556; x_wconf 89' lang='lat' dir='ltr'>sic,</span> <span class='ocrx_word' id='word_1_295' title='bbox 235 2501 457 2561; x_wconf 89' lang='lat' dir='ltr'>quomodo</span> <span class='ocrx_word' id='word_1_296' title='bbox 474 2504 611 2544; x_wconf 89' lang='lat' dir='ltr'>Deum</span> <span class='ocrx_word' id='word_1_297' title='bbox 629 2501 735 2545; x_wconf 90' lang='lat' dir='ltr'>scire</span> <span class='ocrx_word' id='word_1_298' title='bbox 756 2499 987 2546; x_wconf 81' lang='lat' dir='ltr'>desideraS.</span> <span class='ocrx_word' id='word_1_299' title='bbox 1011 2502 1078 2546; x_wconf 91' lang='lat' dir='ltr'>Sic</span> <span class='ocrx_word' id='word_1_300' title='bbox 1096 2502 1209 2546; x_wconf 91' lang='lat' dir='ltr'>enim</span> <span class='ocrx_word' id='word_1_301' title='bbox 1232 2504 1343 2548; x_wconf 86' lang='lat' dir='ltr'>nosti</span> <span class='ocrx_word' id='word_1_302' title='bbox 1366 2503 1522 2548; x_wconf 89' lang='lat' dir='ltr'>lineam</span> 
     </span>
    </p>
   </div>
  </div>
 </body>
</html>
