1871 3162
288 211 372 251 244
718 226 750 253 s.
786 223 1016 255 mensum
1048 227 1227 255 Erlscom

284 289 572 345 mendarum,
609 291 731 349 quasi
750 293 924 351 trajecta
956 292 1002 335 in
1024 302 1218 336 ventrem
1246 290 1423 335 recondi
1446 289 1533 334 illic
1561 305 1662 349 posu

284 368 385 403 sunt
401 394 411 414 ⁷
447 375 594 419 sapere
617 376 705 404 non
728 371 921 419 possunt.
948 361 1198 405 Ridiculum
1222 370 1283 405 est
1305 361 1400 404 haec
1422 359 1504 404 illis
1543 361 1662 404 simi-

283 429 338 473 lia
361 439 535 488 putare‚
563 445 642 474 nec
665 439 810 474 tamen
831 440 934 475 sunt
955 432 1074 474 omni
1098 430 1227 474 modo
1250 430 1482 474 dissimilia.

340 502 488 544 XXII.
518 500 600 544 Sed
635 516 733 544 ecce
762 500 816 544 de
839 502 1044 545 memoria
1074 501 1269 560 profero,
1297 517 1397 545 cum
1425 501 1522 544 dico
1552 516 1662 559 qua-

283 581 381 616 tuor
412 587 500 614 esse
524 572 872 629 perturbationes
902 573 1064 627 animi,
1103 572 1384 631 cupiditatem
1404 607 1414 625 ,
1441 571 1661 626 leentiam,

279 652 444 686 metum
462 677 471 696 ‚
498 641 717 686 tristitiam
741 662 749 687 :
771 653 814 686 et
831 643 1048 702 quidquid
1066 643 1120 686 de
1144 644 1207 686 his
1226 642 1445 702 disputare
1463 651 1661 701 potuero,

280 711 515 757 dividendo
536 713 705 771 singula
727 729 803 771 per
825 714 984 773 species
1008 714 1073 757 sui
1095 714 1306 774 cujusque
1329 713 1496 771 generis
1514 722 1556 756 et
1585 712 1663 756 de-

278 782 471 827 finiendo
490 818 500 838 ,
533 783 595 826 ibi
634 784 820 840 invenio
832 782 940 844 quid
962 783 1128 838 dicam,
1169 792 1299 843 atque
1327 782 1428 827 inde
1457 780 1629 842 profero
1653 803 1661 827 :

279 869 359 899 nec
377 863 522 898 tamen
543 853 633 899 ulla
656 870 804 899 earum
830 855 1155 914 perturbatione
1176 856 1411 915 perturbor
1431 890 1441 910 ,
1475 870 1575 899 cum
1598 869 1667 898 eas

280 924 595 969 reminiscendo
632 941 925 970 commemoro
945 960 956 980 ‚
990 935 1034 969 et
1065 935 1299 986 antequam
1329 925 1622 970 recolerentur
1644 940 1667 968 a

279 1011 348 1039 me
371 1007 414 1039 et
442 1005 804 1057 retractarentur,
843 996 904 1040 ibi
926 1006 1074 1053 erant3
1098 1007 1325 1056 propterea
1358 996 1460 1039 inde
1498 1010 1575 1054 per
1597 1011 1667 1038 re-

280 1066 577 1111 cordationem
596 1077 776 1126 potuere
799 1068 1012 1125 depromi.
1041 1070 1172 1110 Forte
1195 1082 1320 1125 ergo,
1343 1067 1453 1110 sicut
1475 1066 1530 1109 de
1557 1081 1666 1109 ven-

280 1146 346 1181 tre
380 1138 503 1182 cibus
537 1138 819 1192 ruminando,
855 1138 914 1181 sic
959 1138 1036 1181 ista
1064 1137 1119 1181 de
1159 1138 1364 1181 memoria
1402 1136 1669 1181 recordando

282 1207 580 1266 proferuntur.
607 1210 696 1253 Cur
724 1208 856 1265 igitur
877 1208 923 1251 in
946 1223 1020 1252 ore
1042 1208 1315 1265 cogitationis
1333 1222 1422 1251 non
1444 1207 1630 1250 sentitur
1647 1221 1670 1250 a

283 1279 555 1338 disputante,
579 1280 663 1323 hoc
687 1287 766 1334 est,
789 1296 812 1322 a
834 1278 1138 1322 reminiscente
1158 1313 1168 1332 ‚
1198 1278 1361 1322 laetitiae
1389 1277 1578 1321 dulcedo
1600 1276 1668 1321 vel

284 1349 528 1394 amaritudo
549 1349 798 1393 moestitiae?
815 1352 885 1392 An
907 1349 952 1391 in
977 1349 1059 1392 hoc
1091 1347 1296 1392 dissimile
1319 1357 1405 1402 est,
1433 1348 1552 1408 quod
1579 1363 1669 1391 non

284 1419 480 1480 undique
502 1419 639 1464 simile
660 1422 754 1463 est?
775 1420 882 1473 Quis
903 1420 1020 1463 enim
1041 1419 1143 1463 talia
1165 1418 1311 1463 volens
1327 1418 1581 1478 loqueretur
1599 1455 1609 1470 ,
1636 1419 1669 1462 si

285 1491 456 1550 quoties
486 1490 704 1534 tristitiam
739 1499 960 1533 metumve
994 1490 1296 1541 nominamus,
1335 1490 1462 1533 toties
1487 1504 1671 1532 moerere

285 1563 354 1605 vel
376 1561 529 1605 timere
550 1561 828 1617 cogeremur?
850 1562 906 1604 Et
925 1568 1073 1603 tamen
1094 1575 1184 1603 non
1205 1575 1252 1603 ea
1274 1558 1569 1619 loqueremur,
1590 1559 1671 1602 nisi

288 1632 334 1674 in
362 1630 568 1675 memoria
603 1639 750 1674 nostra
784 1645 872 1674 non
904 1639 1077 1674 tantum
1099 1645 1226 1674 sonos
1253 1630 1479 1673 nominum
1514 1645 1671 1673 secun-

290 1702 397 1745 dum
428 1701 636 1760 imagines
669 1702 894 1759 impressas
935 1700 1130 1744 sensibus
1170 1699 1361 1758 corporis
1378 1735 1388 1753 ‚
1424 1700 1500 1743 sed
1541 1700 1669 1743 etiam

220 1786 225 1788 “
250 1808 261 1811 „
290 1786 437 1815 rerum
457 1771 649 1829 ipsarum
670 1771 868 1814 notiones
902 1770 1195 1814 inveniremus
1214 1805 1224 1824 ,
1263 1784 1369 1829 quas
1391 1768 1511 1812 nulla
1537 1770 1671 1828 janua

291 1841 430 1886 carnis
459 1841 723 1900 accepimus,
758 1839 834 1884 sed
861 1855 931 1883 eas
958 1842 1049 1898 ipse
1071 1841 1238 1884 animus
1263 1854 1338 1898 per
1366 1839 1673 1898 experientiam

291 1913 539 1972 passionum
561 1926 736 1955 suarum
764 1911 952 1954 sentiens
979 1911 1197 1954 memoriae
1221 1909 1544 1954 commendavit
1560 1943 1571 1963 ‚
1599 1917 1674 1952 aut

292 1984 382 2041 ipsa
403 1982 485 2026 sibi
507 1982 600 2026 haec
622 1982 752 2026 etiam
769 1996 859 2026 non
875 1980 1177 2026 commendata
1198 1981 1389 2024 retinuit.
