1871 3162
597 260 940 297 CONFEssmNUM,
978 260 1059 286 LIB.
1096 260 1156 285 IX.
1487 250 1568 288 217

197 325 351 382 tando,
377 326 530 371 sileant
551 325 715 370 somnia
744 333 787 369 et
807 324 1070 383 imaginariae
1093 323 1371 369 revelationes
1388 358 1399 379 ,
1433 327 1572 369 omnis

196 394 344 456 lingua
367 405 409 440 et
442 410 570 439 omne
603 395 774 453 signum
790 429 801 449 ,
838 403 881 438 et
902 392 1119 454 quidquid
1146 393 1410 437 transeundo
1440 394 1514 448 fit,
1539 396 1572 438 si

197 466 267 509 cui
289 465 409 509 sileat
444 465 642 521 omnino,
675 464 880 524 quoniam
903 463 937 507 si
959 464 1055 523 quis
1093 461 1264 518 audiat,
1302 462 1454 507 dicunt
1478 464 1572 507 haec

198 535 340 579 omnia
362 553 370 579 :
390 537 488 580 Non
508 535 600 593 ipsa
621 549 699 578 nos
722 533 924 588 fecimus,
945 533 1019 577 sed
1039 531 1142 577 fecit
1164 548 1241 577 nos
1263 532 1340 592 qui
1361 541 1508 577 manet
1528 533 1574 577 in

197 607 453 649 aeternum1.
480 603 555 648 His
577 602 701 647 dictis
723 604 758 647 si
781 605 870 663 jam
892 611 1083 657 taceant,
1109 602 1318 662 quoniam
1347 611 1576 647 erexerunt

197 689 345 718 aurem
371 674 416 717 in
438 689 538 718 eum
567 673 643 733 qui
665 673 767 717 fecit
786 688 856 728 ea,
889 682 932 717 et
952 673 1159 732 loquatur
1191 673 1280 731 ipse
1317 671 1432 716 solus
1450 707 1461 728 ,
1486 688 1576 717 non

199 759 275 803 per
292 759 366 799 ea,
391 743 466 787 sed
480 759 556 803 per
578 758 621 787 se
643 744 807 802 ipsum,
832 751 882 787 ut
898 742 1122 787 audiamus
1140 743 1324 788 verbum
1346 744 1436 803 ejus
1451 777 1462 798 ,
1487 758 1577 787 non

197 830 273 874 per
295 814 488 874 linguam
504 815 663 870 carnis,
688 829 832 874 neque
853 829 930 874 per
948 829 1098 859 vocem
1116 813 1292 873 Angeli,
1314 829 1394 858 nec
1415 828 1492 873 per
1508 829 1578 858 so·

198 886 340 930 nitum
361 886 512 941 nubis,
550 900 629 929 nec
663 900 739 944 per
768 886 953 944 aenigma
982 885 1297 943 similitudinis,
1325 885 1398 928 sed
1435 885 1576 943 ipsum

197 972 328 1017 quem
351 957 397 1001 in
420 958 486 1001 his
516 973 709 1001 amamus
730 991 741 1012 ‚
779 958 921 1016 ipsum
952 957 1042 1001 sine
1074 957 1140 1000 his
1178 956 1430 1011 audiamus,
1469 957 1579 1000 sicut

197 1043 314 1071 nunc
327 1026 598 1071 extendimus
613 1043 706 1083 nos,
721 1035 764 1072 et
778 1027 927 1086 rapida
944 1026 1205 1085 cogitatione
1221 1026 1442 1085 attigimus
1456 1035 1581 1070 aeter-

197 1111 300 1141 nam
326 1096 579 1154 sapientiam
605 1112 733 1156 super
754 1096 899 1140 omnia
926 1104 1200 1151 manentem,
1237 1095 1271 1139 si
1299 1096 1579 1140 continuetur

196 1167 303 1221 hoc,
322 1175 366 1210 et
386 1167 697 1210 subtrahantur
718 1166 813 1209 aliae
829 1166 1011 1209 visiones
1032 1165 1161 1223 longe
1183 1165 1358 1224 imparis
1382 1166 1549 1224 generis
1564 1200 1575 1220 ,

199 1246 243 1281 et
269 1237 363 1281 haec
384 1252 470 1280 una
495 1237 632 1296 rapiat
654 1245 698 1280 et
723 1236 952 1280 absorbeat
967 1271 981 1290 ,
1011 1245 1054 1279 et
1075 1234 1282 1280 recondat
1300 1236 1345 1280 in
1375 1236 1579 1280 interiora

199 1306 357 1364 gaudia
389 1315 671 1365 spectatorem
706 1320 833 1350 suum
850 1340 861 1360 ,
887 1314 936 1349 ut
968 1305 1063 1349 talis
1087 1305 1146 1349 sic
1177 1305 1441 1369 ²sempiterna
1462 1306 1548 1349 vita
1564 1340 1575 1360 ,

197 1375 325 1436 quale
343 1375 426 1420 fuit
437 1377 521 1420 hoc
538 1385 810 1421 momentum
824 1375 1138 1434 intelligentiae,
1157 1377 1227 1420 cui
1246 1376 1576 1434 suspiravimus,

195 1462 342 1491 nonne
370 1447 454 1491 hoc
476 1456 540 1490 est
573 1465 581 1491 :
617 1465 636 1487 ει
664 1449 781 1491 Intra
810 1447 856 1490 in
893 1445 1101 1505 gaudium
1125 1446 1298 1490 Domini
1319 1447 1445 1490 tui2‘?
1476 1464 1496 1487 »
1523 1449 1580 1492 Et

194 1517 311 1561 istud
333 1516 543 1576 quando?
566 1519 634 1561 An
653 1533 752 1562 cum
777 1532 926 1562 omnes
946 1532 1217 1575 resurgemus
1234 1552 1244 1572 ,
1269 1516 1345 1560 sed
1367 1532 1457 1561 non
1482 1532 1578 1561 om-

195 1601 270 1630 nes
288 1586 620 1630 immutabimur
633 1587 680 1630 3?

253 1657 414 1704 XXVI.
436 1656 643 1700 Dicebam
661 1655 778 1711 talia,
795 1665 838 1701 et
855 1657 888 1700 si
909 1672 999 1701 non
1019 1657 1102 1701 isto
1123 1656 1256 1701 modo
1278 1657 1402 1700 ethis
1419 1657 1576 1712 verbis,

196 1735 356 1780 tamen,
373 1726 570 1781 Domine,
589 1735 638 1770 tu
656 1727 735 1771 scis
748 1726 868 1785 quod
880 1726 955 1771 illo
968 1725 1038 1770 die
1051 1741 1152 1771 cum
1165 1725 1266 1770 talia
1281 1726 1576 1785 loqueremur,

196 1804 240 1839 et
265 1795 454 1839 mundus
476 1796 554 1839 iste
574 1796 699 1839 nobis
723 1796 836 1839 inter
857 1796 991 1839 verba
1012 1796 1234 1839 vilesceret
1257 1811 1356 1839 cum
1377 1796 1580 1840 omnihus

196 1864 557 1909 delectationibus
574 1866 681 1919 suis,
705 1874 810 1909 tunc
833 1866 892 1909 ait
908 1865 980 1909 illa
1006 1884 1014 1909 :
1040 1884 1060 1907 «
1083 1865 1183 1920 Fili,
1204 1875 1417 1925 quantum
1440 1865 1494 1910 ad
1512 1882 1581 1910 me

199 1952 219 1975 »
256 1935 431 1988 attinet,
466 1934 587 1978 nulla
614 1936 702 1993 jam
735 1950 781 1978 re
814 1934 1006 1979 delector
1032 1936 1078 1978 in
1112 1936 1193 1979 hac
1225 1936 1327 1979 vita.
1365 1935 1477 1988 Quid
1509 1936 1580 1980 hic

199 2021 218 2044 »
254 2003 411 2047 faciam
439 2003 607 2057 adhuc,
639 2013 681 2047 et
703 2019 780 2048 cur
800 2004 871 2048 hic
901 2005 980 2048 sim
1008 2005 1177 2059 nescio,
1206 2006 1296 2064 jam
1325 2015 1581 2064 consumpta

200 2090 220 2114 »
255 2088 329 2132 spe
350 2073 477 2132 hujus
504 2073 664 2117 saeculi.
692 2075 838 2117 Unum
865 2082 956 2117 erat
980 2083 1158 2133 propter
1178 2074 1298 2133 quod
1326 2074 1370 2117 in
1394 2076 1473 2119 hac
1494 2075 1581 2120 vita

200 2161 219 2183 »
255 2142 526 2202 aliquantum
565 2144 783 2187 immorari
825 2144 1053 2202 cupiebam
1072 2179 1082 2199 ,
1121 2153 1170 2188 ut
1205 2153 1248 2188 te
1286 2145 1579 2189 Christianum

200 2230 219 2253 »
254 2211 515 2257 catholicum
544 2212 734 2256 viderem
763 2214 882 2272 prius
915 2229 1047 2273 quam
1075 2229 1278 2258 morerer.
1305 2215 1580 2259 Cumulatius

199 2299 219 2322 »
252 2282 336 2326 hoc
360 2283 467 2325 mihi
495 2286 608 2326 Deus
626 2297 745 2326 meus
767 2282 990 2341 praestitit,
1011 2293 1061 2327 ut
1078 2292 1120 2327 te
1148 2285 1273 2328 etiam
1291 2319 1302 2339 ,
1326 2293 1578 2343 contempta

200 2369 220 2392 >³
255 2350 459 2395 felicitate
496 2361 664 2396 terrena
686 2387 696 2407 ,
748 2367 920 2396 servum
957 2354 1046 2412 ejus
1086 2354 1258 2398 videam
1302 2373 1311 2398 ε
1351 2354 1457 2412 quid
1506 2356 1577 2399 hic

201 2441 222 2464 ))
257 2421 398 2466 facio?
418 2440 438 2463 »

254 2525 264 2541 ¹
285 2517 364 2550 Psal.
384 2528 468 2559 xmx,
488 2517 506 2551 3
525 2522 557 2550 et
572 2517 603 2550 5.
633 2535 669 2541 -
687 2525 700 2541 ²
715 2518 833 2550 Matth.
853 2528 929 2559 xxv,
954 2528 1006 2550 21.
1028 2535 1067 2541 —
1089 2517 1101 2541 3
1120 2529 1130 2550 1
1149 2520 1219 2550 Cor.
1236 2530 1289 2558 xv,
1311 2519 1362 2550 51.
