1871 3162
269 231 353 272 240
697 247 728 272 s.
766 244 994 273 Auens‘rrm
1027 245 1205 271 EPISCOH

269 309 373 364 bus,
414 317 463 352 ut
504 309 585 353 nisi
614 309 877 354 admonente
906 310 1053 369 aliquo
1085 315 1368 362 eruerentur,
1396 320 1445 350 ea
1470 306 1647 351 fortasse

268 381 459 439 cogitare
480 396 570 425 non
593 383 790 440 possem?

273 553 299 567 w!
309 552 378 567 Ru}
384 549 1225 568 ἱἏὶΜΚὶΛΜιἏΜἋΛΝᾺΜἜΜἋΑΝΜΝΜΜΛ-ΣΛΜᾸΛΜ
1229 550 1296 565 &wlff
1302 549 1367 565 m}
1373 549 1580 564 ἏΑᾹΊΛΜΜΑᾹ
1586 548 1650 563 νῑῶἱ

803 687 877 734 ΕΑ
889 687 967 733 PL·-
979 687 1017 732 T
1056 687 1145 732 KR.

753 840 887 904 Quid
914 843 975 886 sit
995 839 1192 886 discere.

329 1002 495 1045 XVIII.
514 1002 728 1053 Quocch
748 999 992 1042 invenimus
1009 998 1118 1042 nihil
1135 1012 1224 1041 esse
1241 996 1360 1041 aliud
1377 996 1540 1040 discere
1557 996 1653 1050 ista,

237 1091 239 1115 z
266 1085 457 1130 quorum
480 1086 569 1114 non
593 1085 668 1128 per
686 1084 836 1113 sensus
855 1069 1077 1112 haurimus
1090 1068 1311 1125 imagines,
1337 1065 1411 1110 sed
1433 1067 1524 1109 sine
1546 1067 1656 1110 ima-

238 1128 241 1157 *
267 1140 440 1199 ginibus
459 1140 586 1184 sicuti
609 1149 710 1183 sunt
730 1155 801 1196 per
819 1154 862 1182 se
884 1139 975 1198 ipsa
992 1139 1110 1182 intus
1133 1139 1364 1192 cernimus,
1390 1137 1467 1180 nisi
1492 1152 1541 1180 ea
1558 1153 1657 1196 quae

265 1210 427 1269 passim
452 1220 584 1270 atque
608 1209 859 1268 indisposite
887 1209 1091 1252 memoria
1113 1208 1367 1252 continebat
1382 1242 1393 1262 ‚
1425 1206 1658 1265 cogitando

265 1282 390 1340 quasi
414 1281 618 1340 colligere
636 1316 646 1335 ,
684 1289 815 1340 atque
854 1279 1239 1324 animadvertendo
1267 1294 1418 1323 curare
1435 1313 1446 1332 ‚
1483 1287 1532 1321 ut
1563 1287 1660 1322 tan-

266 1367 398 1411 quam
422 1351 478 1395 ad
500 1366 678 1395 manum
699 1352 837 1409 posita
859 1351 903 1394 in
924 1351 1013 1409 ipsa
1037 1350 1262 1404 memoria,
1277 1349 1355 1393 ubi
1378 1364 1520 1408 sparsa
1537 1349 1656 1408 prius

266 1431 310 1466 et
331 1421 533 1481 neglecta
557 1421 813 1476 latitabant,
839 1422 928 1481 jam
951 1420 1150 1465 familiari
1181 1420 1413 1463 intentioni
1435 1418 1562 1463 facile
1584 1435 1656 1463 oe-

267 1501 460 1538 currant.
488 1495 546 1536 Et
567 1508 699 1552 quam
722 1491 859 1535 multa
890 1491 1140 1551 hujusmodi
1170 1500 1304 1548 gestat
1326 1490 1533 1534 memoria
1563 1504 1659 1533 mea

267 1579 366 1623 quae
386 1564 477 1622 jam
499 1562 678 1606 inventa
699 1572 816 1617 sunt,
837 1570 880 1605 et
901 1561 1012 1605 sicut
1028 1561 1115 1604 dixi
1130 1596 1140 1616 ,
1161 1562 1283 1620 quasi
1306 1561 1361 1604 ad
1377 1576 1555 1604 manum
1579 1575 1658 1619 po-

268 1635 348 1679 sita
365 1669 375 1688 ,
410 1649 510 1692 quae
545 1632 746 1677 didicisse
778 1641 820 1676 et
851 1648 974 1676 nosse
1008 1631 1192 1675 dicimur
1212 1633 1220 1675 ἶ
1257 1634 1364 1684 Quae
1398 1632 1431 1674 si
1453 1631 1658 1675 modestis

267 1714 517 1763 temporum
536 1703 779 1747 intervallis
802 1703 990 1747 recolere
1006 1702 1215 1757 desivero,
1241 1703 1300 1745 ita
1319 1717 1464 1746 rursus
1485 1701 1658 1745 demer—

269 1784 448 1833 guntur,
466 1784 509 1818 et
531 1774 710 1833 quasiin
724 1775 951 1818 remotiora
971 1773 1205 1832 penetralia
1229 1772 1500 1826 dilabuntur,
1519 1782 1567 1816 ut
1589 1773 1659 1816 de-

268 1861 359 1890 nuo
383 1846 504 1889 velut
521 1860 633 1889 nova
655 1845 937 1902 excogitanda
958 1845 1043 1888 sint
1066 1843 1260 1887 indidem
1283 1844 1442 1887 iterum
1459 1878 1469 1897 ,
1494 1848 1658 1903 (neque

270 1916 386 1960 enim
404 1925 467 1960 est
489 1915 571 1959 alia
592 1915 711 1973 regio
734 1916 930 1972 eorum),
948 1923 989 1957 te
1002 1915 1197 1972 cogenda
1220 1929 1364 1957 rursus
1386 1922 1436 1956 ut
1452 1913 1548 1957 sciri
1566 1928 1661 1972 pos-

270 1986 371 2041 sint,
396 1985 441 2029 id
459 1994 538 2041 est,
564 1985 686 2030 velut
710 2000 761 2028 ex
778 1983 968 2044 quadam
986 1982 1250 2043 dispersione
1267 1981 1525 2040 colligenda,
1542 1983 1661 2027 unde

273 2057 442 2101 dictum
461 2065 526 2101 est
548 2057 750 2114 cogitare.
777 2057 887 2100 Nam
909 2069 1016 2112 cogo
1039 2063 1082 2097 et
1102 2054 1260 2111 cogito,
1281 2053 1340 2096 sie
1363 2061 1426 2097 est
1449 2061 1498 2096 ut
1515 2069 1596 2112 ago
1618 2062 1662 2097 et

274 2128 413 2187 agito,
439 2127 550 2172 facio
573 2136 616 2171 et
638 2126 803 2172 factito.
834 2128 1146 2169 Verumtamen
1164 2124 1246 2168 sibi
1263 2124 1432 2168 animus
1454 2124 1538 2168 hoc
1560 2139 1660 2169 ver-

273 2200 382 2243 bum
415 2199 590 2259 proprie
612 2197 876 2251 vindicavit,
899 2206 948 2240 ut
970 2211 1059 2240 non
1077 2194 1197 2256 quod
1219 2194 1322 2239 alibi
1341 2230 1350 2249 ‚
1376 2194 1450 2239 sed
1472 2196 1592 2255 quod
1614 2195 1660 2240 in

275 2270 421 2314 animo
457 2269 675 2327 colligitur
689 2303 699 2323 ‚
736 2268 781 2312 id
816 2276 894 2322 est,
920 2267 1115 2325 cogitur,
1155 2266 1334 2325 cogitari
1368 2266 1540 2325 proprie
1571 2267 1659 2325 jam

276 2340 462 2385 dicatur.
