1871 3162
260 192 345 234 502
690 201 726 233 s.
761 200 994 232 Avensa-nu
1024 203 1206 235 Enscon

256 286 360 318 vore
395 270 569 330 spiritus
592 269 835 315 exultemus
866 278 910 314 et
932 270 1229 330 jucundemur
1247 273 1294 317 in
1323 272 1638 333 tranquillitate

256 342 361 388 boni
382 340 536 401 operis.
574 360 596 384 «
621 340 811 386 Hilarem
833 341 950 385 enim
969 341 1166 387 datorem
1187 342 1328 402 diligit
1346 346 1460 389 Deus
1474 345 1506 387 ¹.
1533 361 1554 385 »

315 413 414 457 XV.
451 412 494 457 Si
523 411 639 455 enim
670 426 796 455 causa
825 409 899 455 illa
925 412 1166 468 contristat,
1210 414 1332 473 quod
1367 412 1640 458 intellectum

257 491 455 527 nostrum
487 482 662 526 auditor
698 496 788 526 non
822 481 953 539 capit,
989 497 1013 524 a
1048 484 1174 542 cujus
1195 484 1420 528 cacumine
1448 483 1641 544 quodam

257 554 389 598 modo
419 553 730 598 descendentes
760 552 957 611 cogimur
987 552 1032 596 in
1054 551 1320 610 syllabarum
1357 554 1489 614 longe
1529 553 1640 599 infra

257 625 514 669 distantium
531 623 733 668 tarditate
749 622 980 678 demorari,
1000 632 1043 668 et
1059 638 1208 668 curam
1230 625 1417 683 gerimus
1433 624 1644 685 quemad-

257 694 439 739 modum
466 692 605 752 longis
635 703 679 737 et
706 693 920 752 perplexis
955 694 1222 739 anfractibus
1258 695 1465 755 procedat
1495 711 1546 739 ex
1570 710 1644 740 ore

259 764 398 809 carnis
414 798 425 818 ‚
449 762 571 823 quod
592 762 818 807 celerrimo
835 764 994 808 haustu
1019 766 1176 810 mentis
1192 765 1422 811 imbibitur
1437 800 1448 822 ,
1478 775 1522 810 et
1541 766 1645 826 quia

259 834 450 879 multum
472 834 736 878 dissimiliter
757 834 860 889 exit,
885 833 1018 879 taedet
1036 835 1175 896 loqui,
1201 846 1244 881 et
1265 837 1374 882 libet
1391 846 1534 882 tacere
1551 855 1560 882 :
1575 852 1644 882 co-

259 906 445 965 gitemus
466 903 575 964 quid
591 905 717 949 nobis
738 914 1031 964 praerogatum
1049 906 1104 950 sit
1123 907 1178 950 ab
1194 906 1270 951 illo
1285 942 1296 962 ‚
1330 909 1406 967 qui
1437 907 1644 952 demons-

258 975 389 1021 travit
401 974 526 1020 nobis
540 974 804 1034 exemplum,
826 984 876 1020 ut
891 990 1125 1035 sequamur
1145 977 1322 1034 vestigia
1335 978 1426 1037 ej'us
1440 980 1473 1021 2.
1499 979 1645 1030 Quan-

258 1046 418 1091 tumvis
440 1045 555 1089 enim
568 1045 742 1090 differat
764 1045 990 1090 articulata
1011 1061 1094 1090 vox
1107 1056 1252 1091 nostra
1280 1047 1335 1092 ab
1349 1046 1649 1105 intelligentiae

259 1126 421 1161 nostrae
442 1115 691 1168 vivacitate,
716 1115 846 1175 longe
865 1117 1138 1161 differentior
1161 1126 1225 1161 est
1247 1116 1487 1162 mortalitas
1508 1118 1647 1162 carnis

260 1188 317 1232 ab
338 1188 585 1247 aequalitate
607 1188 700 1231 Dei.
717 1190 773 1232 Et
790 1197 936 1232 tamen
952 1202 1053 1232 cum
1070 1188 1116 1231 in
1135 1188 1287 1232 eadem
1305 1207 1324 1230 «
1342 1191 1501 1233 Forma
1519 1197 1644 1243 esset,

263 1277 285 1301 »
321 1260 602 1318 semetipsum
624 1258 876 1312 exinanivit,
914 1257 1097 1303 formam
1128 1259 1240 1304 servi
1262 1260 1491 1319 accipiens,
1518 1277 1536 1300 »
1558 1268 1643 1304 etc.

260 1345 399 1390 usque
432 1330 489 1374 ad
513 1339 733 1374 «mortem
757 1330 911 1374 crucis.
939 1349 958 1371 υ
986 1334 1124 1382 Quam
1148 1331 1205 1375 ob
1227 1346 1418 1386 causam,
1443 1331 1524 1375 nisi
1546 1331 1647 1390 quia

260 1400 400 1445 factus
409 1409 473 1444 est
495 1400 676 1444 infirmis
688 1400 904 1455 infirmus,
921 1410 971 1444 ut
992 1401 1186 1445 infirmos
1200 1400 1485 1445 lucrificaret1
1502 1400 1648 1445 PAudi

261 1472 355 1530 ejus
376 1470 637 1515 imitatorem
664 1471 763 1514 alibi
789 1472 918 1514 etiam
936 1470 1152 1514 dicentem
1181 1491 1190 1516 :
1212 1490 1232 1513 «
1252 1471 1350 1516 Sive
1369 1472 1484 1515 enim
1501 1479 1648 1514 mente

264 1559 285 1582 »
321 1540 592 1595 excessimus,
608 1543 699 1584 Deo
714 1561 724 1597 3
742 1541 830 1584 sive
852 1549 1142 1598 temperantes
1163 1556 1327 1595 sumus,
1342 1541 1479 1585 vobis.
1496 1541 1650 1586 Chari-

264 1628 285 1651 »
321 1619 385 1653 tas
417 1610 530 1652 enim
566 1609 727 1654 Christi
754 1609 978 1668 compellit
1009 1626 1103 1663 nos,
1134 1611 1380 1670 judicantes
1412 1612 1513 1666 hoc,
1547 1611 1649 1671 quia

264 1697 287 1721 »
320 1694 434 1723 unus
453 1695 533 1738 pro
545 1679 750 1722 omnibus
779 1689 979 1723 mortuus
1009 1683 1116 1723 est4.
1139 1681 1410 1733 »Quomodo
1432 1682 1546 1725 enim
1570 1697 1649 1741 pa-

260 1759 379 1794 ratus
401 1759 512 1794 esset
542 1748 738 1808 impendi
760 1764 839 1808 pro
861 1750 1088 1794 animabus
1107 1767 1276 1808 eorum,
1302 1753 1334 1796 si
1354 1767 1455 1797 eum
1482 1753 1648 1812 pigeret

260 1819 460 1865 inclinari
490 1820 546 1864 ad
569 1835 692 1864 aures
727 1822 912 1864 eorum?
936 1821 1047 1865 Hinc
1065 1836 1168 1880 ergo
1196 1822 1337 1867 factus
1359 1832 1423 1867 est
1438 1823 1648 1882 parvulus

261 1893 307 1935 in
337 1889 483 1934 medio
510 1900 724 1945 nostrum,
761 1899 970 1950 tanquam
1006 1892 1153 1935 nutrix
1180 1891 1332 1936 fovens
1358 1892 1470 1937 filios
1501 1895 1641 1938 suos⁵.

257 1963 373 2007 Num
395 1961 511 2004 enim
535 1959 720 2004 delectat
736 1995 748 2016 ‚
771 1961 850 2004 nisi
869 1975 991 2005 amor
1004 1961 1173 2017 invitet,
1198 1962 1422 2007 decurtata
1444 1973 1488 2008 et
1509 1964 1644 2007 muti-

258 2032 346 2076 lata
357 2031 487 2076 verba
500 2031 861 2075 immurmurare?
874 2034 930 2075 Et
945 2039 1091 2076 tamen
1107 2042 1261 2092 optant
1272 2034 1470 2078 homines
1484 2034 1645 2078 habere

256 2101 472 2156 infantes,
503 2101 666 2161 quibus
690 2100 736 2145 id
757 2101 995 2146 exhibeant
1021 2111 1095 2147 :et
1107 2103 1280 2147 suavius
1309 2112 1373 2147 est
1400 2102 1526 2147 matri
1557 2103 1643 2147 mi-

259 2180 368 2216 nuta
390 2186 542 2216 mansa
565 2172 768 2231 inspuere
786 2171 968 2231 parvulo
987 2171 1092 2227 filio,
1119 2187 1252 2232 quam
1278 2173 1414 2232 ipsam
1435 2173 1642 2218 mandere

261 2258 309 2288 ac
331 2244 538 2288 devorare
557 2242 800 2301 grandiora.
825 2245 922 2288 Non
935 2257 1037 2301 ergo
1051 2243 1226 2288 recedat
1242 2244 1297 2288 de
1313 2254 1489 2303 pectore
1511 2245 1644 2288 etiam

259 2314 464 2371 cogitatio
487 2312 659 2372 gallinae
688 2312 804 2357 illius
821 2348 832 2368 ‚
873 2330 971 2374 quae
1002 2314 1267 2372 languidulis
1293 2314 1452 2374 plumis
1474 2325 1646 2360 teneros

258 2382 392 2428 foetus
413 2384 569 2443 operit,
582 2395 621 2427 et
643 2393 914 2428 susurrantes
932 2384 1074 2444 pullos
1097 2384 1314 2429 confracta
1336 2400 1441 2430 voce
1463 2385 1646 2430 advocat

304 2484 312 2501 ¹
329 2488 348 2510 2
365 2480 500 2519 Cor.1x‚
519 2491 598 2522 7.—
613 2487 625 2503 ²
649 2490 661 2511 1
684 2482 771 2512 Petr.
787 2492 821 2523 ιι,
839 2490 892 2513 21.
915 2496 950 2504 -⁴
971 2477 1165 2524 3Philip.11‚
1184 2492 1216 2522 7,
1236 2480 1267 2512 8.
1293 2497 1330 2504 -
1347 2479 1362 2510 4
1386 2492 1397 2513 1
1415 2484 1486 2514 Cor,
1502 2492 1548 2521 ix,
1566 2489 1620 2513 ¹29..

258 2550 300 2558 —
317 2533 333 2558 ⁵
349 2543 369 2568 2
388 2537 459 2568 Cor.
478 2547 511 2576 v,
535 2537 586 2578 15,
607 2542 641 2569 et
657 2548 714 2578 xu,
741 2538 795 2591 1⁴5.
812 2554 854 2560 —-
875 2536 891 2559 ⁶
915 2549 927 2569 ι
949 2537 1056 2570 Thess.
1075 2549 1111 2578 11,
1130 2548 1161 2578 72
1179 2545 1245 2570 —7
1260 2537 1374 2569 Matth.
1395 2548 1490 2579 xxxix,
1510 2538 1563 2579 37.
