<?xml version="1.0" encoding="UTF-8"?>
<!DOCTYPE html PUBLIC "-//W3C//DTD XHTML 1.0 Transitional//EN"
    "http://www.w3.org/TR/xhtml1/DTD/xhtml1-transitional.dtd">
<html xmlns="http://www.w3.org/1999/xhtml" xml:lang="en" lang="en">
 <head>
  <title>
</title>
<meta http-equiv="Content-Type" content="text/html;charset=utf-8" />
  <meta name='ocr-system' content='tesseract 3.04.00' />
  <meta name='ocr-capabilities' content='ocr_page ocr_carea ocr_par ocr_line ocrx_word'/>
</head>
<body>
  <div class='ocr_page' id='page_1' title='image "./operaomniaaccura25auguuoft_0107.png"; bbox 0 0 1871 3162; ppageno 0'>
   <div class='ocr_carea' id='block_1_1' title="bbox 0 2002 31 3162">
    <p class='ocr_par' dir='ltr' id='par_1_1' title="bbox 0 2002 31 3162">
     <span class='ocr_line' id='line_1_1' title="bbox 0 2002 31 3162; baseline 0 0"><span class='ocrx_word' id='word_1_1' title='bbox 0 2002 31 3162; x_wconf 95' lang='lat' dir='ltr'> </span> 
     </span>
    </p>
   </div>
   <div class='ocr_carea' id='block_1_2' title="bbox 528 297 1490 344">
    <p class='ocr_par' dir='ltr' id='par_1_2' title="bbox 528 297 1490 344">
     <span class='ocr_line' id='line_1_2' title="bbox 528 297 1490 344; baseline 0 -11"><span class='ocrx_word' id='word_1_2' title='bbox 528 306 606 334; x_wconf 67' lang='lat' dir='ltr'>con</span> <span class='ocrx_word' id='word_1_3' title='bbox 614 304 849 334; x_wconf 76' lang='lat' dir='ltr'><strong>FESSIONUM</strong></span> <span class='ocrx_word' id='word_1_4' title='bbox 865 323 875 344; x_wconf 91' lang='lat'>‚</span> <span class='ocrx_word' id='word_1_5' title='bbox 910 307 992 334; x_wconf 77' lang='lat' dir='ltr'>Lm.</span> <span class='ocrx_word' id='word_1_6' title='bbox 1029 308 1052 333; x_wconf 81' lang='lat' dir='ltr'>v</span> <span class='ocrx_word' id='word_1_7' title='bbox 1062 322 1072 332; x_wconf 87' lang='lat'>.</span> <span class='ocrx_word' id='word_1_8' title='bbox 1438 297 1490 334; x_wconf 79' lang='lat'>97</span> 
     </span>
    </p>
   </div>
   <div class='ocr_carea' id='block_1_3' title="bbox 509 477 862 496">
    <p class='ocr_par' dir='ltr' id='par_1_3' title="bbox 509 477 862 496">
     <span class='ocr_line' id='line_1_3' title="bbox 509 477 862 496; baseline 0 2666"><span class='ocrx_word' id='word_1_9' title='bbox 509 477 862 496; x_wconf 95' lang='lat' dir='ltr'> </span> 
     </span>
    </p>
   </div>
   <div class='ocr_carea' id='block_1_4' title="bbox 128 477 1495 496">
    <p class='ocr_par' dir='ltr' id='par_1_4' title="bbox 128 477 1495 496">
     <span class='ocr_line' id='line_1_4' title="bbox 128 477 1495 496; baseline -0.001 0"><span class='ocrx_word' id='word_1_10' title='bbox 128 477 508 496; x_wconf 62' lang='lat' dir='ltr'>mmmmm</span> <span class='ocrx_word' id='word_1_11' title='bbox 863 478 1495 496; x_wconf 57' lang='lat' dir='ltr'>mmmmm</span> 
     </span>
    </p>
   </div>
   <div class='ocr_carea' id='block_1_5' title="bbox 640 609 989 661">
    <p class='ocr_par' dir='ltr' id='par_1_5' title="bbox 640 609 989 661">
     <span class='ocr_line' id='line_1_5' title="bbox 640 609 989 661; baseline -0.003 -2"><span class='ocrx_word' id='word_1_12' title='bbox 640 609 858 661; x_wconf 89' lang='lat' dir='ltr'><strong>CAPUT</strong></span> <span class='ocrx_word' id='word_1_13' title='bbox 904 613 989 660; x_wconf 64' lang='lat' dir='ltr'>Vl.</span> 
     </span>
    </p>
   </div>
   <div class='ocr_carea' id='block_1_6' title="bbox 164 763 1458 897">
    <p class='ocr_par' dir='ltr' id='par_1_6' title="bbox 164 763 1458 897">
     <span class='ocr_line' id='line_1_6' title="bbox 164 763 1458 828; baseline 0.002 -19"><span class='ocrx_word' id='word_1_14' title='bbox 164 763 379 810; x_wconf 74' lang='lat' dir='ltr'>Faustus</span> <span class='ocrx_word' id='word_1_15' title='bbox 409 764 659 824; x_wconf 79' lang='lat' dir='ltr'>eloquens,</span> <span class='ocrx_word' id='word_1_16' title='bbox 679 765 770 812; x_wconf 80' lang='lat' dir='ltr'>sed</span> <span class='ocrx_word' id='word_1_17' title='bbox 798 765 1066 812; x_wconf 78' lang='lat' dir='ltr'>liberalium</span> <span class='ocrx_word' id='word_1_18' title='bbox 1093 766 1458 828; x_wconf 70' lang='lat' dir='ltr'>dz&#39;sczplinamm</span> 
     </span>
     <span class='ocr_line' id='line_1_7' title="bbox 717 854 904 897; baseline 0.005 -15"><span class='ocrx_word' id='word_1_19' title='bbox 717 854 904 897; x_wconf 71' lang='lat' dir='ltr'>expers.</span> 
     </span>
    </p>
   </div>
   <div class='ocr_carea' id='block_1_7' title="bbox 114 995 1560 2666">
    <p class='ocr_par' dir='ltr' id='par_1_7' title="bbox 114 995 1560 2666">
     <span class='ocr_line' id='line_1_8' title="bbox 177 995 1504 1057; baseline 0.005 -20"><span class='ocrx_word' id='word_1_20' title='bbox 177 996 233 1038; x_wconf 88' lang='lat' dir='ltr'>X.</span> <span class='ocrx_word' id='word_1_21' title='bbox 259 996 323 1039; x_wconf 80' lang='grc' dir='ltr'>ΕΤ</span> <span class='ocrx_word' id='word_1_22' title='bbox 344 1010 421 1054; x_wconf 86' lang='lat' dir='ltr'>per</span> <span class='ocrx_word' id='word_1_23' title='bbox 438 1010 573 1040; x_wconf 89' lang='lat' dir='ltr'>annos</span> <span class='ocrx_word' id='word_1_24' title='bbox 587 995 724 1040; x_wconf 85' lang='lat' dir='ltr'>ferme</span> <span class='ocrx_word' id='word_1_25' title='bbox 746 997 859 1056; x_wconf 87' lang='lat' dir='ltr'>ipsos</span> <span class='ocrx_word' id='word_1_26' title='bbox 878 1012 1032 1042; x_wconf 88' lang='lat' dir='ltr'>novem</span> <span class='ocrx_word' id='word_1_27' title='bbox 1049 1033 1060 1052; x_wconf 84' lang='lat'>‚</span> <span class='ocrx_word' id='word_1_28' title='bbox 1081 998 1241 1057; x_wconf 85' lang='lat' dir='ltr'>quibus</span> <span class='ocrx_word' id='word_1_29' title='bbox 1263 1013 1335 1042; x_wconf 89' lang='lat' dir='ltr'>eos</span> <span class='ocrx_word' id='word_1_30' title='bbox 1359 1000 1504 1044; x_wconf 89' lang='lat' dir='ltr'>animo</span> 
     </span>
     <span class='ocr_line' id='line_1_9' title="bbox 118 1064 1505 1122; baseline 0.004 -14"><span class='ocrx_word' id='word_1_31' title='bbox 118 1064 401 1122; x_wconf 86' lang='lat' dir='ltr'>vagabundus</span> <span class='ocrx_word' id='word_1_32' title='bbox 436 1066 581 1110; x_wconf 85' lang='lat' dir='ltr'>audivi</span> <span class='ocrx_word' id='word_1_33' title='bbox 600 1101 611 1120; x_wconf 93' lang='lat'>,</span> <span class='ocrx_word' id='word_1_34' title='bbox 641 1067 770 1110; x_wconf 90' lang='lat' dir='ltr'>nimis</span> <span class='ocrx_word' id='word_1_35' title='bbox 808 1076 982 1111; x_wconf 83' lang='lat' dir='ltr'>extento</span> <span class='ocrx_word' id='word_1_36' title='bbox 1016 1067 1230 1112; x_wconf 90' lang='lat' dir='ltr'>desiderio</span> <span class='ocrx_word' id='word_1_37' title='bbox 1271 1079 1505 1116; x_wconf 84' lang='lat' dir='ltr'>venturum</span> 
     </span>
     <span class='ocr_line' id='line_1_10' title="bbox 118 1134 1508 1198; baseline 0.005 -21"><span class='ocrx_word' id='word_1_38' title='bbox 118 1134 399 1192; x_wconf 81' lang='lat' dir='ltr'>expectabam</span> <span class='ocrx_word' id='word_1_39' title='bbox 422 1135 552 1179; x_wconf 87' lang='lat' dir='ltr'>istum</span> <span class='ocrx_word' id='word_1_40' title='bbox 575 1139 800 1177; x_wconf 82' lang='lat' dir='ltr'>Faustum.</span> <span class='ocrx_word' id='word_1_41' title='bbox 827 1137 984 1181; x_wconf 71' lang='lat' dir='ltr'>Caeteri</span> <span class='ocrx_word' id='word_1_42' title='bbox 1007 1139 1121 1178; x_wconf 89' lang='lat' dir='ltr'>enim</span> <span class='ocrx_word' id='word_1_43' title='bbox 1148 1153 1315 1191; x_wconf 89' lang='lat' dir='ltr'>eorum,</span> <span class='ocrx_word' id='word_1_44' title='bbox 1338 1139 1382 1181; x_wconf 93' lang='lat' dir='ltr'>in</span> <span class='ocrx_word' id='word_1_45' title='bbox 1400 1155 1508 1198; x_wconf 85' lang='lat' dir='ltr'>quos</span> 
     </span>
     <span class='ocr_line' id='line_1_11' title="bbox 116 1203 1506 1264; baseline 0.004 -17"><span class='ocrx_word' id='word_1_46' title='bbox 116 1203 231 1247; x_wconf 87' lang='lat' dir='ltr'>forte</span> <span class='ocrx_word' id='word_1_47' title='bbox 252 1204 527 1247; x_wconf 83' lang='lat' dir='ltr'>incurrissem</span> <span class='ocrx_word' id='word_1_48' title='bbox 548 1237 558 1257; x_wconf 91' lang='lat'>,</span> <span class='ocrx_word' id='word_1_49' title='bbox 585 1203 660 1262; x_wconf 87' lang='lat' dir='ltr'>qui</span> <span class='ocrx_word' id='word_1_50' title='bbox 695 1203 847 1246; x_wconf 88' lang='lat' dir='ltr'>talium</span> <span class='ocrx_word' id='word_1_51' title='bbox 883 1219 1026 1247; x_wconf 87' lang='lat' dir='ltr'>rerum</span> <span class='ocrx_word' id='word_1_52' title='bbox 1052 1205 1369 1264; x_wconf 74' lang='lat' dir='ltr'>quaestionibus</span> <span class='ocrx_word' id='word_1_53' title='bbox 1392 1224 1415 1251; x_wconf 84' lang='lat' dir='ltr'>a</span> <span class='ocrx_word' id='word_1_54' title='bbox 1438 1224 1506 1252; x_wconf 87' lang='lat' dir='ltr'>me</span> 
     </span>
     <span class='ocr_line' id='line_1_12' title="bbox 117 1272 1508 1337; baseline 0.004 -21"><span class='ocrx_word' id='word_1_55' title='bbox 117 1273 297 1332; x_wconf 88' lang='lat' dir='ltr'>objectis</span> <span class='ocrx_word' id='word_1_56' title='bbox 326 1272 608 1326; x_wconf 83' lang='lat' dir='ltr'>deficiebant,</span> <span class='ocrx_word' id='word_1_57' title='bbox 638 1272 763 1316; x_wconf 91' lang='lat' dir='ltr'>illum</span> <span class='ocrx_word' id='word_1_58' title='bbox 786 1273 895 1316; x_wconf 91' lang='lat' dir='ltr'>mihi</span> <span class='ocrx_word' id='word_1_59' title='bbox 922 1275 1257 1333; x_wconf 79' lang='lat' dir='ltr'>promittebant,</span> <span class='ocrx_word' id='word_1_60' title='bbox 1283 1279 1405 1337; x_wconf 78' lang='lat' dir='ltr'>cujus</span> <span class='ocrx_word' id='word_1_61' title='bbox 1428 1278 1508 1322; x_wconf 82' lang='lat' dir='ltr'>ad-</span> 
     </span>
     <span class='ocr_line' id='line_1_13' title="bbox 116 1342 1507 1408; baseline 0.004 -21"><span class='ocrx_word' id='word_1_62' title='bbox 116 1352 252 1388; x_wconf 87' lang='lat' dir='ltr'>ventu</span> <span class='ocrx_word' id='word_1_63' title='bbox 274 1342 522 1403; x_wconf 83' lang='lat' dir='ltr'>collatoque</span> <span class='ocrx_word' id='word_1_64' title='bbox 539 1343 759 1403; x_wconf 87' lang='lat' dir='ltr'>colloquio</span> <span class='ocrx_word' id='word_1_65' title='bbox 780 1343 986 1388; x_wconf 84' lang='lat' dir='ltr'>facillime</span> <span class='ocrx_word' id='word_1_66' title='bbox 1007 1345 1113 1388; x_wconf 91' lang='lat' dir='ltr'>mihi</span> <span class='ocrx_word' id='word_1_67' title='bbox 1136 1345 1229 1390; x_wconf 84' lang='lat' dir='ltr'>haec</span> <span class='ocrx_word' id='word_1_68' title='bbox 1247 1381 1258 1401; x_wconf 97' lang='lat'>,</span> <span class='ocrx_word' id='word_1_69' title='bbox 1284 1356 1327 1391; x_wconf 89' lang='lat' dir='ltr'>et</span> <span class='ocrx_word' id='word_1_70' title='bbox 1356 1348 1389 1391; x_wconf 88' lang='lat' dir='ltr'>si</span> <span class='ocrx_word' id='word_1_71' title='bbox 1422 1365 1507 1408; x_wconf 84' lang='lat' dir='ltr'>qua</span> 
     </span>
     <span class='ocr_line' id='line_1_14' title="bbox 118 1411 1507 1476; baseline 0.004 -20"><span class='ocrx_word' id='word_1_72' title='bbox 118 1411 230 1457; x_wconf 89' lang='lat' dir='ltr'>forte</span> <span class='ocrx_word' id='word_1_73' title='bbox 252 1414 414 1472; x_wconf 83' lang='lat' dir='ltr'>majora</span> <span class='ocrx_word' id='word_1_74' title='bbox 432 1428 670 1471; x_wconf 86' lang='lat' dir='ltr'>quaererem</span> <span class='ocrx_word' id='word_1_75' title='bbox 684 1448 694 1467; x_wconf 94' lang='lat'>,</span> <span class='ocrx_word' id='word_1_76' title='bbox 722 1413 1025 1459; x_wconf 73' lang='lat' dir='ltr'>enodatissime</span> <span class='ocrx_word' id='word_1_77' title='bbox 1048 1415 1369 1474; x_wconf 83' lang='lat' dir='ltr'>expedirentur.</span> <span class='ocrx_word' id='word_1_78' title='bbox 1393 1421 1507 1476; x_wconf 85' lang='lat' dir='ltr'>Ergo</span> 
     </span>
     <span class='ocr_line' id='line_1_15' title="bbox 118 1483 1512 1545; baseline 0.004 -19"><span class='ocrx_word' id='word_1_79' title='bbox 118 1483 196 1526; x_wconf 90' lang='lat' dir='ltr'>ubi</span> <span class='ocrx_word' id='word_1_80' title='bbox 208 1483 343 1538; x_wconf 90' lang='lat' dir='ltr'>venit,</span> <span class='ocrx_word' id='word_1_81' title='bbox 362 1492 563 1542; x_wconf 78' lang='lat' dir='ltr'>expertus</span> <span class='ocrx_word' id='word_1_82' title='bbox 576 1498 670 1527; x_wconf 91' lang='lat' dir='ltr'>sum</span> <span class='ocrx_word' id='word_1_83' title='bbox 684 1484 905 1527; x_wconf 90' lang='lat' dir='ltr'>hominem</span> <span class='ocrx_word' id='word_1_84' title='bbox 921 1493 1088 1541; x_wconf 84' lang='lat' dir='ltr'>gratum</span> <span class='ocrx_word' id='word_1_85' title='bbox 1105 1494 1147 1529; x_wconf 88' lang='lat' dir='ltr'>et</span> <span class='ocrx_word' id='word_1_86' title='bbox 1156 1487 1405 1545; x_wconf 86' lang='lat' dir='ltr'>jucundum</span> <span class='ocrx_word' id='word_1_87' title='bbox 1420 1504 1512 1532; x_wconf 90' lang='lat' dir='ltr'>ver-</span> 
     </span>
     <span class='ocr_line' id='line_1_16' title="bbox 117 1552 1508 1614; baseline 0.004 -18"><span class='ocrx_word' id='word_1_88' title='bbox 117 1552 184 1597; x_wconf 88' lang='lat' dir='ltr'>bis</span> <span class='ocrx_word' id='word_1_89' title='bbox 195 1587 207 1608; x_wconf 94' lang='lat'>,</span> <span class='ocrx_word' id='word_1_90' title='bbox 232 1562 274 1597; x_wconf 90' lang='lat' dir='ltr'>et</span> <span class='ocrx_word' id='word_1_91' title='bbox 287 1568 335 1597; x_wconf 85' lang='lat' dir='ltr'>ea</span> <span class='ocrx_word' id='word_1_92' title='bbox 352 1553 442 1612; x_wconf 89' lang='lat' dir='ltr'>ipsa</span> <span class='ocrx_word' id='word_1_93' title='bbox 455 1569 554 1612; x_wconf 85' lang='lat' dir='ltr'>quae</span> <span class='ocrx_word' id='word_1_94' title='bbox 568 1553 631 1596; x_wconf 91' lang='lat' dir='ltr'>illi</span> <span class='ocrx_word' id='word_1_95' title='bbox 647 1553 787 1598; x_wconf 87' lang='lat' dir='ltr'>solent</span> <span class='ocrx_word' id='word_1_96' title='bbox 800 1554 959 1609; x_wconf 86' lang='lat' dir='ltr'>dicere,</span> <span class='ocrx_word' id='word_1_97' title='bbox 976 1555 1116 1599; x_wconf 90' lang='lat' dir='ltr'>multo</span> <span class='ocrx_word' id='word_1_98' title='bbox 1134 1556 1306 1600; x_wconf 84' lang='lat' dir='ltr'>suavius</span> <span class='ocrx_word' id='word_1_99' title='bbox 1322 1559 1508 1614; x_wconf 82' lang='lat' dir='ltr'>garrien-</span> 
     </span>
     <span class='ocr_line' id='line_1_17' title="bbox 117 1623 1505 1685; baseline 0.003 -17"><span class='ocrx_word' id='word_1_100' title='bbox 117 1633 221 1668; x_wconf 89' lang='lat' dir='ltr'>tem.</span> <span class='ocrx_word' id='word_1_101' title='bbox 245 1623 329 1669; x_wconf 89' lang='lat' dir='ltr'>Sed</span> <span class='ocrx_word' id='word_1_102' title='bbox 346 1624 454 1684; x_wconf 87' lang='lat' dir='ltr'>quid</span> <span class='ocrx_word' id='word_1_103' title='bbox 475 1624 530 1668; x_wconf 86' lang='lat' dir='ltr'>ad</span> <span class='ocrx_word' id='word_1_104' title='bbox 548 1639 686 1668; x_wconf 84' lang='lat' dir='ltr'>meam</span> <span class='ocrx_word' id='word_1_105' title='bbox 702 1625 815 1669; x_wconf 91' lang='lat' dir='ltr'>sitim</span> <span class='ocrx_word' id='word_1_106' title='bbox 832 1625 1133 1683; x_wconf 87' lang='lat' dir='ltr'>pretiosiorum</span> <span class='ocrx_word' id='word_1_107' title='bbox 1148 1626 1408 1685; x_wconf 87' lang='lat' dir='ltr'>poculorum</span> <span class='ocrx_word' id='word_1_108' title='bbox 1428 1628 1505 1673; x_wconf 91' lang='lat' dir='ltr'>de-</span> 
     </span>
     <span class='ocr_line' id='line_1_18' title="bbox 117 1694 1507 1744; baseline 0.004 -7"><span class='ocrx_word' id='word_1_109' title='bbox 117 1694 387 1738; x_wconf 89' lang='lat' dir='ltr'>centissimus</span> <span class='ocrx_word' id='word_1_110' title='bbox 413 1694 710 1739; x_wconf 81' lang='lat' dir='ltr'>ministrator?</span> <span class='ocrx_word' id='word_1_111' title='bbox 741 1698 839 1739; x_wconf 87' lang='lat' dir='ltr'>Jam</span> <span class='ocrx_word' id='word_1_112' title='bbox 863 1696 993 1739; x_wconf 84' lang='lat' dir='ltr'>rebus</span> <span class='ocrx_word' id='word_1_113' title='bbox 1017 1695 1176 1740; x_wconf 88' lang='lat' dir='ltr'>talibus</span> <span class='ocrx_word' id='word_1_114' title='bbox 1197 1698 1361 1741; x_wconf 85' lang='lat' dir='ltr'>satiatae</span> <span class='ocrx_word' id='word_1_115' title='bbox 1384 1709 1507 1744; x_wconf 88' lang='lat' dir='ltr'>erant</span> 
     </span>
     <span class='ocr_line' id='line_1_19' title="bbox 117 1765 1505 1826; baseline 0.003 -18"><span class='ocrx_word' id='word_1_116' title='bbox 117 1779 241 1808; x_wconf 87' lang='lat' dir='ltr'>aures</span> <span class='ocrx_word' id='word_1_117' title='bbox 255 1779 362 1808; x_wconf 84' lang='lat' dir='ltr'>meae</span> <span class='ocrx_word' id='word_1_118' title='bbox 375 1785 386 1821; x_wconf 79' lang='lat'>3</span> <span class='ocrx_word' id='word_1_119' title='bbox 401 1780 480 1808; x_wconf 91' lang='lat' dir='ltr'>nec</span> <span class='ocrx_word' id='word_1_120' title='bbox 502 1765 602 1809; x_wconf 89' lang='lat' dir='ltr'>ideo</span> <span class='ocrx_word' id='word_1_121' title='bbox 624 1765 731 1808; x_wconf 91' lang='lat' dir='ltr'>mihi</span> <span class='ocrx_word' id='word_1_122' title='bbox 742 1765 920 1809; x_wconf 85' lang='lat' dir='ltr'>meliora</span> <span class='ocrx_word' id='word_1_123' title='bbox 934 1765 1213 1821; x_wconf 84' lang='lat' dir='ltr'>videbantur,</span> <span class='ocrx_word' id='word_1_124' title='bbox 1234 1768 1336 1826; x_wconf 85' lang='lat' dir='ltr'>quia</span> <span class='ocrx_word' id='word_1_125' title='bbox 1353 1768 1505 1813; x_wconf 90' lang='lat' dir='ltr'>melius</span> 
     </span>
     <span class='ocr_line' id='line_1_20' title="bbox 117 1834 1504 1897; baseline 0.003 -18"><span class='ocrx_word' id='word_1_126' title='bbox 117 1834 399 1892; x_wconf 73' lang='lat' dir='ltr'>dicebantur,</span> <span class='ocrx_word' id='word_1_127' title='bbox 431 1849 511 1878; x_wconf 91' lang='lat' dir='ltr'>nec</span> <span class='ocrx_word' id='word_1_128' title='bbox 531 1834 630 1879; x_wconf 89' lang='lat' dir='ltr'>ideo</span> <span class='ocrx_word' id='word_1_129' title='bbox 652 1850 749 1879; x_wconf 84' lang='lat' dir='ltr'>vera</span> <span class='ocrx_word' id='word_1_130' title='bbox 773 1835 874 1894; x_wconf 88' lang='lat' dir='ltr'>quia</span> <span class='ocrx_word' id='word_1_131' title='bbox 898 1835 1084 1893; x_wconf 65' lang='lat' dir='ltr'>diserta,</span> <span class='ocrx_word' id='word_1_132' title='bbox 1108 1851 1188 1880; x_wconf 88' lang='lat' dir='ltr'>nec</span> <span class='ocrx_word' id='word_1_133' title='bbox 1215 1836 1315 1881; x_wconf 89' lang='lat' dir='ltr'>ideo</span> <span class='ocrx_word' id='word_1_134' title='bbox 1336 1839 1504 1897; x_wconf 85' lang='lat' dir='ltr'>sapiens</span> 
     </span>
     <span class='ocr_line' id='line_1_21' title="bbox 117 1904 1503 1965; baseline 0.002 -16"><span class='ocrx_word' id='word_1_135' title='bbox 117 1905 275 1959; x_wconf 87' lang='lat' dir='ltr'>anima,</span> <span class='ocrx_word' id='word_1_136' title='bbox 293 1905 395 1964; x_wconf 87' lang='lat' dir='ltr'>quia</span> <span class='ocrx_word' id='word_1_137' title='bbox 410 1904 558 1948; x_wconf 88' lang='lat' dir='ltr'>vultus</span> <span class='ocrx_word' id='word_1_138' title='bbox 571 1919 790 1963; x_wconf 84' lang='lat' dir='ltr'>congruus</span> <span class='ocrx_word' id='word_1_139' title='bbox 803 1914 846 1949; x_wconf 86' lang='lat' dir='ltr'>et</span> <span class='ocrx_word' id='word_1_140' title='bbox 858 1905 1065 1950; x_wconf 86' lang='lat' dir='ltr'>decorum</span> <span class='ocrx_word' id='word_1_141' title='bbox 1082 1905 1319 1965; x_wconf 87' lang='lat' dir='ltr'>eloquium.</span> <span class='ocrx_word' id='word_1_142' title='bbox 1337 1907 1406 1951; x_wconf 92' lang='lat' dir='ltr'>Illi</span> <span class='ocrx_word' id='word_1_143' title='bbox 1427 1925 1503 1952; x_wconf 88' lang='lat' dir='ltr'>au-</span> 
     </span>
     <span class='ocr_line' id='line_1_22' title="bbox 117 1974 1503 2034; baseline 0.001 -15"><span class='ocrx_word' id='word_1_144' title='bbox 117 1984 206 2019; x_wconf 89' lang='lat' dir='ltr'>tem</span> <span class='ocrx_word' id='word_1_145' title='bbox 222 1974 298 2034; x_wconf 81' lang='lat' dir='ltr'>qui</span> <span class='ocrx_word' id='word_1_146' title='bbox 315 1988 416 2018; x_wconf 91' lang='lat' dir='ltr'>eum</span> <span class='ocrx_word' id='word_1_147' title='bbox 429 1974 536 2017; x_wconf 89' lang='lat' dir='ltr'>mihi</span> <span class='ocrx_word' id='word_1_148' title='bbox 553 1974 882 2032; x_wconf 88' lang='lat' dir='ltr'>promittebant,</span> <span class='ocrx_word' id='word_1_149' title='bbox 908 1990 997 2019; x_wconf 90' lang='lat' dir='ltr'>non</span> <span class='ocrx_word' id='word_1_150' title='bbox 1012 1975 1115 2019; x_wconf 89' lang='lat' dir='ltr'>boni</span> <span class='ocrx_word' id='word_1_151' title='bbox 1129 1991 1274 2020; x_wconf 90' lang='lat' dir='ltr'>rerum</span> <span class='ocrx_word' id='word_1_152' title='bbox 1288 1977 1503 2022; x_wconf 83' lang='lat' dir='ltr'>existima-</span> 
     </span>
     <span class='ocr_line' id='line_1_23' title="bbox 117 2042 1501 2106; baseline 0.002 -17"><span class='ocrx_word' id='word_1_153' title='bbox 117 2054 230 2090; x_wconf 90' lang='lat' dir='ltr'>tores</span> <span class='ocrx_word' id='word_1_154' title='bbox 244 2053 366 2088; x_wconf 87' lang='lat' dir='ltr'>erant</span> <span class='ocrx_word' id='word_1_155' title='bbox 383 2062 392 2088; x_wconf 74' lang='grc' dir='ltr'>ε</span> <span class='ocrx_word' id='word_1_156' title='bbox 409 2050 452 2086; x_wconf 88' lang='lat' dir='ltr'>et</span> <span class='ocrx_word' id='word_1_157' title='bbox 469 2043 568 2087; x_wconf 87' lang='lat' dir='ltr'>ideo</span> <span class='ocrx_word' id='word_1_158' title='bbox 582 2042 665 2087; x_wconf 88' lang='lat' dir='ltr'>illis</span> <span class='ocrx_word' id='word_1_159' title='bbox 679 2042 911 2087; x_wconf 83' lang='lat' dir='ltr'>videbatur</span> <span class='ocrx_word' id='word_1_160' title='bbox 927 2043 1117 2102; x_wconf 89' lang='lat' dir='ltr'>prudens</span> <span class='ocrx_word' id='word_1_161' title='bbox 1135 2055 1178 2089; x_wconf 86' lang='lat' dir='ltr'>et</span> <span class='ocrx_word' id='word_1_162' title='bbox 1196 2047 1380 2104; x_wconf 86' lang='lat' dir='ltr'>sapiens,</span> <span class='ocrx_word' id='word_1_163' title='bbox 1400 2049 1501 2106; x_wconf 86' lang='lat' dir='ltr'>quia</span> 
     </span>
     <span class='ocr_line' id='line_1_24' title="bbox 117 2113 1560 2174; baseline 0.002 -14"><span class='ocrx_word' id='word_1_164' title='bbox 117 2115 362 2160; x_wconf 86' lang='lat' dir='ltr'>delectabat</span> <span class='ocrx_word' id='word_1_165' title='bbox 379 2129 451 2159; x_wconf 92' lang='lat' dir='ltr'>eos</span> <span class='ocrx_word' id='word_1_166' title='bbox 465 2113 665 2174; x_wconf 89' lang='lat' dir='ltr'>loquens.</span> <span class='ocrx_word' id='word_1_167' title='bbox 689 2113 807 2158; x_wconf 89' lang='lat' dir='ltr'>Sensi</span> <span class='ocrx_word' id='word_1_168' title='bbox 825 2122 970 2157; x_wconf 84' lang='lat' dir='ltr'>autem</span> <span class='ocrx_word' id='word_1_169' title='bbox 988 2113 1106 2157; x_wconf 89' lang='lat' dir='ltr'>aliud</span> <span class='ocrx_word' id='word_1_170' title='bbox 1124 2129 1259 2173; x_wconf 87' lang='lat' dir='ltr'>genus</span> <span class='ocrx_word' id='word_1_171' title='bbox 1274 2117 1501 2162; x_wconf 89' lang='lat' dir='ltr'>hominum</span> <span class='ocrx_word' id='word_1_172' title='bbox 1556 2133 1560 2145; x_wconf 78' lang='grc'>’-</span> 
     </span>
     <span class='ocr_line' id='line_1_25' title="bbox 114 2184 1500 2246; baseline 0.002 -16"><span class='ocrx_word' id='word_1_173' title='bbox 114 2186 245 2230; x_wconf 85' lang='lat' dir='ltr'>etiam</span> <span class='ocrx_word' id='word_1_174' title='bbox 264 2186 491 2230; x_wconf 87' lang='lat' dir='ltr'>veritatem</span> <span class='ocrx_word' id='word_1_175' title='bbox 507 2185 667 2229; x_wconf 88' lang='lat' dir='ltr'>habere</span> <span class='ocrx_word' id='word_1_176' title='bbox 683 2193 943 2243; x_wconf 81' lang='lat' dir='ltr'>suspectam,</span> <span class='ocrx_word' id='word_1_177' title='bbox 969 2193 1012 2228; x_wconf 90' lang='lat' dir='ltr'>et</span> <span class='ocrx_word' id='word_1_178' title='bbox 1036 2184 1074 2228; x_wconf 86' lang='lat' dir='ltr'>ei</span> <span class='ocrx_word' id='word_1_179' title='bbox 1094 2185 1211 2230; x_wconf 91' lang='lat' dir='ltr'>nolle</span> <span class='ocrx_word' id='word_1_180' title='bbox 1233 2188 1500 2246; x_wconf 83' lang='lat' dir='ltr'>requiescere</span> 
     </span>
     <span class='ocr_line' id='line_1_26' title="bbox 116 2254 1499 2317; baseline 0.001 -17"><span class='ocrx_word' id='word_1_181' title='bbox 116 2256 151 2300; x_wconf 88' lang='lat' dir='ltr'>si</span> <span class='ocrx_word' id='word_1_182' title='bbox 171 2265 346 2314; x_wconf 89' lang='lat' dir='ltr'>compto</span> <span class='ocrx_word' id='word_1_183' title='bbox 363 2264 493 2315; x_wconf 89' lang='lat' dir='ltr'>atque</span> <span class='ocrx_word' id='word_1_184' title='bbox 508 2254 632 2299; x_wconf 88' lang='lat' dir='ltr'>uberi</span> <span class='ocrx_word' id='word_1_185' title='bbox 645 2269 842 2298; x_wconf 87' lang='lat' dir='ltr'>sermone</span> <span class='ocrx_word' id='word_1_186' title='bbox 858 2264 1144 2313; x_wconf 88' lang='lat' dir='ltr'>promeretur.</span> <span class='ocrx_word' id='word_1_187' title='bbox 1160 2259 1233 2300; x_wconf 88' lang='lat' dir='ltr'>Me</span> <span class='ocrx_word' id='word_1_188' title='bbox 1249 2266 1392 2301; x_wconf 88' lang='lat' dir='ltr'>autem</span> <span class='ocrx_word' id='word_1_189' title='bbox 1409 2260 1499 2317; x_wconf 84' lang='lat' dir='ltr'>jam</span> 
     </span>
     <span class='ocr_line' id='line_1_27' title="bbox 117 2324 1500 2388; baseline 0.002 -18"><span class='ocrx_word' id='word_1_190' title='bbox 117 2326 342 2379; x_wconf 83' lang='lat' dir='ltr'>docueras,</span> <span class='ocrx_word' id='word_1_191' title='bbox 366 2328 481 2369; x_wconf 90' lang='lat' dir='ltr'>Deus</span> <span class='ocrx_word' id='word_1_192' title='bbox 513 2339 660 2376; x_wconf 89' lang='lat' dir='ltr'>meus,</span> <span class='ocrx_word' id='word_1_193' title='bbox 685 2325 802 2368; x_wconf 85' lang='lat' dir='ltr'>miris</span> <span class='ocrx_word' id='word_1_194' title='bbox 824 2333 866 2368; x_wconf 87' lang='lat' dir='ltr'>et</span> <span class='ocrx_word' id='word_1_195' title='bbox 898 2324 1078 2369; x_wconf 85' lang='lat' dir='ltr'>occultis</span> <span class='ocrx_word' id='word_1_196' title='bbox 1105 2327 1268 2383; x_wconf 69' lang='lat' dir='ltr'>modis,</span> <span class='ocrx_word' id='word_1_197' title='bbox 1296 2337 1339 2371; x_wconf 91' lang='lat' dir='ltr'>et</span> <span class='ocrx_word' id='word_1_198' title='bbox 1366 2343 1500 2388; x_wconf 88' lang='lat' dir='ltr'>prop-</span> 
     </span>
     <span class='ocr_line' id='line_1_28' title="bbox 117 2394 1495 2454; baseline 0.001 -13"><span class='ocrx_word' id='word_1_199' title='bbox 117 2405 234 2442; x_wconf 86' lang='lat' dir='ltr'>terea</span> <span class='ocrx_word' id='word_1_200' title='bbox 266 2394 396 2440; x_wconf 87' lang='lat' dir='ltr'>credo</span> <span class='ocrx_word' id='word_1_201' title='bbox 418 2396 539 2454; x_wconf 85' lang='lat' dir='ltr'>quod</span> <span class='ocrx_word' id='word_1_202' title='bbox 560 2405 610 2439; x_wconf 88' lang='lat' dir='ltr'>tu</span> <span class='ocrx_word' id='word_1_203' title='bbox 630 2411 699 2439; x_wconf 89' lang='lat' dir='ltr'>me</span> <span class='ocrx_word' id='word_1_204' title='bbox 721 2395 918 2440; x_wconf 86' lang='lat' dir='ltr'>docueris</span> <span class='ocrx_word' id='word_1_205' title='bbox 933 2431 943 2449; x_wconf 94' lang='lat'>,</span> <span class='ocrx_word' id='word_1_206' title='bbox 978 2397 1186 2454; x_wconf 89' lang='lat' dir='ltr'>quoniam</span> <span class='ocrx_word' id='word_1_207' title='bbox 1217 2413 1368 2442; x_wconf 87' lang='lat' dir='ltr'>verum</span> <span class='ocrx_word' id='word_1_208' title='bbox 1408 2409 1495 2454; x_wconf 86' lang='lat' dir='ltr'>est,</span> 
     </span>
     <span class='ocr_line' id='line_1_29' title="bbox 117 2465 1499 2529; baseline 0.003 -19"><span class='ocrx_word' id='word_1_209' title='bbox 117 2482 197 2511; x_wconf 90' lang='lat' dir='ltr'>nec</span> <span class='ocrx_word' id='word_1_210' title='bbox 219 2465 449 2526; x_wconf 86' lang='lat' dir='ltr'>quisquam</span> <span class='ocrx_word' id='word_1_211' title='bbox 470 2474 628 2524; x_wconf 77' lang='lat' dir='ltr'>praeter</span> <span class='ocrx_word' id='word_1_212' title='bbox 651 2475 691 2509; x_wconf 88' lang='lat' dir='ltr'>te</span> <span class='ocrx_word' id='word_1_213' title='bbox 708 2465 816 2509; x_wconf 80' lang='lat' dir='ltr'>alius</span> <span class='ocrx_word' id='word_1_214' title='bbox 835 2475 897 2509; x_wconf 88' lang='lat' dir='ltr'>est</span> <span class='ocrx_word' id='word_1_215' title='bbox 919 2465 1071 2509; x_wconf 83' lang='lat' dir='ltr'>doctor</span> <span class='ocrx_word' id='word_1_216' title='bbox 1092 2467 1207 2521; x_wconf 87' lang='lat' dir='ltr'>veri,</span> <span class='ocrx_word' id='word_1_217' title='bbox 1233 2468 1499 2529; x_wconf 83' lang='lat' dir='ltr'>ubicumque</span> 
     </span>
     <span class='ocr_line' id='line_1_30' title="bbox 118 2535 1500 2595; baseline 0.002 -14"><span class='ocrx_word' id='word_1_218' title='bbox 118 2546 160 2581; x_wconf 83' lang='lat' dir='ltr'>et</span> <span class='ocrx_word' id='word_1_219' title='bbox 178 2537 486 2595; x_wconf 67' lang='lat' dir='ltr'>undecumque</span> <span class='ocrx_word' id='word_1_220' title='bbox 508 2535 722 2580; x_wconf 81' lang='lat' dir='ltr'>claruerit.</span> <span class='ocrx_word' id='word_1_221' title='bbox 740 2539 833 2579; x_wconf 76' lang='lat' dir='ltr'>Jarn</span> <span class='ocrx_word' id='word_1_222' title='bbox 853 2551 955 2594; x_wconf 81' lang='lat' dir='ltr'>ergo</span> <span class='ocrx_word' id='word_1_223' title='bbox 973 2536 1048 2579; x_wconf 85' lang='lat' dir='ltr'>abs</span> <span class='ocrx_word' id='word_1_224' title='bbox 1071 2545 1111 2579; x_wconf 82' lang='lat' dir='ltr'>te</span> <span class='ocrx_word' id='word_1_225' title='bbox 1133 2536 1367 2582; x_wconf 84' lang='lat' dir='ltr'>didiceram</span> <span class='ocrx_word' id='word_1_226' title='bbox 1386 2575 1395 2593; x_wconf 94' lang='lat'>,</span> <span class='ocrx_word' id='word_1_227' title='bbox 1420 2556 1500 2585; x_wconf 78' lang='lat' dir='ltr'>nec</span> 
     </span>
     <span class='ocr_line' id='line_1_31' title="bbox 120 2602 1495 2666; baseline 0.001 -15"><span class='ocrx_word' id='word_1_228' title='bbox 120 2622 171 2652; x_wconf 92' lang='lat' dir='ltr'>eo</span> <span class='ocrx_word' id='word_1_229' title='bbox 194 2605 352 2650; x_wconf 89' lang='lat' dir='ltr'>debere</span> <span class='ocrx_word' id='word_1_230' title='bbox 370 2602 505 2649; x_wconf 85' lang='lat' dir='ltr'>videri</span> <span class='ocrx_word' id='word_1_231' title='bbox 528 2604 689 2663; x_wconf 79' lang='lat' dir='ltr'>aliquid</span> <span class='ocrx_word' id='word_1_232' title='bbox 722 2620 871 2649; x_wconf 80' lang='lat' dir='ltr'>verum</span> <span class='ocrx_word' id='word_1_233' title='bbox 894 2605 1000 2659; x_wconf 90' lang='lat' dir='ltr'>dici,</span> <span class='ocrx_word' id='word_1_234' title='bbox 1026 2606 1126 2664; x_wconf 86' lang='lat' dir='ltr'>quia</span> <span class='ocrx_word' id='word_1_235' title='bbox 1154 2605 1405 2666; x_wconf 81' lang='lat' dir='ltr'>eloquenter</span> <span class='ocrx_word' id='word_1_236' title='bbox 1429 2609 1495 2653; x_wconf 83' lang='lat' dir='ltr'>di-</span> 
     </span>
    </p>
   </div>
   <div class='ocr_carea' id='block_1_8' title="bbox 336 2687 1334 2716">
    <p class='ocr_par' dir='ltr' id='par_1_8' title="bbox 336 2687 1334 2716">
     <span class='ocr_line' id='line_1_32' title="bbox 336 2687 1334 2716; baseline 0 0"><span class='ocrx_word' id='word_1_237' title='bbox 336 2687 505 2716; x_wconf 75' lang='lat' dir='ltr'>cxxxii.</span> <span class='ocrx_word' id='word_1_238' title='bbox 1323 2692 1334 2716; x_wconf 76' lang='grc' dir='ltr'><strong><em>Ι</em></strong></span> 
     </span>
    </p>
   </div>
  </div>
 </body>
</html>
