1871 3162
624 204 970 242 commssmnum,
1005 204 1088 232 Lm.
1124 205 1205 232 x11.
1511 195 1593 234 359

214 389 566 408 mmmmm
570 389 1418 407 mmmmmwuwuwmmwtwuwu
1422 391 1597 408 WMMW

703 532 920 582 CAPUT
957 534 1118 587 XXX.

217 688 536 734 Tractatores
580 686 842 747 Scrz'pturae
876 686 1066 733 diversa
1104 688 1360 733 sentientes
1406 703 1610 734 οοηοον-

363 756 476 803 dent
499 758 695 803 invicem
717 756 961 802 charitate
981 768 1025 802 et
1046 756 1203 802 studio
1224 759 1456 803 veritatis.

272 930 390 973 XLI.
432 931 483 972 ΙΝ
510 928 594 972 hac
636 928 885 972 diversitate
921 927 1237 971 sententiarum
1272 942 1473 973 verarum
1509 944 1613 973 con-

206 997 407 1044 cordiam
441 998 579 1058 pariat
615 999 705 1057 ipsa
724 987 917 1053 Veritas,
952 1007 996 1042 et
1030 1000 1144 1042 Deus
1177 1006 1323 1042 noster
1356 998 1610 1043 misereatur

210 1069 363 1123 nostri,
389 1077 442 1111 ut
458 1067 651 1126 legitime
670 1068 767 1126 lege
779 1075 974 1122 utamur,
989 1067 1194 1127 praecepti
1212 1067 1314 1122 fine,
1339 1082 1448 1126 pura
1469 1068 1612 1112 chari-

207 1148 312 1184 tate..
340 1141 403 1183 Ac
424 1153 505 1198 per
523 1139 606 1182 hoc
622 1139 657 1182 si
675 1139 772 1198 quis
786 1139 944 1198 quaerit
962 1153 1013 1181 ex
1029 1153 1116 1193 me,
1138 1137 1246 1198 quid
1264 1139 1422 1182 horum
1441 1141 1612 1196 Moyses

205 1209 279 1254 ille
303 1219 404 1254 tuus
426 1208 615 1254 famulus
643 1210 837 1264 senserit,
870 1225 960 1254 non
987 1218 1089 1253 sunt
1124 1210 1169 1253 hi
1199 1224 1418 1254 sermones
1439 1209 1611 1255 confes-

210 1281 383 1325 sionum
402 1294 597 1323 mearum
616 1300 627 1336 3
651 1280 685 1324 si
704 1280 784 1324 tibi
807 1295 900 1324 non
922 1280 1151 1335 confiteor,
1176 1280 1345 1338 nesci03
1369 1289 1412 1324 et
1433 1281 1520 1325 scio
1541 1290 1609 1325 ta-

207 1366 308 1395 men
329 1351 422 1395 illas
436 1366 558 1395 veras
581 1365 670 1395 esse
689 1352 940 1406 sententias,
963 1352 1161 1410 exceptis
1179 1350 1425 1395 carnalibus
1442 1350 1497 1396 de
1512 1353 1610 1411 qui-

210 1421 292 1465 bus
313 1429 526 1480 quantum
560 1420 795 1465 existimavi
819 1420 996 1465 locutus
1017 1436 1114 1464 sum
1137 1440 1145 1466 z
1170 1436 1279 1480 quos
1301 1431 1446 1466 tamen
1477 1422 1604 1466 bonae

205 1491 294 1550 spei
310 1490 513 1550 parvulos
526 1490 619 1534 haec
637 1491 767 1535 verba
789 1491 909 1534 Libri
928 1491 992 1534 tui
1010 1507 1099 1535 non
1119 1492 1334 1547 territant,
1352 1492 1437 1536 alta
1454 1493 1603 1536 humi-

204 1562 317 1616 liter,
343 1571 386 1604 et
410 1576 549 1620 pauca
572 1561 760 1618 copiose.
793 1561 877 1604 Sed
900 1575 1051 1605 omnes
1066 1577 1179 1620 quos
1197 1562 1243 1604 in
1261 1562 1320 1605 eis
1341 1562 1481 1606 verbis
1502 1577 1603 1607 vera

203 1647 379 1676 cernere
402 1647 450 1675 ac
473 1630 613 1675 dicere
642 1630 799 1685 fateor,
826 1630 1060 1690 diligamus
1083 1647 1161 1675 nos
1187 1632 1390 1688 invicem,
1416 1633 1600 1691 pariter-

202 1718 289 1762 que
319 1701 550 1761 diligamus
572 1711 615 1745 te
635 1704 771 1745 Deum
797 1711 993 1746 nostrum
1017 1701 1182 1746 fontem
1211 1703 1419 1758 veritatis,
1447 1704 1481 1747 si
1502 1719 1592 1748 non

204 1788 334 1827 vana,
374 1771 447 1816 sed
482 1773 617 1831 ipsam
647 1772 812 1816 sitimus
830 1793 840 1828 ς
880 1772 1171 1832 eumdemque
1211 1772 1426 1817 famulum
1463 1783 1589 1818 tuum

205 1843 438 1902 Scripturae
472 1843 600 1902 hujus
634 1841 989 1901 dispensatorem,
1022 1844 1185 1902 Spiritu
1212 1853 1289 1888 tuo
1318 1843 1499 1902 plenum
1529 1845 1590 1889 ita

201 1914 483 1966 honoremus,
516 1921 565 1956 ut
587 1913 669 1955 hoc
689 1927 789 1955 eum
815 1921 856 1956 te
884 1912 1102 1956 revelante
1133 1928 1232 1957 cum
1257 1914 1350 1957 haec
1381 1914 1588 1958 scriberet

201 1981 432 2027 attendisse
451 1982 693 2036 credamus,
715 1982 835 2041 quod
852 1982 897 2026 in
919 1983 977 2027 eis
997 1983 1180 2027 maxime
1202 1992 1244 2027 et
1262 1983 1358 2028 luce
1375 1985 1584 2040 veritatis,

201 2063 245 2098 et
266 2053 390 2112 fruge
404 2052 599 2097 utilitatis
623 2052 806 2097 excellit.
