<?xml version="1.0" encoding="UTF-8"?>
<!DOCTYPE html PUBLIC "-//W3C//DTD XHTML 1.0 Transitional//EN"
    "http://www.w3.org/TR/xhtml1/DTD/xhtml1-transitional.dtd">
<html xmlns="http://www.w3.org/1999/xhtml" xml:lang="en" lang="en">
 <head>
  <title>
</title>
<meta http-equiv="Content-Type" content="text/html;charset=utf-8" />
  <meta name='ocr-system' content='tesseract 3.04.00' />
  <meta name='ocr-capabilities' content='ocr_page ocr_carea ocr_par ocr_line ocrx_word'/>
</head>
<body>
  <div class='ocr_page' id='page_1' title='image "./operaomniaaccura25auguuoft_0166.png"; bbox 0 0 1871 3162; ppageno 0'>
   <div class='ocr_carea' id='block_1_1' title="bbox 301 187 1258 228">
    <p class='ocr_par' dir='ltr' id='par_1_1' title="bbox 301 187 1258 228">
     <span class='ocr_line' id='line_1_1' title="bbox 301 187 1258 228; baseline 0 -2"><span class='ocrx_word' id='word_1_1' title='bbox 301 187 383 227; x_wconf 87' lang='lat'><strong>156</strong></span> <span class='ocrx_word' id='word_1_2' title='bbox 746 198 780 228; x_wconf 89' lang='lat' dir='ltr'><strong>s.</strong></span> <span class='ocrx_word' id='word_1_3' title='bbox 816 197 1045 227; x_wconf 71' lang='lat' dir='ltr'><strong>Ancus‘rrm</strong></span> <span class='ocrx_word' id='word_1_4' title='bbox 1077 198 1258 226; x_wconf 71' lang='lat' dir='ltr'><strong>Emscorl</strong></span> 
     </span>
    </p>
   </div>
   <div class='ocr_carea' id='block_1_2' title="bbox 293 262 1681 1085">
    <p class='ocr_par' dir='ltr' id='par_1_2' title="bbox 293 262 1681 1085">
     <span class='ocr_line' id='line_1_2' title="bbox 296 262 1677 323; baseline -0.001 -15"><span class='ocrx_word' id='word_1_5' title='bbox 296 264 402 319; x_wconf 81' lang='lat' dir='ltr'><strong>tibi,</strong></span> <span class='ocrx_word' id='word_1_6' title='bbox 429 265 633 319; x_wconf 82' lang='lat' dir='ltr'>Domine,</span> <span class='ocrx_word' id='word_1_7' title='bbox 659 264 829 309; x_wconf 88' lang='lat' dir='ltr'><strong>auferre</strong></span> <span class='ocrx_word' id='word_1_8' title='bbox 852 264 1138 323; x_wconf 89' lang='lat' dir='ltr'><strong>opprobrium</strong></span> <span class='ocrx_word' id='word_1_9' title='bbox 1173 262 1472 307; x_wconf 85' lang='lat' dir='ltr'>diminutionis</span> <span class='ocrx_word' id='word_1_10' title='bbox 1505 262 1560 306; x_wconf 86' lang='lat' dir='ltr'><strong>ab</strong></span> <span class='ocrx_word' id='word_1_11' title='bbox 1601 264 1677 306; x_wconf 87' lang='lat' dir='ltr'><strong>Ja-</strong></span> 
     </span>
     <span class='ocr_line' id='line_1_3' title="bbox 295 332 1678 395; baseline -0.004 -15"><span class='ocrx_word' id='word_1_12' title='bbox 295 335 401 390; x_wconf 82' lang='lat' dir='ltr'><strong>cob,</strong></span> <span class='ocrx_word' id='word_1_13' title='bbox 426 345 476 380; x_wconf 88' lang='lat' dir='ltr'><strong>ut</strong></span> <span class='ocrx_word' id='word_1_14' title='bbox 497 337 632 395; x_wconf 88' lang='lat' dir='ltr'><strong>major</strong></span> <span class='ocrx_word' id='word_1_15' title='bbox 654 336 831 380; x_wconf 85' lang='lat' dir='ltr'>serviret</span> <span class='ocrx_word' id='word_1_16' title='bbox 853 335 1058 388; x_wconf 81' lang='lat' dir='ltr'><strong>minori¹‚</strong></span> <span class='ocrx_word' id='word_1_17' title='bbox 1084 343 1127 377; x_wconf 89' lang='lat' dir='ltr'><strong>et</strong></span> <span class='ocrx_word' id='word_1_18' title='bbox 1153 334 1314 377; x_wconf 88' lang='lat' dir='ltr'><strong>vocasti</strong></span> <span class='ocrx_word' id='word_1_19' title='bbox 1346 341 1494 391; x_wconf 79' lang='lat' dir='ltr'><strong>gentes</strong></span> <span class='ocrx_word' id='word_1_20' title='bbox 1516 332 1563 376; x_wconf 90' lang='lat' dir='ltr'><strong>in</strong></span> <span class='ocrx_word' id='word_1_21' title='bbox 1586 333 1678 376; x_wconf 82' lang='lat' dir='ltr'><strong>hae-</strong></span> 
     </span>
     <span class='ocr_line' id='line_1_4' title="bbox 293 403 1679 462; baseline -0.001 -12"><span class='ocrx_word' id='word_1_22' title='bbox 293 405 523 450; x_wconf 88' lang='lat' dir='ltr'><strong>reditatem</strong></span> <span class='ocrx_word' id='word_1_23' title='bbox 555 415 692 449; x_wconf 88' lang='lat' dir='ltr'><strong>tuam.</strong></span> <span class='ocrx_word' id='word_1_24' title='bbox 724 408 781 449; x_wconf 87' lang='lat' dir='ltr'><strong>Et</strong></span> <span class='ocrx_word' id='word_1_25' title='bbox 804 420 885 462; x_wconf 83' lang='lat' dir='ltr'><strong>ego</strong></span> <span class='ocrx_word' id='word_1_26' title='bbox 911 403 966 447; x_wconf 84' lang='lat' dir='ltr'><strong>ad</strong></span> <span class='ocrx_word' id='word_1_27' title='bbox 993 413 1036 447; x_wconf 81' lang='lat' dir='ltr'><strong>te</strong></span> <span class='ocrx_word' id='word_1_28' title='bbox 1058 418 1260 448; x_wconf 83' lang='lat' dir='ltr'><strong>veneram</strong></span> <span class='ocrx_word' id='word_1_29' title='bbox 1295 419 1345 447; x_wconf 85' lang='lat' dir='ltr'><strong>ex</strong></span> <span class='ocrx_word' id='word_1_30' title='bbox 1380 403 1610 462; x_wconf 80' lang='lat' dir='ltr'><strong>gentibus,</strong></span> <span class='ocrx_word' id='word_1_31' title='bbox 1635 413 1679 448; x_wconf 87' lang='lat' dir='ltr'><strong>et</strong></span> 
     </span>
     <span class='ocr_line' id='line_1_5' title="bbox 294 472 1680 533; baseline -0.001 -14"><span class='ocrx_word' id='word_1_32' title='bbox 294 475 463 520; x_wconf 88' lang='lat' dir='ltr'><strong>intendi</strong></span> <span class='ocrx_word' id='word_1_33' title='bbox 482 476 529 519; x_wconf 90' lang='lat' dir='ltr'><strong>in</strong></span> <span class='ocrx_word' id='word_1_34' title='bbox 551 490 704 518; x_wconf 89' lang='lat' dir='ltr'><strong>aurum</strong></span> <span class='ocrx_word' id='word_1_35' title='bbox 735 473 857 533; x_wconf 88' lang='lat' dir='ltr'><strong>quod</strong></span> <span class='ocrx_word' id='word_1_36' title='bbox 895 473 948 517; x_wconf 87' lang='lat' dir='ltr'><strong>ab</strong></span> <span class='ocrx_word' id='word_1_37' title='bbox 970 476 1164 532; x_wconf 83' lang='lat' dir='ltr'><strong>AEgypto</strong></span> <span class='ocrx_word' id='word_1_38' title='bbox 1197 473 1372 517; x_wconf 89' lang='lat' dir='ltr'><strong>voluisti</strong></span> <span class='ocrx_word' id='word_1_39' title='bbox 1410 482 1460 516; x_wconf 89' lang='lat' dir='ltr'><strong>ut</strong></span> <span class='ocrx_word' id='word_1_40' title='bbox 1490 472 1680 517; x_wconf 82' lang='lat' dir='ltr'><strong>auferret</strong></span> 
     </span>
     <span class='ocr_line' id='line_1_6' title="bbox 293 544 1680 607; baseline -0.004 -15"><span class='ocrx_word' id='word_1_41' title='bbox 293 547 482 607; x_wconf 88' lang='lat' dir='ltr'><strong>populus</strong></span> <span class='ocrx_word' id='word_1_42' title='bbox 512 549 662 601; x_wconf 73' lang='lat' dir='ltr'><strong>tuus2‚</strong></span> <span class='ocrx_word' id='word_1_43' title='bbox 687 545 898 605; x_wconf 90' lang='lat' dir='ltr'><strong>quoniam</strong></span> <span class='ocrx_word' id='word_1_44' title='bbox 920 553 1049 588; x_wconf 90' lang='lat' dir='ltr'><strong>tuum</strong></span> <span class='ocrx_word' id='word_1_45' title='bbox 1071 553 1163 588; x_wconf 88' lang='lat' dir='ltr'><strong>erat</strong></span> <span class='ocrx_word' id='word_1_46' title='bbox 1189 544 1459 604; x_wconf 86' lang='lat' dir='ltr'><strong>ubicumque</strong></span> <span class='ocrx_word' id='word_1_47' title='bbox 1486 553 1592 588; x_wconf 73' lang='lat' dir='ltr'><strong>erat=</strong></span> <span class='ocrx_word' id='word_1_48' title='bbox 1622 546 1680 587; x_wconf 91' lang='lat' dir='ltr'><strong>Et</strong></span> 
     </span>
     <span class='ocr_line' id='line_1_7' title="bbox 293 615 1678 676; baseline -0.003 -14"><span class='ocrx_word' id='word_1_49' title='bbox 293 619 435 662; x_wconf 83' lang='lat' dir='ltr'><strong>dixisti</strong></span> <span class='ocrx_word' id='word_1_50' title='bbox 457 617 796 662; x_wconf 85' lang='lat' dir='ltr'><strong>Atheniensibus</strong></span> <span class='ocrx_word' id='word_1_51' title='bbox 814 632 891 676; x_wconf 87' lang='lat' dir='ltr'><strong>per</strong></span> <span class='ocrx_word' id='word_1_52' title='bbox 912 615 1169 675; x_wconf 85' lang='lat' dir='ltr'><strong>Apostolum</strong></span> <span class='ocrx_word' id='word_1_53' title='bbox 1186 624 1313 659; x_wconf 87' lang='lat' dir='ltr'><strong>tuum</strong></span> <span class='ocrx_word' id='word_1_54' title='bbox 1339 634 1348 659; x_wconf 71' lang='grc' dir='ltr'>ε</span> <span class='ocrx_word' id='word_1_55' title='bbox 1374 634 1393 656; x_wconf 93' lang='lat'>«</span> <span class='ocrx_word' id='word_1_56' title='bbox 1419 615 1550 668; x_wconf 86' lang='lat' dir='ltr'><strong>Quod</strong></span> <span class='ocrx_word' id='word_1_57' title='bbox 1568 615 1615 658; x_wconf 94' lang='lat' dir='ltr'><strong>in</strong></span> <span class='ocrx_word' id='word_1_58' title='bbox 1636 625 1678 659; x_wconf 90' lang='lat' dir='ltr'><strong>te</strong></span> 
     </span>
     <span class='ocr_line' id='line_1_8' title="bbox 295 685 1680 744; baseline -0.001 -15"><span class='ocrx_word' id='word_1_59' title='bbox 295 706 317 730; x_wconf 80' lang='grc'>»</span> <span class='ocrx_word' id='word_1_60' title='bbox 352 687 535 731; x_wconf 84' lang='lat' dir='ltr'><strong>vivimus</strong></span> <span class='ocrx_word' id='word_1_61' title='bbox 557 695 600 730; x_wconf 90' lang='lat' dir='ltr'><strong>et</strong></span> <span class='ocrx_word' id='word_1_62' title='bbox 618 701 846 731; x_wconf 84' lang='lat' dir='ltr'><strong>movemur</strong></span> <span class='ocrx_word' id='word_1_63' title='bbox 870 695 913 729; x_wconf 89' lang='lat' dir='ltr'><strong>et</strong></span> <span class='ocrx_word' id='word_1_64' title='bbox 934 700 1108 729; x_wconf 85' lang='lat' dir='ltr'><strong>sumus:</strong></span> <span class='ocrx_word' id='word_1_65' title='bbox 1129 685 1241 729; x_wconf 89' lang='lat' dir='ltr'><strong>sicut</strong></span> <span class='ocrx_word' id='word_1_66' title='bbox 1263 694 1306 729; x_wconf 88' lang='lat' dir='ltr'><strong>et</strong></span> <span class='ocrx_word' id='word_1_67' title='bbox 1326 685 1506 744; x_wconf 87' lang='lat' dir='ltr'><strong>quidam</strong></span> <span class='ocrx_word' id='word_1_68' title='bbox 1529 699 1680 728; x_wconf 88' lang='lat' dir='ltr'><strong>secun-</strong></span> 
     </span>
     <span class='ocr_line' id='line_1_9' title="bbox 297 754 1680 815; baseline -0.001 -15"><span class='ocrx_word' id='word_1_69' title='bbox 297 776 321 812; x_wconf 61' lang='grc' dir='ltr'><strong><em>η</em></strong></span> <span class='ocrx_word' id='word_1_70' title='bbox 352 757 459 801; x_wconf 92' lang='lat' dir='ltr'><strong>dum</strong></span> <span class='ocrx_word' id='word_1_71' title='bbox 481 772 552 802; x_wconf 88' lang='lat' dir='ltr'><strong>eos</strong></span> <span class='ocrx_word' id='word_1_72' title='bbox 575 756 797 801; x_wconf 80' lang='lat' dir='ltr'><strong>dixerunt³</strong></span> <span class='ocrx_word' id='word_1_73' title='bbox 821 776 830 802; x_wconf 80' lang='lat' dir='ltr'><strong><em>z</em></strong></span> <span class='ocrx_word' id='word_1_74' title='bbox 858 775 878 798; x_wconf 89' lang='lat'>»</span> <span class='ocrx_word' id='word_1_75' title='bbox 905 766 948 800; x_wconf 86' lang='lat' dir='ltr'><strong>et</strong></span> <span class='ocrx_word' id='word_1_76' title='bbox 968 757 1121 815; x_wconf 84' lang='lat' dir='ltr'><strong>utique</strong></span> <span class='ocrx_word' id='word_1_77' title='bbox 1143 756 1247 800; x_wconf 90' lang='lat' dir='ltr'><strong>inde</strong></span> <span class='ocrx_word' id='word_1_78' title='bbox 1270 764 1395 799; x_wconf 90' lang='lat' dir='ltr'><strong>erant</strong></span> <span class='ocrx_word' id='word_1_79' title='bbox 1415 754 1479 798; x_wconf 91' lang='lat' dir='ltr'><strong>illi</strong></span> <span class='ocrx_word' id='word_1_80' title='bbox 1496 754 1680 799; x_wconf 89' lang='lat' dir='ltr'><strong>libri.Et</strong></span> 
     </span>
     <span class='ocr_line' id='line_1_10' title="bbox 293 825 1679 886; baseline -0.002 -13"><span class='ocrx_word' id='word_1_81' title='bbox 293 843 384 873; x_wconf 90' lang='lat' dir='ltr'><strong>non</strong></span> <span class='ocrx_word' id='word_1_82' title='bbox 405 827 570 871; x_wconf 90' lang='lat' dir='ltr'><strong>attendi</strong></span> <span class='ocrx_word' id='word_1_83' title='bbox 601 828 648 871; x_wconf 91' lang='lat' dir='ltr'><strong>in</strong></span> <span class='ocrx_word' id='word_1_84' title='bbox 685 827 801 872; x_wconf 86' lang='lat' dir='ltr'><strong>idola</strong></span> <span class='ocrx_word' id='word_1_85' title='bbox 841 826 1173 886; x_wconf 71' lang='lat' dir='ltr'><strong>AEgypfiorum,</strong></span> <span class='ocrx_word' id='word_1_86' title='bbox 1213 826 1374 885; x_wconf 86' lang='lat' dir='ltr'><strong>quibus</strong></span> <span class='ocrx_word' id='word_1_87' title='bbox 1398 825 1452 869; x_wconf 88' lang='lat' dir='ltr'><strong>de</strong></span> <span class='ocrx_word' id='word_1_88' title='bbox 1474 840 1580 869; x_wconf 89' lang='lat' dir='ltr'><strong>auro</strong></span> <span class='ocrx_word' id='word_1_89' title='bbox 1602 834 1679 870; x_wconf 90' lang='lat' dir='ltr'><strong>tuo</strong></span> 
     </span>
     <span class='ocr_line' id='line_1_11' title="bbox 293 895 1681 958; baseline -0.002 -17"><span class='ocrx_word' id='word_1_90' title='bbox 293 897 615 953; x_wconf 83' lang='lat' dir='ltr'><strong>ministrabant,</strong></span> <span class='ocrx_word' id='word_1_91' title='bbox 640 898 717 958; x_wconf 91' lang='lat' dir='ltr'><strong>qui</strong></span> <span class='ocrx_word' id='word_1_92' title='bbox 732 905 1134 941; x_wconf 83' lang='lat' dir='ltr'><strong>transmutaverunt</strong></span> <span class='ocrx_word' id='word_1_93' title='bbox 1152 896 1379 941; x_wconf 88' lang='lat' dir='ltr'><strong>veritatem</strong></span> <span class='ocrx_word' id='word_1_94' title='bbox 1395 895 1474 940; x_wconf 89' lang='lat' dir='ltr'><strong>Dei</strong></span> <span class='ocrx_word' id='word_1_95' title='bbox 1495 896 1542 938; x_wconf 91' lang='lat' dir='ltr'><strong>in</strong></span> <span class='ocrx_word' id='word_1_96' title='bbox 1559 910 1681 939; x_wconf 91' lang='lat' dir='ltr'><strong>men-</strong></span> 
     </span>
     <span class='ocr_line' id='line_1_12' title="bbox 294 966 1679 1025; baseline -0.003 -12"><span class='ocrx_word' id='word_1_97' title='bbox 294 969 484 1024; x_wconf 83' lang='lat' dir='ltr'><strong>dacium,</strong></span> <span class='ocrx_word' id='word_1_98' title='bbox 510 977 553 1013; x_wconf 90' lang='lat' dir='ltr'><strong>et</strong></span> <span class='ocrx_word' id='word_1_99' title='bbox 570 968 802 1013; x_wconf 88' lang='lat' dir='ltr'><strong>coluerunt</strong></span> <span class='ocrx_word' id='word_1_100' title='bbox 825 977 868 1011; x_wconf 89' lang='lat' dir='ltr'><strong>et</strong></span> <span class='ocrx_word' id='word_1_101' title='bbox 889 968 1131 1012; x_wconf 89' lang='lat' dir='ltr'><strong>servierunt</strong></span> <span class='ocrx_word' id='word_1_102' title='bbox 1148 975 1359 1011; x_wconf 80' lang='lat' dir='ltr'><strong>creaturae</strong></span> <span class='ocrx_word' id='word_1_103' title='bbox 1382 966 1527 1025; x_wconf 90' lang='lat' dir='ltr'><strong>potius</strong></span> <span class='ocrx_word' id='word_1_104' title='bbox 1546 981 1679 1025; x_wconf 89' lang='lat' dir='ltr'><strong>quam</strong></span> 
     </span>
     <span class='ocr_line' id='line_1_13' title="bbox 295 1039 537 1085; baseline -0.004 -1"><span class='ocrx_word' id='word_1_105' title='bbox 295 1039 491 1085; x_wconf 89' lang='lat' dir='ltr'><strong>Creatori</strong></span> <span class='ocrx_word' id='word_1_106' title='bbox 505 1040 537 1083; x_wconf 73' lang='lat'><strong>4.</strong></span> 
     </span>
    </p>
   </div>
   <div class='ocr_carea' id='block_1_3' title="bbox 901 1204 1113 1221">
    <p class='ocr_par' dir='ltr' id='par_1_3' title="bbox 901 1204 1113 1221">
     <span class='ocr_line' id='line_1_14' title="bbox 901 1204 1113 1221; baseline 0 1941"><span class='ocrx_word' id='word_1_107' title='bbox 901 1204 1113 1221; x_wconf 95' lang='lat' dir='ltr'><strong> </strong></span> 
     </span>
    </p>
   </div>
   <div class='ocr_carea' id='block_1_4' title="bbox 296 1203 1680 1224">
    <p class='ocr_par' dir='ltr' id='par_1_4' title="bbox 296 1203 1680 1224">
     <span class='ocr_line' id='line_1_15' title="bbox 296 1203 1680 1224; baseline -0.002 -1"><span class='ocrx_word' id='word_1_108' title='bbox 296 1205 900 1224; x_wconf 60' lang='lat' dir='ltr'><strong>MQMNWWWWWWWWNW</strong></span> <span class='ocrx_word' id='word_1_109' title='bbox 1115 1203 1680 1221; x_wconf 61' lang='lat' dir='ltr'><strong>WWWMMUMWWWWMMMM</strong></span> 
     </span>
    </p>
   </div>
   <div class='ocr_carea' id='block_1_5' title="bbox 845 1338 1161 1387">
    <p class='ocr_par' dir='ltr' id='par_1_5' title="bbox 845 1338 1161 1387">
     <span class='ocr_line' id='line_1_16' title="bbox 845 1338 1161 1387; baseline -0.003 -1"><span class='ocrx_word' id='word_1_110' title='bbox 845 1338 1061 1387; x_wconf 77' lang='lat' dir='ltr'><strong>CAPUT</strong></span> <span class='ocrx_word' id='word_1_111' title='bbox 1097 1340 1161 1385; x_wconf 74' lang='lat' dir='ltr'><strong>X.</strong></span> 
     </span>
    </p>
   </div>
   <div class='ocr_carea' id='block_1_6' title="bbox 420 1494 1553 1558">
    <p class='ocr_par' dir='ltr' id='par_1_6' title="bbox 420 1494 1553 1558">
     <span class='ocr_line' id='line_1_17' title="bbox 420 1494 1553 1558; baseline -0.002 -16"><span class='ocrx_word' id='word_1_112' title='bbox 420 1496 614 1542; x_wconf 76' lang='lat' dir='ltr'><strong>Clarias</strong></span> <span class='ocrx_word' id='word_1_113' title='bbox 636 1498 935 1542; x_wconf 76' lang='lat' dir='ltr'><strong>innotescunt</strong></span> <span class='ocrx_word' id='word_1_114' title='bbox 949 1496 1063 1558; x_wconf 79' lang='lat' dir='ltr'><strong>jam</strong></span> <span class='ocrx_word' id='word_1_115' title='bbox 1085 1497 1359 1557; x_wconf 78' lang='lat' dir='ltr'><strong>Augustino</strong></span> <span class='ocrx_word' id='word_1_116' title='bbox 1375 1494 1553 1541; x_wconf 67' lang='lat' dir='ltr'><strong>divina.</strong></span> 
     </span>
    </p>
   </div>
   <div class='ocr_carea' id='block_1_7' title="bbox 294 1654 1681 1930">
    <p class='ocr_par' dir='ltr' id='par_1_7' title="bbox 294 1654 1681 1930">
     <span class='ocr_line' id='line_1_18' title="bbox 372 1654 1681 1715; baseline -0.003 -13"><span class='ocrx_word' id='word_1_117' title='bbox 372 1660 494 1702; x_wconf 86' lang='lat' dir='ltr'><strong>XVI.</strong></span> <span class='ocrx_word' id='word_1_118' title='bbox 524 1658 590 1701; x_wconf 74' lang='lat' dir='ltr'><strong>ET</strong></span> <span class='ocrx_word' id='word_1_119' title='bbox 614 1656 718 1700; x_wconf 89' lang='lat' dir='ltr'><strong>inde</strong></span> <span class='ocrx_word' id='word_1_120' title='bbox 739 1656 986 1700; x_wconf 89' lang='lat' dir='ltr'><strong>admonitus</strong></span> <span class='ocrx_word' id='word_1_121' title='bbox 1009 1655 1149 1699; x_wconf 90' lang='lat' dir='ltr'><strong>redire</strong></span> <span class='ocrx_word' id='word_1_122' title='bbox 1178 1654 1233 1700; x_wconf 93' lang='lat' dir='ltr'><strong>ad</strong></span> <span class='ocrx_word' id='word_1_123' title='bbox 1255 1655 1559 1715; x_wconf 89' lang='lat' dir='ltr'><strong>memetipsum</strong></span> <span class='ocrx_word' id='word_1_124' title='bbox 1577 1689 1588 1710; x_wconf 86' lang='lat'>‚</span> <span class='ocrx_word' id='word_1_125' title='bbox 1611 1655 1681 1699; x_wconf 89' lang='lat' dir='ltr'><strong>in-</strong></span> 
     </span>
     <span class='ocr_line' id='line_1_19' title="bbox 294 1725 1680 1786; baseline -0.004 -10"><span class='ocrx_word' id='word_1_126' title='bbox 294 1731 405 1776; x_wconf 86' lang='lat' dir='ltr'><strong>travi</strong></span> <span class='ocrx_word' id='word_1_127' title='bbox 427 1730 473 1773; x_wconf 90' lang='lat' dir='ltr'><strong>in</strong></span> <span class='ocrx_word' id='word_1_128' title='bbox 492 1729 645 1772; x_wconf 89' lang='lat' dir='ltr'><strong>intima</strong></span> <span class='ocrx_word' id='word_1_129' title='bbox 667 1743 762 1772; x_wconf 89' lang='lat' dir='ltr'><strong>mea</strong></span> <span class='ocrx_word' id='word_1_130' title='bbox 784 1726 896 1771; x_wconf 90' lang='lat' dir='ltr'><strong>duce</strong></span> <span class='ocrx_word' id='word_1_131' title='bbox 918 1736 961 1771; x_wconf 87' lang='lat' dir='ltr'><strong>te</strong></span> <span class='ocrx_word' id='word_1_132' title='bbox 982 1745 991 1771; x_wconf 93' lang='lat'>:</span> <span class='ocrx_word' id='word_1_133' title='bbox 1011 1735 1054 1771; x_wconf 89' lang='lat' dir='ltr'><strong>et</strong></span> <span class='ocrx_word' id='word_1_134' title='bbox 1074 1727 1221 1785; x_wconf 85' lang='lat' dir='ltr'><strong>potui,</strong></span> <span class='ocrx_word' id='word_1_135' title='bbox 1246 1726 1456 1786; x_wconf 84' lang='lat' dir='ltr'><strong>quoniam</strong></span> <span class='ocrx_word' id='word_1_136' title='bbox 1477 1725 1616 1770; x_wconf 84' lang='lat' dir='ltr'><strong>factus</strong></span> <span class='ocrx_word' id='word_1_137' title='bbox 1636 1741 1680 1771; x_wconf 88' lang='lat' dir='ltr'><strong>es</strong></span> 
     </span>
     <span class='ocr_line' id='line_1_20' title="bbox 295 1797 1679 1862; baseline -0.004 -16"><span class='ocrx_word' id='word_1_138' title='bbox 295 1803 467 1862; x_wconf 84' lang='lat' dir='ltr'><strong>adjutor</strong></span> <span class='ocrx_word' id='word_1_139' title='bbox 487 1815 625 1844; x_wconf 88' lang='lat' dir='ltr'><strong>meus.</strong></span> <span class='ocrx_word' id='word_1_140' title='bbox 658 1799 820 1843; x_wconf 85' lang='lat' dir='ltr'><strong>Intravi</strong></span> <span class='ocrx_word' id='word_1_141' title='bbox 842 1808 884 1842; x_wconf 89' lang='lat' dir='ltr'><strong>et</strong></span> <span class='ocrx_word' id='word_1_142' title='bbox 905 1798 991 1841; x_wconf 91' lang='lat' dir='ltr'><strong>vidi</strong></span> <span class='ocrx_word' id='word_1_143' title='bbox 1023 1797 1332 1858; x_wconf 79' lang='lat' dir='ltr'><strong>qualicumque</strong></span> <span class='ocrx_word' id='word_1_144' title='bbox 1357 1797 1486 1842; x_wconf 88' lang='lat' dir='ltr'><strong>oculo</strong></span> <span class='ocrx_word' id='word_1_145' title='bbox 1522 1798 1679 1842; x_wconf 85' lang='lat' dir='ltr'><strong>animae</strong></span> 
     </span>
     <span class='ocr_line' id='line_1_21' title="bbox 295 1868 1679 1930; baseline -0.004 -14"><span class='ocrx_word' id='word_1_146' title='bbox 295 1888 425 1926; x_wconf 82' lang='lat' dir='ltr'><strong>meae,</strong></span> <span class='ocrx_word' id='word_1_147' title='bbox 451 1886 580 1930; x_wconf 89' lang='lat' dir='ltr'><strong>supra</strong></span> <span class='ocrx_word' id='word_1_148' title='bbox 602 1869 805 1914; x_wconf 89' lang='lat' dir='ltr'><strong>eumdem</strong></span> <span class='ocrx_word' id='word_1_149' title='bbox 825 1868 1003 1913; x_wconf 89' lang='lat' dir='ltr'><strong>oculum</strong></span> <span class='ocrx_word' id='word_1_150' title='bbox 1021 1869 1175 1912; x_wconf 81' lang='lat' dir='ltr'><strong>animae</strong></span> <span class='ocrx_word' id='word_1_151' title='bbox 1194 1883 1317 1923; x_wconf 83' lang='lat' dir='ltr'><strong>meae,</strong></span> <span class='ocrx_word' id='word_1_152' title='bbox 1342 1883 1469 1927; x_wconf 85' lang='lat' dir='ltr'><strong>supra</strong></span> <span class='ocrx_word' id='word_1_153' title='bbox 1486 1877 1679 1912; x_wconf 88' lang='lat' dir='ltr'><strong>mentem</strong></span> 
     </span>
    </p>
   </div>
   <div class='ocr_carea' id='block_1_8' title="bbox 296 1940 1681 1999">
    <p class='ocr_par' dir='ltr' id='par_1_8' title="bbox 202 1940 1681 1999">
     <span class='ocr_line' id='line_1_22' title="bbox 296 1940 1681 1999; baseline -0.002 -11.191"><span class='ocrx_word' id='word_1_154' title='bbox 296 1959 437 1988; x_wconf 86' lang='lat' dir='ltr'><strong>meam</strong></span> <span class='ocrx_word' id='word_1_155' title='bbox 472 1943 616 1987; x_wconf 89' lang='lat' dir='ltr'><strong>lucem</strong></span> <span class='ocrx_word' id='word_1_156' title='bbox 646 1940 1077 1995; x_wconf 81' lang='lat' dir='ltr'><strong>incommutabilem,</strong></span> <span class='ocrx_word' id='word_1_157' title='bbox 1114 1956 1203 1985; x_wconf 92' lang='lat' dir='ltr'><strong>non</strong></span> <span class='ocrx_word' id='word_1_158' title='bbox 1232 1941 1345 1985; x_wconf 89' lang='lat' dir='ltr'><strong>hanc</strong></span> <span class='ocrx_word' id='word_1_159' title='bbox 1376 1940 1602 1999; x_wconf 81' lang='lat' dir='ltr'><strong>vulgarem</strong></span> <span class='ocrx_word' id='word_1_160' title='bbox 1637 1950 1681 1985; x_wconf 82' lang='lat' dir='ltr'><strong>et</strong></span> 
     </span>
    </p>
   </div>
   <div class='ocr_carea' id='block_1_9' title="bbox 295 2010 1680 2427">
    <p class='ocr_par' dir='ltr' id='par_1_9' title="bbox 295 2010 1680 2427">
     <span class='ocr_line' id='line_1_23' title="bbox 295 2010 1678 2073; baseline -0.004 -14"><span class='ocrx_word' id='word_1_161' title='bbox 295 2014 575 2073; x_wconf 87' lang='lat' dir='ltr'><strong>conspicuam</strong></span> <span class='ocrx_word' id='word_1_162' title='bbox 592 2013 711 2057; x_wconf 92' lang='lat' dir='ltr'><strong>omni</strong></span> <span class='ocrx_word' id='word_1_163' title='bbox 728 2012 863 2067; x_wconf 82' lang='lat' dir='ltr'><strong>carni,</strong></span> <span class='ocrx_word' id='word_1_164' title='bbox 886 2027 967 2055; x_wconf 89' lang='lat' dir='ltr'><strong>nec</strong></span> <span class='ocrx_word' id='word_1_165' title='bbox 989 2010 1110 2070; x_wconf 89' lang='lat' dir='ltr'><strong>quasi</strong></span> <span class='ocrx_word' id='word_1_166' title='bbox 1131 2026 1182 2054; x_wconf 85' lang='lat' dir='ltr'><strong>ex</strong></span> <span class='ocrx_word' id='word_1_167' title='bbox 1198 2010 1352 2054; x_wconf 89' lang='lat' dir='ltr'><strong>eodem</strong></span> <span class='ocrx_word' id='word_1_168' title='bbox 1370 2026 1526 2069; x_wconf 86' lang='lat' dir='ltr'><strong>genere</strong></span> <span class='ocrx_word' id='word_1_169' title='bbox 1549 2026 1678 2069; x_wconf 81' lang='lat' dir='ltr'><strong>gran-</strong></span> 
     </span>
     <span class='ocr_line' id='line_1_24' title="bbox 296 2081 1679 2143; baseline -0.003 -13"><span class='ocrx_word' id='word_1_170' title='bbox 296 2086 390 2130; x_wconf 92' lang='lat' dir='ltr'><strong>dior</strong></span> <span class='ocrx_word' id='word_1_171' title='bbox 407 2094 521 2139; x_wconf 86' lang='lat' dir='ltr'><strong>erat,</strong></span> <span class='ocrx_word' id='word_1_172' title='bbox 546 2093 756 2143; x_wconf 85' lang='lat' dir='ltr'><strong>tanquam</strong></span> <span class='ocrx_word' id='word_1_173' title='bbox 787 2083 822 2127; x_wconf 90' lang='lat' dir='ltr'><strong>si</strong></span> <span class='ocrx_word' id='word_1_174' title='bbox 846 2083 925 2126; x_wconf 87' lang='lat' dir='ltr'><strong>ista</strong></span> <span class='ocrx_word' id='word_1_175' title='bbox 942 2081 1081 2126; x_wconf 85' lang='lat' dir='ltr'><strong>multo</strong></span> <span class='ocrx_word' id='word_1_176' title='bbox 1099 2081 1327 2141; x_wconf 88' lang='lat' dir='ltr'><strong>multoque</strong></span> <span class='ocrx_word' id='word_1_177' title='bbox 1349 2081 1505 2126; x_wconf 87' lang='lat' dir='ltr'><strong>clarius</strong></span> <span class='ocrx_word' id='word_1_178' title='bbox 1526 2081 1679 2126; x_wconf 89' lang='lat' dir='ltr'><strong>clares—</strong></span> 
     </span>
     <span class='ocr_line' id='line_1_25' title="bbox 297 2152 1680 2215; baseline -0.003 -14"><span class='ocrx_word' id='word_1_179' title='bbox 297 2165 438 2211; x_wconf 82' lang='lat' dir='ltr'><strong>ceret,</strong></span> <span class='ocrx_word' id='word_1_180' title='bbox 472 2165 704 2215; x_wconf 82' lang='lat' dir='ltr'><strong>totumque</strong></span> <span class='ocrx_word' id='word_1_181' title='bbox 737 2162 972 2212; x_wconf 86' lang='lat' dir='ltr'><strong>occuparet</strong></span> <span class='ocrx_word' id='word_1_182' title='bbox 999 2153 1314 2211; x_wconf 84' lang='lat' dir='ltr'><strong>magnitudine.</strong></span> <span class='ocrx_word' id='word_1_183' title='bbox 1353 2155 1451 2197; x_wconf 93' lang='lat' dir='ltr'><strong>Non</strong></span> <span class='ocrx_word' id='word_1_184' title='bbox 1487 2154 1572 2197; x_wconf 89' lang='lat' dir='ltr'><strong>hoc</strong></span> <span class='ocrx_word' id='word_1_185' title='bbox 1606 2152 1680 2198; x_wconf 88' lang='lat' dir='ltr'><strong>illa</strong></span> 
     </span>
     <span class='ocr_line' id='line_1_26' title="bbox 297 2224 1680 2283; baseline -0.004 -11"><span class='ocrx_word' id='word_1_186' title='bbox 297 2236 409 2283; x_wconf 88' lang='lat' dir='ltr'><strong>erat,</strong></span> <span class='ocrx_word' id='word_1_187' title='bbox 434 2225 509 2271; x_wconf 81' lang='lat' dir='ltr'><strong>sed</strong></span> <span class='ocrx_word' id='word_1_188' title='bbox 527 2225 645 2270; x_wconf 86' lang='lat' dir='ltr'><strong>aliud</strong></span> <span class='ocrx_word' id='word_1_189' title='bbox 661 2261 672 2281; x_wconf 89' lang='lat'>‚</span> <span class='ocrx_word' id='word_1_190' title='bbox 698 2225 815 2269; x_wconf 80' lang='lat' dir='ltr'><strong>aliud</strong></span> <span class='ocrx_word' id='word_1_191' title='bbox 836 2224 962 2269; x_wconf 86' lang='lat' dir='ltr'><strong>valde</strong></span> <span class='ocrx_word' id='word_1_192' title='bbox 981 2224 1034 2268; x_wconf 85' lang='lat' dir='ltr'><strong>ab</strong></span> <span class='ocrx_word' id='word_1_193' title='bbox 1057 2224 1146 2267; x_wconf 89' lang='lat' dir='ltr'><strong>istis</strong></span> <span class='ocrx_word' id='word_1_194' title='bbox 1164 2224 1382 2268; x_wconf 81' lang='lat' dir='ltr'><strong>omnibus.</strong></span> <span class='ocrx_word' id='word_1_195' title='bbox 1403 2226 1492 2268; x_wconf 91' lang='lat' dir='ltr'><strong>Nec</strong></span> <span class='ocrx_word' id='word_1_196' title='bbox 1509 2224 1569 2268; x_wconf 89' lang='lat' dir='ltr'><strong>ita</strong></span> <span class='ocrx_word' id='word_1_197' title='bbox 1588 2232 1680 2268; x_wconf 90' lang='lat' dir='ltr'><strong>erat</strong></span> 
     </span>
     <span class='ocr_line' id='line_1_27' title="bbox 298 2294 1679 2357; baseline -0.002 -15"><span class='ocrx_word' id='word_1_198' title='bbox 298 2312 425 2357; x_wconf 85' lang='lat' dir='ltr'><strong>supra</strong></span> <span class='ocrx_word' id='word_1_199' title='bbox 467 2305 660 2340; x_wconf 86' lang='lat' dir='ltr'><strong>mentem</strong></span> <span class='ocrx_word' id='word_1_200' title='bbox 698 2311 839 2340; x_wconf 87' lang='lat' dir='ltr'><strong>meam</strong></span> <span class='ocrx_word' id='word_1_201' title='bbox 880 2295 991 2338; x_wconf 87' lang='lat' dir='ltr'><strong>sicut</strong></span> <span class='ocrx_word' id='word_1_202' title='bbox 1030 2294 1175 2339; x_wconf 90' lang='lat' dir='ltr'><strong>oleum</strong></span> <span class='ocrx_word' id='word_1_203' title='bbox 1204 2309 1333 2353; x_wconf 91' lang='lat' dir='ltr'><strong>super</strong></span> <span class='ocrx_word' id='word_1_204' title='bbox 1369 2309 1523 2353; x_wconf 89' lang='lat' dir='ltr'><strong>aquam</strong></span> <span class='ocrx_word' id='word_1_205' title='bbox 1542 2329 1552 2349; x_wconf 81' lang='lat'><strong>‚</strong></span> <span class='ocrx_word' id='word_1_206' title='bbox 1598 2309 1679 2339; x_wconf 90' lang='lat' dir='ltr'><strong>nec</strong></span> 
     </span>
     <span class='ocr_line' id='line_1_28' title="bbox 298 2364 1680 2427; baseline -0.001 -15"><span class='ocrx_word' id='word_1_207' title='bbox 298 2368 408 2412; x_wconf 80' lang='lat' dir='ltr'><strong>sicut</strong></span> <span class='ocrx_word' id='word_1_208' title='bbox 429 2368 592 2412; x_wconf 89' lang='lat' dir='ltr'><strong>coelum</strong></span> <span class='ocrx_word' id='word_1_209' title='bbox 620 2382 748 2427; x_wconf 85' lang='lat' dir='ltr'><strong>super</strong></span> <span class='ocrx_word' id='word_1_210' title='bbox 771 2376 927 2411; x_wconf 87' lang='lat' dir='ltr'><strong>terram</strong></span> <span class='ocrx_word' id='word_1_211' title='bbox 946 2387 957 2424; x_wconf 76' lang='lat'><em>3</em></span> <span class='ocrx_word' id='word_1_212' title='bbox 982 2365 1057 2410; x_wconf 88' lang='lat' dir='ltr'><strong>sed</strong></span> <span class='ocrx_word' id='word_1_213' title='bbox 1078 2366 1273 2425; x_wconf 89' lang='lat' dir='ltr'><strong>superior</strong></span> <span class='ocrx_word' id='word_1_214' title='bbox 1291 2401 1302 2421; x_wconf 72' lang='grc'>,</span> <span class='ocrx_word' id='word_1_215' title='bbox 1326 2365 1428 2426; x_wconf 88' lang='lat' dir='ltr'><strong>quia</strong></span> <span class='ocrx_word' id='word_1_216' title='bbox 1461 2366 1551 2424; x_wconf 89' lang='lat' dir='ltr'><strong>ipsa</strong></span> <span class='ocrx_word' id='word_1_217' title='bbox 1574 2364 1680 2410; x_wconf 88' lang='lat' dir='ltr'><strong>fecit</strong></span> 
     </span>
    </p>
   </div>
   <div class='ocr_carea' id='block_1_10' title="bbox 298 2461 1677 2559">
    <p class='ocr_par' dir='ltr' id='par_1_10' title="bbox 298 2461 1677 2559">
     <span class='ocr_line' id='line_1_29' title="bbox 361 2461 1677 2505; baseline -0.002 -10"><span class='ocrx_word' id='word_1_218' title='bbox 361 2470 371 2486; x_wconf 86' lang='lat'>¹</span> <span class='ocrx_word' id='word_1_219' title='bbox 392 2466 482 2495; x_wconf 78' lang='lat' dir='ltr'><strong>Rom.</strong></span> <span class='ocrx_word' id='word_1_220' title='bbox 508 2475 561 2505; x_wconf 76' lang='lat' dir='ltr'><strong>lx,</strong></span> <span class='ocrx_word' id='word_1_221' title='bbox 584 2464 634 2496; x_wconf 83' lang='lat'><strong>13.</strong></span> <span class='ocrx_word' id='word_1_222' title='bbox 655 2480 696 2486; x_wconf 93' lang='lat'>—</span> <span class='ocrx_word' id='word_1_223' title='bbox 716 2471 728 2486; x_wconf 83' lang='lat'>²</span> <span class='ocrx_word' id='word_1_224' title='bbox 748 2463 855 2496; x_wconf 79' lang='lat' dir='ltr'><strong>Exod.</strong></span> <span class='ocrx_word' id='word_1_225' title='bbox 886 2474 933 2504; x_wconf 82' lang='lat'>111,</span> <span class='ocrx_word' id='word_1_226' title='bbox 966 2472 1020 2505; x_wconf 80' lang='lat'><strong>2¹2,</strong></span> <span class='ocrx_word' id='word_1_227' title='bbox 1044 2467 1077 2495; x_wconf 83' lang='lat' dir='ltr'><strong>et</strong></span> <span class='ocrx_word' id='word_1_228' title='bbox 1106 2474 1151 2503; x_wconf 73' lang='lat' dir='ltr'><strong>xl,</strong></span> <span class='ocrx_word' id='word_1_229' title='bbox 1179 2473 1209 2494; x_wconf 85' lang='lat'><strong>2.</strong></span> <span class='ocrx_word' id='word_1_230' title='bbox 1241 2479 1282 2485; x_wconf 89' lang='lat'>—</span> <span class='ocrx_word' id='word_1_231' title='bbox 1306 2461 1318 2485; x_wconf 83' lang='lat'>3</span> <span class='ocrx_word' id='word_1_232' title='bbox 1347 2464 1423 2494; x_wconf 71' lang='lat' dir='ltr'><strong>Act.</strong></span> <span class='ocrx_word' id='word_1_233' title='bbox 1454 2473 1534 2502; x_wconf 78' lang='lat' dir='ltr'><strong>xvn,</strong></span> <span class='ocrx_word' id='word_1_234' title='bbox 1554 2462 1607 2494; x_wconf 79' lang='lat'><strong>28.</strong></span> <span class='ocrx_word' id='word_1_235' title='bbox 1636 2479 1677 2484; x_wconf 98' lang='lat'><strong>—</strong></span> 
     </span>
     <span class='ocr_line' id='line_1_30' title="bbox 298 2519 546 2559; baseline 0.004 -9"><span class='ocrx_word' id='word_1_236' title='bbox 298 2519 315 2550; x_wconf 78' lang='lat'>4</span> <span class='ocrx_word' id='word_1_237' title='bbox 331 2522 422 2551; x_wconf 77' lang='lat' dir='ltr'><strong>Rom.</strong></span> <span class='ocrx_word' id='word_1_238' title='bbox 440 2531 473 2559; x_wconf 86' lang='lat' dir='ltr'><strong>v,</strong></span> <span class='ocrx_word' id='word_1_239' title='bbox 492 2519 546 2551; x_wconf 78' lang='lat'><strong>25.</strong></span> 
     </span>
    </p>
   </div>
   <div class='ocr_carea' id='block_1_11' title="bbox 1807 0 1866 3162">
    <p class='ocr_par' dir='ltr' id='par_1_11' title="bbox 1807 0 1866 3162">
     <span class='ocr_line' id='line_1_31' title="bbox 1807 0 1866 3162; baseline 0 0"><span class='ocrx_word' id='word_1_240' title='bbox 1807 0 1866 3162; x_wconf 95' lang='lat' dir='ltr'><strong> </strong></span> 
     </span>
    </p>
   </div>
  </div>
 </body>
</html>
