1871 3162
1535 157 1590 188 Ναὶ

613 238 988 276 soLtLOQUIORUM,
1023 238 1106 264 Lm.
1140 239 1172 265 1.
1491 223 1580 292 432

198 302 483 364 pulchritudo
502 302 681 362 quando
702 317 746 347 se
765 299 979 347 ostendat.
1005 303 1102 360 Ipsa
1123 301 1241 344 enim
1261 300 1418 344 medici
1435 300 1581 358 iungi-

198 385 270 419 tur
285 388 466 418 munere
478 408 489 428 ,
509 371 754 432 meliusque
768 370 974 430 intelligit
985 371 1060 430 qui
1071 371 1156 415 sint
1168 369 1283 424 sani,
1305 384 1435 429 quam
1450 369 1581 413 iidem

196 445 278 503 ipsi
295 444 372 504 qui
387 451 612 488 sanantur.
634 445 721 488 Nos
737 450 885 486 autem
899 450 1113 502 quantum
1126 440 1442 495 emerserimus,
1457 438 1581 484 vide-

195 530 295 559 mur
317 514 446 559 nobis
462 513 609 558 videre
632 532 642 558 ε
667 522 884 574 quantum
905 521 1051 557 autem
1067 511 1194 556 mersi
1214 524 1383 555 eramus
1398 544 1410 564 ,
1434 519 1477 554 et
1493 525 1582 569 quo

193 584 411 644 progressi
425 582 666 639 fueramus,
687 598 768 627 nec
788 583 979 642 cogitare
997 596 1078 626 nec
1097 581 1256 625 sentire
1271 579 1579 638 permittimur,

195 663 238 698 et
258 654 304 697 in
325 654 650 713 comparatione
671 652 877 712 gravioris
899 651 1042 695 morbi
1059 665 1185 695 sanos
1211 664 1301 694 esse
1332 663 1411 692 nos
1439 647 1582 692 credi-

194 739 305 768 mus.
324 727 479 769 Nonne
498 723 617 768 vides
629 738 762 782 quam
776 721 913 766 veluti
933 721 1071 765 securi
1085 721 1290 764 hesterno
1301 719 1370 763 die
1388 734 1583 777 pronun-

194 795 473 847 tiaveramus,
497 792 618 836 nulla
636 793 725 850 jam
753 807 831 836 nos
853 801 972 850 peste
993 791 1200 847 detineri,
1223 789 1418 849 nihilque
1441 803 1584 832 amare

195 864 275 907 nisi
286 864 540 922 sapientiam
558 882 566 906 z
583 871 737 906 caetera
750 877 853 906 vero
866 877 955 906 non
968 862 1048 905 nisi
1063 870 1239 920 propter
1252 860 1376 903 istam
1389 874 1584 919 quaerere

195 942 270 976 aut
290 933 435 977 velle?
457 935 597 985 Quam
617 932 698 975 tibi
716 932 937 985 sordidus,
963 946 1095 991 quam
1128 929 1299 983 foedus,
1325 944 1457 989 quam
1491 943 1583 972 exe-

195 1001 387 1056 crabilis,
408 1016 540 1061 quam
568 999 787 1045 horribilis
809 1000 1059 1059 complexus
1091 998 1317 1043 faemineus
1333 997 1581 1052 videbatur,

194 1071 372 1129 quando
394 1072 507 1114 inter
523 1086 601 1114 nos
619 1071 674 1114 de
691 1072 834 1114 uxoris
851 1069 1091 1127 cupiditate
1106 1068 1338 1127 quaesitum
1361 1076 1438 1111 est.
1458 1069 1585 1111 Certe

195 1143 274 1185 ista
295 1150 422 1185 nocte
442 1140 692 1199 vigilantes,
712 1155 813 1184 cum
837 1154 983 1182 rursus
1006 1138 1156 1181 eadem
1178 1137 1407 1181 nobiscum
1430 1152 1584 1195 agere-

195 1226 312 1265 mus,
340 1210 512 1254 sensisti
539 1225 669 1268 quam
692 1219 735 1253 te
755 1209 877 1252 aliter
904 1223 1036 1268 quam
1058 1222 1412 1266 praesumpseras,
1428 1207 1584 1265 imagi-

197 1290 310 1324 natae
337 1280 422 1323 illae
453 1279 677 1324 blanditiae
700 1289 742 1323 et
774 1294 917 1323 amara
949 1279 1136 1323 suavitas
1169 1277 1431 1334 titillaverit,
1454 1277 1582 1334 longe

196 1349 396 1410 quidem,
421 1350 551 1408 longe
573 1350 716 1393 minus
743 1365 874 1408 quam
903 1348 1033 1402 solet,
1059 1349 1134 1391 sed
1162 1348 1268 1392 item
1295 1347 1427 1405 longe
1462 1347 1586 1391 aliter

196 1436 330 1479 quam
363 1429 592 1479 putaveras
615 1439 623 1464 ;
645 1430 695 1463 ut
731 1420 789 1464 sic
829 1420 909 1464 tibi
945 1420 1250 1463 secretissimus
1284 1417 1360 1461 ille
1393 1417 1587 1461 medicus

196 1499 434 1549 utrumque
469 1489 807 1544 demonstraret,
833 1499 876 1533 et
908 1489 1022 1532 unde
1057 1504 1161 1532 cura
1201 1489 1292 1548 ejus
1316 1487 1517 1541 evaseris,
1543 1498 1586 1531 et

196 1561 303 1621 quid
319 1559 564 1604 curandum
587 1569 826 1604 remaneat.

255 1633 417 1674 XXVI.
457 1634 509 1674 A.
530 1633 656 1682 Tace,
674 1630 869 1683 obsecro,
892 1638 1000 1673 tace.
1022 1626 1134 1681 Quid
1155 1627 1344 1681 crucias,
1364 1625 1473 1685 quid
1490 1636 1587 1670 tan-

197 1710 291 1745 tum
310 1699 422 1744 fodis
445 1700 618 1758 alteque
634 1699 891 1743 descendis?
913 1701 1010 1742 Jam
1025 1698 1130 1743 flere
1148 1714 1238 1742 non
1257 1697 1391 1751 duro,
1410 1697 1587 1756 jamjam

198 1769 307 1813 nihil
322 1770 546 1827 promitto,
564 1767 672 1811 nihil
684 1781 916 1826 praesumo,
936 1781 991 1809 ne
1008 1781 1078 1809 me
1090 1767 1145 1809 de
1157 1768 1246 1810 istis
1264 1767 1587 1811 rebusinterro-

199 1854 286 1897 ges.
314 1840 442 1882 Certe
458 1837 564 1881 dicis
586 1836 707 1896 quod
728 1836 802 1879 ille
822 1837 911 1894 ipse
932 1850 1064 1895 quem
1084 1834 1231 1879 videre
1249 1836 1396 1890 ardeo,
1418 1836 1588 1879 noverit

199 1908 379 1967 quando
401 1908 480 1951 sim
503 1921 654 1961 sanus,
671 1904 800 1949 faciat
821 1904 941 1965 quod
953 1905 1095 1963 placet
1113 1904 1316 1963 :quando
1337 1904 1482 1963 placet
1497 1920 1587 1949 sese

199 1976 402 2021 ostendat
427 1977 542 2034 :jam
565 1990 636 2018 me
669 1984 809 2018 totum
841 1976 933 2034 ejus
965 1974 1209 2018 clementiae
1245 1989 1449 2034 curaeque
1475 1989 1588 2018 com—

199 2048 341 2091 mitto.
371 2046 512 2090 Semel
530 2046 585 2089 de
601 2044 675 2089 illo
695 2043 887 2098 credidi,
909 2042 1030 2104 quod
1052 2044 1085 2088 si
1103 2059 1205 2102 erga
1223 2059 1268 2088 se
1290 2044 1467 2088 affectos
1487 2044 1587 2088 sub-

199 2118 341 2161 levare
361 2130 450 2159 non
478 2123 629 2159 cesset.
665 2117 758 2172 Ego
793 2113 904 2157 nihil
932 2113 987 2157 de
1013 2128 1109 2157 mea
1140 2114 1345 2167 sanitate,
1370 2114 1452 2157 nisi
1485 2129 1587 2158 cum

199 2186 317 2230 illam
328 2184 700 2245 pulchritudinem
713 2184 876 2238 videro,
888 2184 1197 2244 pronuntiabo.
1214 2187 1268 2227 R.
1289 2187 1467 2228 Prorsus
1479 2183 1588 2227 nihil

200 2255 320 2300 aliud
346 2254 490 2300 facias.
520 2255 603 2298 Sed
619 2255 710 2313 jam
727 2254 884 2298 cohibe
905 2263 948 2298 te
970 2270 993 2298 a
1016 2253 1233 2311 lacrymis,
1258 2262 1302 2297 et
1317 2254 1478 2310 stringe
1495 2253 1588 2296 ani-

200 2341 337 2370 mum.
376 2325 566 2369 Multum
590 2324 769 2368 omnino
790 2324 963 2379 flevisti,
1004 2335 1047 2368 et
1081 2325 1166 2367 hoc
1193 2324 1373 2367 omnino
1407 2322 1586 2366 morbus

200 2397 278 2440 iste
295 2396 480 2454 pectoris
495 2396 560 2439 tui
582 2394 765 2452 graviter
788 2394 957 2452 accipit.
979 2397 1030 2438 A.
1056 2394 1240 2438 Modum
1261 2394 1323 2437 vis
1340 2393 1501 2436 habere
1519 2393 1585 2437 la-

202 2480 371 2523 crymas
389 2479 520 2518 meas,
539 2479 640 2508 cum
659 2463 839 2507 miseriae
856 2478 963 2506 meae
982 2463 1162 2507 modum
1183 2478 1274 2507 non
1290 2461 1460 2506 videam
1482 2481 1490 2506 :
1513 2470 1585 2505 aut

203 2535 498 2579 valetudinem
518 2534 708 2592 corporis
728 2532 1000 2578 considerare
1018 2548 1090 2577 me
1104 2534 1247 2591 jubes,
1271 2547 1372 2577 cum
1395 2547 1475 2590 ego
1496 2533 1586 2589 ipse
