1871 3162
233 267 318 305 202
441 255 446 260 ’
637 277 670 306 s.
704 277 935 307 Aucusnm
966 279 1149 308 muscom

237 343 519 387 conversione
539 352 715 400 nostra,
739 352 783 388 et
804 344 1077 389 exhortantes
1097 344 1153 388 ad
1177 343 1311 387 fidem
1338 341 1494 401 gradus
1523 343 1614 398 sui,

233 414 334 459 vitae
374 413 537 460 scilicet
568 414 808 475 conjugalis
841 434 852 459 τ,
878 414 1134 460 Nebridium
1166 423 1310 459 autem
1346 414 1619 473 opperientes

235 485 413 544 quando
428 493 698 544 sequeretur,
719 484 839 543 quod
860 484 915 527 de
936 493 1025 528 tam
1040 484 1236 543 proximo
1249 493 1419 543 poterat
1435 519 1446 538 ‚
1467 492 1510 527 et
1527 492 1620 527 erat

229 557 322 615 jam
338 556 516 615 jamque
538 554 732 599 facturus
759 574 768 599 :
790 570 890 599 cum
913 569 1013 599 ecce
1026 554 1189 598 evoluti
1206 561 1307 598 sun't
1328 554 1420 598 dies
1442 553 1506 597 illi
1527 563 1620 598 tan-

234 625 356 681 dem,
384 641 487 670 nam
508 626 629 684 longi
647 635 690 670 et
704 626 833 670 multi
856 625 1116 669 videbantur
1138 640 1228 683 prae
1246 640 1392 668 amore
1407 624 1618 668 libertatis

233 697 381 740 otiosae
398 731 409 751 ,
434 696 490 740 ad
504 696 770 740 cantandum
792 695 846 739 de
865 694 1067 739 medullis
1090 694 1318 738 omnibus:
1348 712 1368 735 «
1398 693 1494 737 Tibi
1511 693 1619 737 dixit

234 783 255 806 »
291 781 549 810 cormeum:
577 766 765 819 Quaesivi
778 765 950 810 vultum
961 774 1087 809 tuum
1104 764 1301 822 ,vultum
1313 763 1620 818 tuum,Domi-

234 854 254 877 »
291 851 346 880 ne
362 871 373 890 ,
400 838 662 896 requiram¹.
702 855 722 877 »
778 890 781 892 q

242 1011 267 1026 Ν
273 1011 343 1026 ΝΛΜ
347 1011 1621 1028 ΜΜΜΜΜΜΜΜΜΜΜΜΜΜΜΜΜΜΜΜΜΜΜΜἋΜ

770 1141 985 1190 CAPUT
1029 1143 1113 1189 [V.

240 1284 375 1330 Libri
394 1283 529 1345 apud
547 1284 876 1329 cassiciacum
890 1284 1069 1342 scripti.
1094 1281 1331 1342 Epistoloe
1354 1286 1422 1326 ad
1441 1281 1497 1329 N
1500 1281 1624 1327 ebri-

295 1355 441 1411 dium,
483 1354 658 1413 quibus
685 1354 906 1400 divinitus
933 1356 1106 1415 gratiis
1135 1353 1376 1415 perfusus,
1403 1362 1449 1397 et
1477 1369 1624 1412 quam

297 1425 454 1472 vivido
467 1427 663 1486 pietatis
685 1441 842 1480 sensu,
861 1424 973 1468 dum
989 1423 1214 1469 Psalmos
1231 1422 1412 1469 evolvit.
1439 1425 1624 1468 Accer-

295 1499 415 1542 rz'mo
439 1495 602 1542 dolore
620 1495 834 1541 dentium
854 1495 1009 1539 subito
1034 1492 1281 1537 liberatur.

294 1655 393 1697 VII.
431 1655 494 1696 ΕΤ
514 1652 635 1696 venit
655 1652 745 1696 dies
768 1652 812 1695 in
835 1668 923 1712 quo
944 1652 1075 1696 etiam
1108 1661 1208 1696 actu
1229 1650 1417 1696 solverer
1459 1667 1483 1696 a
1519 1667 1623 1712 pro-

234 1723 419 1767 fessione
453 1722 693 1776 rhetorica,
731 1722 850 1766 unde
882 1723 972 1782 jam
1003 1722 1197 1780 cogitatu
1217 1722 1384 1766 solutus
1406 1738 1538 1766 eram.
1566 1727 1623 1767 Et

237 1793 400 1837 factum
423 1801 507 1846 est,
544 1801 586 1836 et
615 1792 765 1836 eruisti
796 1791 992 1850 linguam
1022 1807 1180 1847 meam,
1210 1792 1328 1836 unde
1337 1794 1428 1853 jam
1451 1807 1622 1837 erueras

235 1879 309 1908 eor
337 1878 483 1906 meum
500 1898 511 1916 ‚
550 1872 593 1906 et
626 1862 939 1906 benedicebam
971 1862 1051 1906 tibi
1079 1862 1296 1922 gaudens,
1320 1862 1544 1922 profectus
1577 1863 1623 1907 in

234 1934 378 1978 villam
405 1949 506 1978 cum
536 1934 642 1977 meis
677 1934 895 1978 omnibus.
934 1934 1001 1977 Ibi
1030 1934 1137 1993 quid
1166 1934 1326 1992 egerim
1362 1935 1408 1977 in
1441 1933 1618 1988 litteris,

229 2007 320 2065 jam
339 2005 515 2064 quidem
534 2004 817 2048 servientibus
837 2004 933 2058 tibi,
949 2003 1023 2047 sed
1039 2004 1182 2048 adhuc
1196 2004 1411 2063 superbiae
1430 2004 1622 2048 scholam

235 2085 443 2135 tanquam
462 2075 507 2118 in
531 2076 782 2133 pausatione
804 2073 1151 2127 anhelantibus2‚
1177 2083 1390 2117 testantur
1410 2073 1509 2116 libri
1534 2073 1624 2118 dis-

237 2146 377 2205 putati
391 2160 492 2189 eum
515 2144 816 2203 praesentibus,
840 2153 883 2187 et
904 2159 1005 2187 cum
1028 2143 1122 2201 ipso
1141 2158 1209 2187 me
1240 2143 1331 2187 solo
1360 2159 1506 2187 coram
1540 2152 1583 2187 te
1612 2163 1621 2188 :

235 2231 335 2275 quae
349 2224 494 2259 autem
510 2230 610 2259 cum
627 2214 804 2258 absente
820 2213 1043 2266 Nebridio,
1069 2221 1281 2256 testantur
1308 2212 1528 2271 Epistolae.
1568 2216 1625 2257 Et

238 2285 415 2346 quando
430 2286 534 2329 mihi
551 2284 735 2328 sufficiat
746 2293 915 2342 tempus
928 2281 1296 2327 commemorandi
1310 2283 1454 2327 omnia
1469 2297 1625 2340 magna

240 2372 340 2415 erga
358 2372 436 2400 nos
454 2355 664 2400 beneficia
685 2364 760 2398 tua
775 2355 820 2398 in
842 2353 916 2397 illo
938 2362 1133 2411 tempore
1149 2387 1159 2407 ,
1195 2353 1435 2411 praesertim
1465 2352 1519 2397 ad
1543 2352 1624 2398 alia

283 2463 295 2483 ἲ
310 2462 391 2494 Psal.
410 2473 500 2500 xxm,
520 2462 551 2492 ὃ.
566 2478 607 2484 —
627 2468 640 2483 2
661 2461 707 2493 Ad
720 2460 799 2492 illud
819 2460 1005 2501 Augustinus
1022 2458 1133 2490 alludit
1149 2484 1155 2499 ,
1175 2459 1260 2500 quod
1278 2459 1397 2491 accidit
1416 2459 1621 2501 fugientibus,

239 2519 293 2561 qui
321 2529 393 2550 cum
412 2518 545 2559 primum
564 2521 715 2559 pausant,
734 2516 914 2558 aliquandiu
927 2515 1087 2548 anhelant.
1111 2515 1196 2547 Libri
1214 2526 1309 2558 porro
1326 2527 1406 2558 quos
1423 2516 1475 2548 hic
1492 2516 1570 2548 dicit
1589 2517 1620 2548 in

241 2574 314 2606 villa
329 2574 461 2616 scriptos
476 2599 483 2614 ,
502 2573 521 2604 ii
540 2577 613 2604 sunt
626 2573 678 2615 qui
694 2576 898 2604 recensentur
910 2571 942 2603 in
960 2571 1016 2603 lib.
1032 2582 1040 2603 1
1056 2573 1199 2603 Retract.
1222 2581 1293 2612 cap,
1315 2571 1379 2611 1—4.
