1871 3162
278 199 362 238 452
717 211 749 239 s.
787 213 1015 240 AUGUSTINI
1048 214 1226 240 EPIseom

275 276 604 333 interrogemus.
632 279 737 322 Nam
761 287 876 321 certe
906 276 1026 338 quod
1043 278 1158 323 oculi
1180 279 1356 331 vident,
1381 293 1470 322 non
1499 278 1657 322 dicitur

278 345 434 390 falsum
452 380 463 400 ,
490 347 569 390 nisi
590 347 750 392 habeat
772 348 959 407 aliquam
976 347 1306 392 similitudinem
1326 349 1433 391 veri.
1460 350 1518 392 Ut
1537 349 1657 391 verbi

278 431 426 471 causa,
451 417 585 461 homo
608 433 739 477 quem
771 417 968 461 videmus
1002 418 1046 461 in
1081 418 1262 473 somnis,
1295 433 1384 462 non
1413 427 1476 461 est
1507 418 1660 477 utique

279 502 406 531 verus
429 487 583 542 homo,
608 487 683 531 sed
700 487 831 531 falsus
849 522 858 540 ‚
882 502 933 531 eo
954 488 1047 546 ipso
1071 489 1193 547 quod
1214 489 1344 532 habet
1367 487 1662 532 verisimilitu-

278 557 441 601 dinem.
468 558 573 610 Quis
595 558 711 601 enim
734 573 904 601 carnem
929 557 1072 601 videat
1091 593 1101 612 ,
1127 567 1170 601 et
1188 567 1302 601 recte
1323 574 1366 602 se
1385 558 1500 602 dicat
1516 558 1662 602 homi-

280 643 381 671 nem
405 630 666 672 somniasse?
689 631 803 686 Ergo
821 639 863 673 et
886 628 959 672 ille
979 627 1111 672 falsus
1128 629 1243 672 canis
1265 638 1348 683 est,
1393 645 1443 672 ex
1470 644 1521 673 eo
1543 629 1663 689 quod

280 699 426 743 similis
451 713 555 743 vero
572 707 650 743 est.
674 703 726 743 A.
751 702 817 743 Ita
840 708 903 743 est
919 708 970 743 ut
986 698 1106 743 dicis.
1125 702 1180 742 R.
1198 698 1326 754 Quid,
1347 698 1530 757 vigilans
1545 700 1664 759 quis-

280 785 364 829 que
387 770 421 813 si
439 770 529 813 viso
549 784 662 828 equo
679 778 804 828 putet
827 785 871 813 se
893 770 1114 814 hominem
1132 769 1279 813 videre
1298 806 1309 827 ,
1333 785 1481 814 nonne
1503 785 1554 814 eo
1578 769 1664 814 fal-

281 840 385 882 litur
402 838 522 898 quod
543 839 580 882 ei
605 847 808 897 appareat
829 838 974 898 aliqua
992 839 1179 883 hominis
1209 839 1478 883 similitudo?
1498 842 1608 885 Nam
1630 839 1665 883 si

280 909 391 953 nihil
414 911 452 953 ei
487 918 691 968 appareat
709 944 719 964 ,
745 910 825 953 nisi
851 910 951 969 equi
979 910 1163 968 species,
1188 925 1277 954 non
1300 920 1442 969 potest
1468 911 1666 956 arbitrari

280 996 369 1025 sese
399 981 623 1024 hominem
645 981 806 1024 videre.
828 985 879 1023 A.
909 984 1086 1024 Prorsus
1113 980 1235 1024 cedo.
1262 984 1315 1024 R.
1340 981 1532 1024 Dicimus
1561 981 1667 1024 item

281 1051 432 1094 falsam
451 1052 648 1095 arborem
666 1066 797 1110 quam
821 1051 980 1109 pictam
1002 1050 1201 1094 videmus
1219 1086 1229 1104 ,
1265 1060 1308 1095 et
1331 1050 1484 1094 falsam
1512 1050 1667 1095 faciem

282 1137 380 1180 quae
401 1120 455 1164 de
490 1120 667 1180 speculo
690 1120 908 1175 redditur,
934 1130 976 1164 et
998 1120 1154 1165 salsum
1186 1121 1373 1164 turrium
1396 1130 1563 1165 motum
1586 1137 1667 1165 na-

282 1192 550 1250 vigantibus,
577 1190 816 1251 falsamque
837 1191 1139 1236 infractionem
1165 1193 1294 1245 remi,
1316 1193 1373 1235 ob
1387 1191 1507 1236 aliud
1525 1192 1632 1236 nihil
1653 1227 1664 1246 ‚

283 1262 362 1306 nisi
380 1262 500 1321 quod
518 1261 765 1306 verisimilia
787 1271 904 1307 sunt.
930 1266 982 1306 A.
1009 1265 1181 1306 Fateor.
1204 1265 1258 1305 R.
1278 1265 1342 1305 Ita
1360 1271 1402 1305 et
1422 1262 1468 1305 in
1487 1262 1669 1320 geminis

282 1332 504 1387 fallimur,
530 1333 589 1376 ita
617 1334 663 1376 in
688 1333 772 1377 oris
790 1368 800 1386 ,
826 1334 886 1376 ita
910 1334 954 1376 in
985 1332 1163 1391 singulis
1197 1332 1345 1391 sigillis
1379 1348 1469 1377 uno
1506 1332 1669 1378 annulo

282 1403 525 1463 impressis,
551 1413 594 1447 et
614 1405 659 1447 in
682 1404 847 1447 caeteris
869 1403 1044 1448 talibus.
1071 1408 1123 1448 A.
1153 1406 1317 1463 Sequor
1331 1404 1510 1447 omnino
1538 1412 1670 1463 atque

283 1475 493 1519 concedo.
511 1476 564 1517 R.
590 1473 841 1518 Similitudo
860 1474 994 1531 igitur
1012 1489 1157 1517 rerum
1174 1489 1272 1533 quae
1295 1473 1349 1516 ad
1369 1473 1517 1518 oculos
1533 1475 1669 1532 perti—

281 1548 371 1593 net,
393 1548 530 1582 mater
545 1548 609 1582 est
624 1538 836 1581 falsitatis.
859 1543 910 1581 A.
938 1540 1103 1595 Negare
1125 1553 1214 1581 non
1235 1553 1428 1596 possum.

340 1612 420 1653 XI.
442 1613 494 1652 R.
525 1610 609 1653 Sed
631 1610 723 1653 haec
745 1609 884 1652 omnis
901 1608 1042 1665 sylva,
1065 1608 1145 1651 nisi
1169 1623 1238 1651 me
1254 1607 1390 1662 fallit,
1415 1608 1460 1651 in
1482 1606 1572 1652 duo
1595 1623 1670 1666 ge-

285 1696 388 1723 nera
403 1680 536 1723 dividi
551 1689 706 1737 potest.
726 1682 832 1723 Nam
854 1679 1009 1737 partim
1024 1678 1268 1737 aequalibus
1283 1678 1328 1721 in
1351 1678 1497 1733 rebus,
1513 1679 1671 1737 partim

284 1766 387 1793 vero
408 1751 452 1792 in
475 1749 763 1792 deterioribus
786 1758 864 1791 est.
899 1748 1100 1807 AEqualia
1125 1758 1252 1803 sunt,
1279 1749 1457 1808 quando
1479 1758 1568 1792 tam
1588 1750 1671 1793 hoc

281 1819 343 1863 illi
367 1834 498 1878 quam
525 1819 635 1862 illud
666 1819 768 1862 huic
799 1817 936 1861 simile
965 1834 1054 1862 esse
1083 1819 1267 1863 dicimus
1285 1854 1296 1873 ,
1335 1829 1384 1863 ut
1407 1819 1463 1863 de
1493 1820 1672 1877 geminis

281 1890 449 1934 d’ictum
472 1898 553 1935 est,
586 1890 655 1933 vel
678 1890 732 1933 de
751 1889 1107 1947 impressionibus
1128 1888 1295 1932 annuli.
1316 1892 1367 1932 In
1382 1888 1670 1933 deterioribus

280 1969 449 2014 autern,
475 1961 655 2020 quando
682 1959 791 2003 illud
814 1959 934 2019 quod
963 1958 1153 2003 deterius
1175 1968 1263 2014 est,
1294 1959 1433 2003 simile
1455 1975 1545 2004 esse
1566 1959 1671 2004 dici-

279 2046 375 2074 mus
391 2030 574 2073 meliori.
602 2030 706 2082 Quis
729 2030 843 2073 enim
867 2031 911 2073 in
930 2029 1155 2088 speculum
1178 2030 1375 2073 attendat
1396 2039 1438 2072 et
1460 2039 1577 2074 recte
1602 2029 1669 2074 di—

279 2110 348 2144 cat
370 2116 413 2144 se
435 2115 523 2144 esse
544 2100 607 2144 illi
629 2101 806 2158 imagini
829 2099 1011 2143 similem
1029 2134 1040 2153 ,
1067 2114 1116 2143 ac
1138 2114 1225 2142 non
1248 2099 1391 2157 potius
1412 2097 1533 2143 illam
1554 2099 1670 2143 sibi?

280 2174 373 2216 Hoc
401 2181 548 2214 autem
575 2186 709 2229 genus
730 2172 886 2228 partim
903 2180 967 2214 est
990 2170 1034 2213 in
1065 2185 1116 2214 eo
1149 2168 1268 2229 quod
1300 2170 1444 2213 anima
1477 2171 1664 2228 patitur,

278 2242 434 2300 partim
457 2257 560 2285 vero
582 2242 626 2284 in
659 2242 707 2286 iis
740 2243 870 2285 rebus
892 2257 990 2301 quae
1015 2240 1234 2284 videntur.
1265 2240 1348 2284 Sed
1370 2240 1511 2298 ipsum
1545 2241 1668 2300 quod

278 2314 418 2355 anima
442 2313 604 2370 patitur
620 2347 630 2365 ,
654 2322 728 2355 aut
745 2313 790 2355 in
806 2327 932 2355 sensu
953 2312 1141 2370 patitur,
1162 2320 1209 2354 ut
1226 2312 1355 2354 turris
1376 2345 1386 2363 ,
1404 2320 1572 2355 motum
1590 2311 1667 2370 qui

276 2382 422 2427 nullus
444 2392 507 2427 est
535 2403 542 2427 :
573 2392 647 2426 aut
680 2383 796 2441 apud
811 2399 854 2426 se
876 2384 1012 2442 ipsam
1043 2398 1093 2425 ex
1115 2397 1166 2426 eo
1187 2381 1307 2442 quod
1330 2382 1495 2440 accepit
1517 2397 1541 2425 a
1564 2397 1666 2425 sen-

275 2451 419 2507 clbus,
445 2453 589 2512 qualia
606 2463 708 2498 sunt
719 2455 805 2499 visa
823 2454 1132 2498 somniantium
1146 2488 1156 2507 ,
1182 2461 1223 2495 et
1242 2451 1430 2496 fortassis
1449 2452 1577 2495 etiam
1600 2450 1664 2495 fu-

276 2524 479 2568 rentium.
506 2528 638 2568 Porro
655 2525 727 2570 illa
745 2541 844 2584 quae
862 2526 903 2569 in
924 2525 1024 2583 ipsis
1044 2524 1171 2567 rebus
1189 2539 1295 2583 quas
1310 2523 1508 2567 videmus
1531 2538 1664 2582 appa-
