1871 3162
502 308 824 336 CONFESSIONUM
837 325 848 345 ‚
884 308 967 334 Lm.
1003 309 1046 334 v.
1418 297 1473 334 99

97 503 417 520 mmmmm
695 500 1470 519 wvwmmwvvumwwwvvwwwwwwmmmmu

612 646 827 697 CAPUT
862 649 975 696 VII.

322 815 582 862 Alienatur
602 833 636 861 α
660 827 795 862 secta
806 815 1208 862 [Wanz'clzoeorum.

147 987 248 1030 XII.
266 989 368 1032 ΝΛΜ
381 996 664 1047 posteaquam
678 987 751 1031 ille
763 987 870 1031 mihi
889 987 1114 1046 imperitus
1125 1001 1275 1030 earum
1291 986 1467 1040 artium,

87 1056 246 1116 quibus
257 1073 357 1101 eum
375 1058 584 1102 excellere
600 1067 871 1118 putaveram,
890 1058 990 1102 satis
1008 1057 1225 1117 apparuit,
1246 1055 1474 1115 desperare

88 1127 202 1184 coepi
220 1141 343 1184 posse
360 1142 459 1171 eum
478 1128 585 1172 mihi
601 1128 672 1169 illa
691 1144 791 1184 quae
812 1143 881 1171 me
896 1128 1130 1171 movebant
1153 1126 1320 1184 aperire
1342 1135 1474 1185 atque

88 1195 319 1240 dissolvere
337 1231 348 1250 ‚
373 1211 562 1255 quorum
585 1196 764 1254 quidem
785 1196 960 1252 ignarus
982 1204 1126 1254 posset
1156 1195 1382 1239 veritatem
1406 1204 1474 1238 te-

87 1280 189 1309 nere
211 1267 402 1325 pietatis,
427 1265 499 1310 sed
533 1266 565 1309 si
587 1266 853 1309 Manichacus
882 1281 973 1310 non
1004 1274 1128 1309 esset.
1161 1265 1279 1309 Libri
1312 1266 1475 1325 quippe

88 1351 239 1380 eorum
261 1336 380 1396 pleni
402 1345 504 1381 sunt
523 1335 778 1394 longissimis
797 1334 978 1391 fabulis,
999 1335 1054 1380 de
1073 1335 1186 1381 coelo
1203 1345 1246 1380 et
1263 1335 1474 1381 sideribus

88 1416 131 1451 et
152 1407 242 1451 sole
262 1417 304 1452 et
320 1407 426 1451 luna
451 1427 460 1452 2
485 1423 584 1467 quae
615 1407 723 1451 mihi
744 1422 870 1462 eum,
896 1408 1018 1467 quod
1042 1407 1195 1467 utique
1220 1407 1471 1466 cupiebam,

87 1476 253 1522 collatis
274 1492 558 1522 numerorum
585 1477 825 1521 rationibus
841 1512 852 1532 ‚
876 1493 984 1537 quas
1011 1477 1116 1522 alibi
1143 1492 1225 1536 ego
1251 1477 1441 1536 legeram
1462 1512 1473 1532 ,

87 1556 236 1591 utrum
250 1548 393 1607 potius
414 1548 475 1593 ita
492 1556 633 1592 essent
649 1557 700 1591 ut
719 1547 950 1592 Manichaei
971 1545 1091 1591 libris
1114 1547 1470 1603 continebantur,

88 1634 143 1662 an
159 1627 276 1662 certe
292 1618 360 1663 vel
377 1635 454 1678 par
471 1620 599 1663 etiam
614 1618 716 1662 inde
730 1619 839 1663 ratio
857 1617 1112 1662 redderetur
1126 1653 1138 1674 ‚
1161 1617 1381 1662 subtiliter
1401 1635 1476 1662 ex·

86 1689 245 1748 plicare
265 1704 388 1748 posse
398 1690 489 1749 jam
512 1704 602 1734 non
629 1689 887 1733 arbitrabar.
913 1691 1023 1742 Quae
1046 1698 1190 1734 tamen
1218 1690 1296 1733 ubi
1325 1691 1468 1735 consi-

85 1759 276 1804 deranda
295 1769 338 1804 et
354 1760 625 1805 discutienda
646 1760 831 1820 protuli,
857 1762 1055 1806 modeste
1076 1777 1178 1806 sane
1200 1761 1272 1805 ille
1291 1776 1370 1805 nec
1388 1777 1469 1805 au-

87 1847 157 1875 sus
180 1841 241 1876 est
262 1833 407 1876 subire
432 1833 568 1892 ipsam
590 1833 819 1878 sarcinam.
851 1836 1040 1879 Noverat
1061 1835 1176 1878 enim
1198 1849 1243 1878 se
1271 1835 1350 1879 ista
1382 1851 1472 1880 non

86 1918 206 1947 nosse
223 1937 234 1957 ‚
271 1918 351 1947 nec
385 1918 485 1947 eum
522 1903 680 1962 puduit
718 1905 930 1949 confiteri.
967 1907 1064 1950 Non
1096 1914 1188 1948 erat
1225 1904 1280 1949 de
1311 1905 1469 1950 talibus

86 1972 234 2033 quales
270 1973 430 2017 multos
470 1973 674 2032 loquaces
716 1966 862 2031 passus
897 1989 1034 2027 eram,
1075 1983 1281 2019 conantes
1320 1990 1369 2019 ea
1402 1992 1471 2020 me

87 2043 243 2086 docere
257 2077 267 2097 ‚
294 2051 336 2086 et
354 2042 545 2087 dicentes
567 2042 691 2087 nihil.
714 2045 799 2086 Iste
814 2057 918 2087 vero
934 2058 1008 2086 cor
1029 2044 1238 2098 habebat,
1258 2053 1301 2088 et
1322 2045 1355 2088 si
1378 2061 1467 2089 non

86 2122 253 2157 rectum
274 2112 329 2157 ad
350 2122 408 2167 te,
429 2128 509 2157 nec
522 2122 666 2156 tamen
680 2112 806 2155 nimis
824 2112 1047 2156 incautum
1063 2112 1118 2156 ad
1134 2128 1178 2156 se
1194 2113 1350 2172 ipsum.
1372 2117 1470 2160 Non

86 2199 401 2244 usquequaque
421 2183 646 2242 imperitus
673 2191 764 2227 erat
788 2183 1015 2242 imperitiae
1047 2198 1157 2237 suae,
1190 2191 1233 2226 et
1254 2183 1396 2228 noluit
1425 2201 1469 2230 se

86 2263 248 2298 temere
280 2252 542 2312 disputando
573 2254 617 2296 in
640 2268 687 2296 ea
724 2253 959 2306 coarctari,
996 2252 1114 2297 unde
1149 2268 1230 2297 nec
1262 2255 1399 2299 exitus
1431 2256 1471 2300 ei

86 2323 223 2377 ullus,l
249 2336 329 2366 nec
351 2321 487 2366 facilis
518 2331 627 2366 esset
653 2322 814 2366 reditus
840 2342 849 2367 ;
870 2323 998 2366 etiam
1025 2322 1128 2366 hinc
1148 2322 1254 2366 mihi
1283 2324 1466 2383 amplius

87 2392 265 2452 placuit.
299 2391 526 2436 Pulchrior
549 2401 612 2435 est
634 2391 750 2435 enim
778 2391 1062 2450 temperantia
1090 2392 1338 2436 confitentis
1371 2394 1466 2437 ani-

86 2462 168 2516 mi,
192 2476 325 2521 quam
347 2459 420 2505 illa
442 2476 540 2521 quae
562 2476 686 2505 nosse
713 2461 941 2519 cupiebam
969 2480 979 2506 ;
1003 2469 1046 2505 et
1066 2476 1166 2504 eum
1188 2461 1234 2504 in
1264 2463 1466 2508 omnibus

86 2531 400 2576 difficilioribus
432 2539 476 2574 et
508 2529 806 2575 subtilioribus
839 2530 1152 2591 quaestionibus
1187 2527 1319 2575 talem
1339 2535 1464 2579 inve-

88 2600 277 2645 niebam.

1208 2674 1232 2709 7
1240 2702 1247 2708 .
