1871 3162
595 263 940 301 conrssssromunt,
977 265 1057 290 Lm.
1093 266 1122 289 1.
1487 253 1539 291 25

167 424 1434 445 mmmmmwmmmmwummmmsmmwsmmmummmmmmmwu
1438 424 1534 441 ΜΜἏ

624 559 840 609 CAPUT
875 561 1053 607 XVIH.

169 714 316 776 Quod
351 714 564 760 homines
594 722 770 759 emunt
801 728 995 761 servare
1038 712 1166 776 leges
1194 715 1540 776 grammatico*

348 802 454 830 rum
466 822 481 841 ,
503 795 549 830 et
571 800 668 830 non
686 783 953 831 divinorum
967 793 1331 844 proeceptorum.

216 947 421 989 XXVIII.
450 948 566 998 Qum
591 954 737 989 autem
769 946 927 989 mirum
949 944 1070 1004 quod
1091 945 1136 988 in
1163 939 1374 989 vanitates
1395 943 1454 987 ita
1473 942 1539 986 fe-

157 1015 308 1069 rebar,
334 1025 375 1058 et
399 1032 421 1058 a
438 1025 503 1069 te,
526 1019 639 1059 Deus
660 1031 798 1066 meus,
819 1016 935 1059 ibam
959 1014 1089 1069 foras,
1113 1014 1290 1074 quando
1314 1014 1419 1056 mihi
1441 1013 1539 1055 imi-

159 1084 280 1129 tandi
301 1086 659 1144 proponebantur
681 1086 902 1139 homines,
934 1086 1010 1144 qui
1033 1084 1175 1144 aliqua
1202 1084 1313 1128 facta
1344 1099 1419 1127 sua
1449 1098 1537 1127 non

158 1155 269 1198 mala
286 1191 296 1209 ,
327 1156 362 1198 si
383 1171 483 1199 cum
502 1156 769 1199 barbarismo
788 1164 863 1198 aut
885 1154 1130 1199 soloecismo
1147 1154 1450 1208 enuntiarent,
1471 1169 1538 1197 re-

157 1226 358 1284 prehensi
376 1225 788 1282 confundebantur,
812 1226 846 1269 si
866 1235 1011 1269 autem
1028 1224 1232 1269 libidines
1250 1240 1346 1269 suas
1361 1224 1538 1282 integris

155 1305 198 1339 et
219 1297 298 1340 rite
332 1297 703 1356 consequentibus
725 1296 869 1341 verbis
908 1296 1079 1355 copiose
1111 1303 1351 1355 ornateque
1389 1310 1539 1339 narra-

156 1376 274 1421 rent,
298 1366 461 1411 laudati
485 1366 814 1425 gloriabantur?
836 1366 966 1410 Vides
982 1367 1092 1421 haec,
1118 1366 1316 1420 Domine,
1338 1374 1381 1409 et
1404 1374 1534 1417 taces,

154 1436 438 1495 longanimis,
471 1446 515 1480 et
543 1436 732 1480 multum
765 1437 1023 1491 misericors,
1062 1445 1106 1480 et
1136 1451 1277 1480 verax.
1313 1434 1537 1495 Numquid

155 1521 323 1576 sempe}
351 1506 535 1550 tacebis.
527 1508 545 1541 ἶ)
566 1509 622 1550 Et
644 1521 762 1550 nunc
780 1506 893 1549 eruis
915 1505 970 1549 de
992 1505 1109 1550 hoc
1100 1505 1406 1550 ¹mmanissirno
1436 1520 1537 1564 pro-

154 1561 295 1621 fundo
313 1586 581 1636 quaerentem
603 1586 646 1621 te
675 1577 894 1631 animam,
930 1585 974 1620 et
994 1576 1209 1620 sitientem
1230 1575 1536 1619 delectationes

155 1657 270 1701 tuas,
303 1656 346 1690 et
375 1648 496 1706 cujus
533 1662 608 1691 cor
642 1647 746 1690 dicit
775 1646 883 1690 tibi:
920 1646 1146 1699 «Quaesivi
1170 1646 1342 1690 vultum
1376 1654 1531 1700 tuum⁷

157 1735 177 1759 »
213 1716 385 1762 vultum
420 1726 574 1771 tuum,
614 1716 821 1771 Domine,
861 1716 1079 1776 requiram
1101 1719 1131 1759 1.
1165 1735 1184 1757 »
1222 1718 1330 1761 Nam
1362 1716 1490 1774 longe
1512 1732 1534 1760 a

154 1788 279 1833 vultu
307 1797 406 1843 tuo,
431 1788 477 1831 in
501 1788 662 1832 affectu
690 1787 936 1832 tenebroso.
968 1790 1065 1832 Non
1094 1787 1209 1830 enim
1241 1786 1425 1846 pedibus
1462 1795 1535 1830 aut

155 1858 300 1918 spatiis
332 1857 529 1902 locorum
559 1858 646 1901 itur
680 1858 755 1901 abs
778 1865 820 1900 te
836 1892 847 1912 ‚
875 1866 949 1901 aut
971 1857 1137 1901 reditur
1160 1856 1217 1901 ad
1240 1866 1296 1901 te.
1323 1860 1411 1900 Aut
1433 1871 1534 1901 vero

155 1929 269 1973 filius
291 1928 364 1972 ille
386 1938 486 1972 tuus
509 1929 649 1971 minor
671 1944 827 1987 equoS,
853 1937 926 1972 aut
951 1944 1101 1972 currus
1117 1964 1128 1982 ,
1165 1927 1235 1971 vel
1258 1943 1387 1972 naves
1410 1944 1534 1987 quae-

155 2000 277 2054 sivit,
305 2008 379 2042 aut
402 1998 588 2042 avolavit
624 2013 767 2057 penna
796 1997 982 2050 visibili,
1018 2006 1093 2041 aut
1115 2007 1235 2041 moto
1266 1998 1432 2056 poplite
1453 1999 1533 2042 iter

153 2071 259 2129 egit,
291 2080 341 2114 ut
371 2071 416 2113 in
440 2069 679 2129 longinqua
712 2069 887 2127 regione
914 2069 1063 2113 vivens
1097 2067 1278 2127 prodige
1310 2067 1533 2127 dissiparet

153 2141 272 2201 quod
295 2140 473 2185 dederas
497 2139 812 2198 proficiscenti?
839 2139 979 2183 Dulcis
1000 2148 1122 2198 pater
1143 2139 1245 2199 quia
1262 2138 1464 2195 dederas,
1490 2149 1533 2183 ct

152 2227 289 2271 egeno
316 2211 515 2255 redeunti
548 2209 716 2255 dulcior
730 2214 760 2253 2.
795 2214 847 2254 In
875 2211 1036 2255 affectu
1069 2226 1171 2270 ergo
1198 2209 1453 2265 libidinoso,
1485 2211 1531 2254 id

152 2284 266 2326 enim
288 2292 351 2326 est
372 2281 603 2326 tenebroso
620 2317 630 2336 ,
652 2290 783 2341 atque
804 2280 850 2324 id
872 2290 935 2325 est
954 2281 1082 2339 longe
1105 2298 1128 2325 a
1149 2281 1277 2326 vultu
1295 2290 1388 2325 tuo.

209 2355 373 2396 XXIX.
400 2351 531 2405 Vide,
560 2351 743 2395 Domine
765 2354 895 2406 Deus,
921 2360 964 2395 et
982 2351 1195 2410 patienter
1210 2360 1261 2394 ut
1274 2350 1393 2394 vides
1413 2349 1526 2405 vide,

151 2421 374 2482 quomodo
395 2421 626 2480 diligenter
648 2420 881 2465 observent
902 2420 979 2464 filii
1004 2422 1233 2465 hominum
1263 2429 1388 2479 pacta
1409 2419 1529 2464 litte-

152 2508 319 2547 rarum,
340 2501 383 2535 et
404 2491 672 2549 syllabarum
690 2500 864 2550 accepta
887 2508 909 2535 a
929 2492 1148 2550 prioribus
1169 2491 1439 2536 locutoribus
1456 2526 1467 2546 ,
1488 2500 1529 2534 et

200 2595 207 2611 ¹
231 2587 312 2623 Psal
332 2597 424 2628 xxvr,
441 2586 477 2619 8.
494 2603 535 2609 -
558 2593 570 2609 2
588 2588 665 2618 Luc.
688 2597 743 2627 xv,
763 2586 880 2623 1¹1-32.
