1871 3162
328 171 411 213 154
761 188 794 214 s.
830 182 1060 214 Auousnm
1091 186 1272 216 13121300121

323 249 497 293 nissimo
517 250 657 309 typho
688 249 913 308 turgidum
931 285 942 305 ‚
979 249 1191 310 quosdam
1224 249 1548 303 Platonicorum
1569 249 1702 294 libros

323 334 374 363 ex
396 334 533 377 graeea
554 319 704 379 lingua
725 320 771 363 in
789 320 968 363 latinam
997 334 1141 363 versos
1172 338 1182 363 ς
1203 328 1246 363 et
1274 319 1334 363 ibi
1356 319 1468 378 legi,
1493 335 1583 364 non
1604 319 1704 379 qui-

322 389 422 434 dem
438 390 503 433 his
525 390 666 434 verbis
683 425 693 443 ‚
719 389 794 433 sed
816 390 899 433 hoc
922 388 1039 432 idem
1060 389 1240 434 omnino
1259 388 1407 433 multis
1427 398 1470 433 et
1489 388 1704 448 multipli-

321 461 443 504 cibus
471 460 642 504 suaderi
670 460 943 517 rationibus3
975 459 1094 518 quod
1122 479 1141 501 «
1165 463 1215 503 In
1238 460 1451 519 principio
1475 469 1567 504 erat
1591 462 1703 504 Ver-

323 550 344 573 »
380 532 486 575 bum
504 566 514 586 ,
544 539 588 574 et
614 531 805 574 Verbum
842 540 933 574 erat
955 529 1073 589 apud
1098 533 1259 585 Deum,
1277 540 1320 574 et
1339 534 1452 574 Deus
1480 540 1572 574 erat
1593 532 1703 573 Ver-

323 619 343 643 »
379 602 484 644 bum
512 619 520 644 :
548 600 632 644 hoc
667 609 758 644 erat
789 600 835 644 in
870 601 1086 659 principio
1122 599 1239 659 apud
1261 603 1429 658 Deum3
1460 600 1605 644 omnia
1627 615 1705 659 per

323 690 343 713 »
378 673 519 730 ipsum
540 670 654 716 facta
677 680 800 726 sunt,
826 681 870 715 et
896 672 986 716 sine
1014 671 1106 732 ipso
1129 670 1295 715 factum
1318 680 1382 714 est
1414 670 1526 720 nihil
1550 690 1561 716 2
1584 670 1705 730 quod

323 763 343 785 »
378 743 545 787 factum
576 751 640 786 est
660 743 706 786 in
727 758 779 787 eo
795 778 806 798 ,
831 744 917 787 vita
936 751 1028 802 est3
1052 751 1095 786 et
1119 742 1206 786 vita
1234 752 1326 786 erat
1351 742 1427 785 lux
1447 741 1700 796 hominum,

321 831 341 853 »
377 822 420 856 et
439 811 514 856 lux
542 813 589 856 in
609 812 801 856 tenebris
827 812 946 856 lucet
961 847 972 867 ,
999 821 1043 856 et
1060 812 1254 855 tenebrae
1272 827 1365 855 eam
1390 826 1480 855 non
1502 825 1704 870 compre-

320 900 341 923 »
376 882 643 925 henderunt.
671 899 691 922 »
718 885 775 925 Et
794 882 895 940 quia
917 882 1105 925 hominis
1127 882 1269 924 anima
1292 881 1487 940 quamvis
1508 880 1705 925 testimo-
1759 928 1763 929 ⁷

317 953 439 996 nium
465 952 692 1011 perhibeat
728 952 783 996 de
804 951 996 1007 lumine,
1027 967 1117 996 non
1149 960 1213 995 est
1234 960 1381 995 tamen
1409 951 1500 1010 ipsa
1520 951 1703 1009 lumen3

317 1022 393 1067 sed
413 1023 608 1067 Verbum
626 1023 726 1077 Dei,
755 1042 775 1065 «
800 1026 914 1067 Deus
941 1031 1004 1067 est
1021 1021 1174 1066 lumen
1195 1036 1370 1076 verum,
1395 1022 1517 1081 quod
1536 1021 1703 1065 illumi-

319 1112 340 1135 »
375 1103 452 1138 nat
473 1108 648 1138 omnem
664 1094 886 1137 hominem
908 1093 1154 1137 venientem
1177 1093 1221 1136 in
1242 1092 1362 1136 hunc
1389 1092 1622 1136 mundum.
1649 1095 1706 1136 Et

320 1184 339 1206 »
375 1165 474 1223 quia
499 1165 544 1207 in
566 1165 649 1208 hoc
676 1163 844 1207 mundo
876 1173 988 1217 erat,
1015 1172 1057 1207 et
1080 1163 1273 1206 mundus
1276 1178 1378 1235 per
1398 1164 1541 1222 ipsum
1565 1162 1704 1207 factus

319 1253 340 1275 »
375 1244 465 1288 est,
505 1243 548 1278 et
582 1233 774 1278 mundus
797 1248 899 1277 eum
931 1249 1021 1277 non
1047 1233 1267 1291 cognovit.
1273 1218 1407 1309 {iouia
1429 1248 1532 1277 vero
1554 1234 1598 1277 in
1627 1249 1704 1277 sua

318 1322 338 1345 »
376 1304 550 1363 propria
578 1304 725 1357 venit,
759 1312 803 1347 et
836 1303 901 1346 sui
924 1317 1023 1346 eum
1059 1318 1149 1346 non
1172 1312 1460 1361 ieceperunt:
1484 1311 1704 1362 quotquot

321 1393 340 1414 >›
376 1383 524 1417 autem
545 1382 803 1432 receperunt
826 1388 949 1427 eum,
976 1372 1097 1416 dedit
1129 1372 1188 1416 eis
1211 1381 1467 1432 potestatem
1492 1372 1603 1416 filios
1628 1372 1703 1416 Dei

319 1463 339 1485 »
375 1445 490 1497 fieri,
509 1443 790 1488 credentibus
812 1444 858 1487 in
878 1444 1053 1487 nomine
1076 1444 1166 1503 ejus
1193 1462 1202 1487 :
1231 1462 1250 1484 »
1271 1459 1360 1487 non
1382 1443 1441 1486 ibi
1459 1442 1558 1501 legi.

373 1516 493 1557 XIV.
522 1517 632 1557 Item
649 1513 710 1556 ibi
732 1513 843 1571 legi,
868 1514 971 1572 quia
993 1516 1107 1556 Deus
1127 1514 1344 1568 Verbum,
1369 1528 1460 1557 non
1480 1529 1531 1557 ex
1549 1528 1695 1568 carne,

317 1601 404 1629 non
423 1600 473 1628 ex
490 1585 721 1642 sanguine,
742 1599 831 1627 non
852 1598 903 1626 ex
922 1583 1147 1627 voluntate
1168 1584 1248 1627 viri
1266 1618 1276 1638 ‚
1299 1599 1443 1643 neque
1467 1599 1519 1627 ex
1540 1583 1701 1629 volun-

317 1665 405 1700 tate
426 1655 580 1706 carnis,
601 1655 675 1698 sed
698 1669 748 1697 ex
772 1657 862 1698 Deo
879 1663 1006 1698 natus
1028 1663 1105 1698 est.
1125 1673 1144 1695 «
1164 1656 1247 1698 Sed
1263 1654 1365 1713 quia
1383 1655 1578 1698 Verbum
1599 1669 1700 1698 caro

321 1745 341 1768 »
376 1726 540 1770 factum
563 1734 625 1769 est
641 1760 651 1779 ,
679 1734 721 1769 et
743 1725 956 1769 habitavit
979 1725 1024 1768 in
1053 1725 1178 1769 nobis
1194 1728 1205 1749 ¹
1227 1745 1237 1781 3
1262 1744 1281 1766 »
1308 1741 1396 1769 non
1412 1726 1473 1768 ibi
1495 1724 1596 1783 legi.
1626 1728 1701 1768 In-

317 1797 472 1855 dagavi
496 1796 659 1855 quippe
680 1795 723 1838 in
757 1795 840 1838 illis
864 1794 1014 1838 litteris
1046 1795 1163 1838 varie
1184 1794 1351 1838 dietum
1373 1804 1417 1839 et
1437 1794 1584 1838 multis
1604 1810 1700 1839 mov

318 1866 403 1920 dis,
429 1866 551 1926 quod
571 1866 625 1909 sit
645 1864 780 1908 Filius
802 1865 847 1907 in
878 1864 1018 1908 forma
1042 1865 1203 1918 Patris,
1234 1879 1324 1908 non
1358 1864 1553 1923 rapinam
1580 1865 1699 1908 arbi-

318 1946 454 1981 tratus
469 1950 558 1979 esse
571 1934 748 1995 aequalis
764 1937 869 1988 Deo,
885 1934 986 1994 quia
1005 1933 1260 1978 naturaliter
1273 1932 1461 1993 idipsum
1476 1943 1556 1978 est.
1576 1953 1596 1976 «
1616 1932 1699 1978 Sed
1744 1950 1748 1954 ·

322 2026 343 2048 »
378 2006 478 2065 quia
502 2006 780 2063 semetipsum
803 2004 1037 2048 exinanivit
1053 2002 1239 2047 formam
1257 2004 1367 2047 servi
1398 2004 1632 2062 accipien5‚
1652 2005 1698 2047 in

321 2096 340 2118 n
376 2075 705 2121 similitudinem
731 2075 959 2119 hominum
988 2073 1149 2128 factus,
1182 2083 1225 2117 et
1252 2073 1406 2117 habitu
1423 2074 1626 2117 inventus
1649 2083 1698 2118 ut

320 2165 340 2188 n
376 2147 524 2199 homo,
544 2144 790 2188 humiliavit
811 2160 855 2188 se
870 2143 1007 2187 factus
1029 2143 1238 2187 obediens
1254 2158 1393 2202 usque
1415 2142 1470 2187 ad
1493 2152 1694 2193 mortem,

319 2234 340 2256 »
375 2224 560 2259 mortem
582 2223 724 2257 autem
749 2213 888 2257 crucis
911 2231 922 2258 2
941 2222 1118 2272 propter
1136 2212 1255 2273 quod
1278 2216 1390 2257 Deus
1412 2228 1514 2257 eum
1532 2212 1695 2257 exalta-

321 2303 341 2326 »
375 2285 438 2329 vit
455 2301 478 2329 a
501 2285 696 2338 mortuis,
710 2292 754 2327 et
770 2283 948 2327 donavit
969 2283 1007 2326 ei
1025 2298 1184 2327 nomen
1207 2282 1326 2342 quod
1344 2293 1408 2328 est
1423 2299 1554 2343 super
1569 2298 1698 2328 omne

321 2373 341 2395 »
376 2371 563 2411 nomen3
595 2365 645 2399 ut
668 2355 713 2397 in
734 2354 910 2398 nomine
930 2356 1034 2398 Jesu
1061 2369 1191 2398 omne
1213 2369 1328 2412 genu
1351 2354 1552 2398 flectatur
1567 2389 1578 2409 ‚
1603 2369 1672 2398 coe

323 2443 343 2466 »
376 2424 567 2481 lestium‚
591 2435 634 2470 et
649 2425 932 2480 terrestrium,
953 2434 996 2469 et
1012 2423 1306 2481 infernorum3
1327 2434 1370 2469 et
1390 2426 1530 2471 omnis
1547 2424 1693 2483 lingua

369 2510 524 2547 'Joan.1‚
548 2509 642 2549 1-14.
