1871 3162
584 201 930 237 coNFssssioNUM,
968 202 1049 227 Lm.
1086 202 1165 227 xit.
1466 189 1549 227 329

175 269 297 313 nullo
318 270 449 312 modo
465 269 629 326 justum
654 276 787 321 esset,
822 275 870 309 ut
890 265 1057 326 aequalc
1088 265 1166 308 tibi
1190 276 1298 308 esset
1316 299 1326 316 ‚
1353 265 1577 327 quodjlg

176 351 217 384 te
240 356 326 384 non
342 348 464 383 esset.
490 341 546 381 Et
565 338 683 381 aliud
700 346 856 396 praeter
878 345 920 379 te
941 351 1028 380 non
1048 343 1140 379 erat
1162 335 1281 379 unde
1304 333 1463 378 faceres
1483 351 1548 389 ea,

175 415 288 454 Deus
303 426 387 454 una
404 410 604 453 Trinitas,
625 418 667 452 et
691 409 799 452 trina
816 407 993 466 Unitas3
1017 415 1060 451 et
1074 405 1174 450 ideo
1195 405 1250 449 de
1265 405 1403 449 nihilo
1417 404 1553 449 fecisti

174 482 332 526 coelum
353 489 395 524 et
408 490 565 524 terram
577 515 587 533 ,
611 494 817 538 magnum
835 478 1043 539 quiddam
1061 487 1104 522 et
1118 492 1299 537 parvum
1313 476 1522 537 quiddam
1542 498 1552 532 3

174 552 380 612 quoniam
405 550 679 609 omnipotens
697 558 740 593 et
752 549 894 593 bonus
915 565 958 593 es
976 548 1031 592 ad
1048 546 1244 592 facienda
1260 547 1404 592 omnia
1420 547 1550 600 bona,

172 637 380 680 magnum
403 621 565 666 coelum
587 629 630 665 et
651 636 825 679 parvam
848 629 1021 663 terram.
1050 622 1114 662 Tu
1134 634 1226 662 eras
1243 654 1252 672 ‚
1285 626 1328 662 et
1351 617 1471 661 aliud
1493 618 1556 660 ni-

173 691 234 735 hil
256 693 374 735 unde
395 692 534 736 fecisti
552 690 712 735 coelum
741 700 783 734 et
805 700 979 744 terram,
1019 689 1108 733 duo
1141 688 1343 749 quaedam
1375 707 1383 732 z
1416 702 1554 731 unum

174 777 308 821 prope
332 771 400 815 te,
439 760 619 805 alterum
650 776 784 820 prope
817 760 953 817 nihil3
984 774 1122 803 unum
1155 774 1244 819 quo
1281 758 1476 818 superior
1506 767 1554 801 tu

174 848 284 877 esses
299 867 311 888 ‚
334 832 516 877 alterum
540 848 628 891 quo
645 832 824 876 inferius
847 831 956 875 nihil
973 839 1096 875 esset.

174 1000 1555 1017 wamwuwuwuwummmaemmmmmmmmmmwmwnnwmmm

665 1121 881 1169 CAPUT
927 1123 1065 1169 VIII.

273 1287 490 1332 ‚Materia
529 1286 751 1348 informis
780 1302 843 1331 ex
869 1285 1020 1332 nihilo
1045 1303 1057 1331 .·
1078 1303 1141 1332 ez·
1169 1286 1264 1332 hac·
1294 1287 1459 1332 omnia

757 1358 828 1401 vis
831 1355 876 1401 ib
881 1355 965 1402 ilia
973 1392 981 1401 .

233 1519 355 1560 VIII.
384 1515 593 1561 Sanillud
611 1516 774 1560 coelum
792 1516 890 1560 coeli
908 1516 986 1560 tibi
1006 1551 1016 1571 ‚
1040 1517 1250 1573 Domine3
1275 1525 1388 1560 terra
1412 1525 1557 1560 autem

174 1603 304 1648 quam
320 1588 474 1631 dedisti
486 1586 582 1630 filiis
594 1587 823 1630 hominum
834 1589 846 1612 ¹
857 1587 1118 1631 cernendam
1132 1596 1263 1647 atque
1274 1587 1556 1645 tangendam,

176 1675 263 1703 non
276 1668 365 1702 erat
378 1657 473 1702 talis
486 1657 661 1718 qualem
674 1673 792 1702 nunc
805 1658 1021 1702 cernimus
1036 1668 1079 1702 et
1091 1658 1560 1716 tangimus.lnvisibilis

176 1730 290 1773 enim
310 1738 402 1773 erat
419 1738 462 1773 et
482 1729 784 1787 incomposita,
806 1738 849 1772 et
866 1730 1043 1786 abyssus
1060 1738 1150 1773 erat
1172 1744 1301 1787 super
1321 1745 1451 1789 quam
1471 1745 1559 1774 non

176 1809 267 1844 erat
287 1800 390 1856 lux3
414 1809 489 1843 aut
512 1818 531 1840 «
552 1800 760 1843 Tenebrae
782 1809 903 1844 erant
926 1815 1055 1859 super
1077 1800 1280 1856 abyssum
1295 1801 1334 1853 ²,
1358 1817 1376 1839 >s
1404 1799 1447 1842 id
1471 1810 1556 1853 est,

176 1871 311 1929 inagis
329 1885 458 1930 quam
489 1871 533 1913 in
565 1871 735 1927 abysso.
769 1873 834 1914 Ita
857 1871 1021 1930 quippe
1043 1871 1220 1927 abyssus
1243 1885 1453 1930 aquarum
1469 1871 1557 1930 jam

175 1939 410 1983 visibilium
428 1941 557 1983 etiam
573 1941 616 1982 in
635 1939 865 1998 profundis
882 1940 967 1983 suis
991 1940 1125 1983 habet
1139 1941 1293 1999 speciei
1312 1956 1400 1984 suae
1418 1940 1559 1984 lucem

177 2019 417 2069 utcumque
438 2010 684 2052 sensibilem
702 2009 907 2068 piscibus,
929 2019 972 2053 et
994 2011 1246 2068 repentibus
1263 2011 1306 2053 in
1326 2026 1403 2054 suo
1421 2010 1561 2055 fundo

177 2081 472 2124 animantibus
494 2100 501 2123 :
527 2079 634 2122 illud
665 2089 808 2123 autem
833 2089 975 2124 totum
998 2096 1133 2140 prope
1157 2081 1265 2124 nihil
1298 2091 1415 2136 erat,
1446 2097 1559 2142 quo-

178 2151 294 2194 niam
324 2149 467 2194 adhuc
491 2152 669 2194 omnino
686 2149 873 2195 informe
896 2160 985 2194 erat
1003 2171 1013 2207 ς
1033 2153 1120 2210 jam
1145 2161 1291 2195 tamen
1319 2161 1409 2195 erat
1438 2154 1558 2212 quod

179 2222 354 2265 formari
368 2231 552 2279 poterat.
569 2224 633 2264 Tu
651 2222 782 2276 enim,
800 2222 999 2274 Domine,
1020 2220 1154 2266 fecisti
1175 2221 1388 2266 mundum
1407 2223 1461 2266 de
1476 2237 1563 2266 ma-

179 2292 284 2335 teria
301 2291 477 2335 informi
494 2326 505 2346 ‚
531 2307 661 2351 quam
681 2291 820 2336 fecisti
843 2292 897 2336 de
926 2292 1045 2336 nulla
1068 2308 1113 2336 re
1135 2308 1246 2351 pene
1262 2292 1426 2336 nullam
1451 2308 1558 2347 rem,

179 2362 296 2406 unde
319 2361 480 2407 faceres
509 2378 665 2421 magna
698 2378 797 2422 quae
819 2364 1026 2407 miramur
1048 2364 1122 2407 filii
1154 2365 1398 2408 hominum.
1425 2364 1562 2408 Valde

180 2435 295 2477 enim
313 2432 508 2477 mirabile
521 2433 604 2478 hoc
624 2433 785 2478 coelum
799 2448 1073 2492 corporeum,
1095 2433 1211 2494 quod
1238 2434 1560 2479 firmamentum

227 2537 236 2550 ¹
257 2529 442 2570 Psal.cx111,
461 2529 511 2562 15.
533 2545 574 2552 —
589 2535 603 2552 ²
618 2530 697 2561 Gen.
715 2539 740 2569 1,
754 2537 787 2560 2.
