1871 3162
266 194 322 233 54
498 241 503 244 μ
697 207 731 237 s.
767 206 999 237 Ancus-nm
1029 210 1212 238 muscum

262 273 325 316 ire
345 273 392 316 in
411 287 506 316 eam
528 273 636 317 mihi
656 272 858 331 videbar3
882 275 983 334 quia
1021 290 1111 319 non
1131 290 1336 320 noveram
1358 275 1523 320 malum
1551 290 1641 320 non

263 358 353 387 esse
373 343 454 387 nisi
471 343 755 402 privationem
779 344 912 399 boni,
950 360 1088 405 usque
1115 344 1170 389 ad
1198 344 1316 405 quod
1345 346 1524 391 omnino
1552 361 1643 390 non

263 422 341 458 est.
365 413 496 467 Quod
528 413 644 458 unde
675 413 892 469 viderem,
931 415 1057 474 cujus
1075 414 1223 459 videre
1242 430 1379 475 usque
1409 416 1465 459 ad
1488 430 1645 476 corpus

262 493 354 529 erat
375 483 510 529 oculis
525 519 538 540 ‚
562 494 606 528 et
642 485 786 529 animo
808 499 948 544 usque
965 484 1020 528 ad
1049 485 1337 544 phantasma?
1369 488 1426 530 Et
1449 488 1539 530 non
1561 501 1645 530 no-

261 570 408 600 veram
425 558 565 599 Deum
592 569 681 599 esse
711 555 928 614 spiritum,
951 570 1042 599 non
1069 556 1141 599 cui
1174 555 1371 599 membra
1398 565 1539 600 essent
1568 571 1646 616 per

261 625 445 684 longum
467 633 511 669 et
530 624 668 669 latum
684 659 695 680 ‚
720 639 801 669 nec
822 625 892 669 cui
909 638 999 669 esse
1021 623 1154 669 moles
1170 633 1300 670 esset:
1325 625 1429 685 quia
1445 625 1580 670 moles
1599 626 1648 669 in

262 704 385 756 parte
403 696 545 740 minor
566 704 629 740 est
649 711 782 755 quam
802 696 848 740 in
864 704 958 741 toto
978 710 1056 740 suo
1075 716 1086 753 ς
1111 705 1154 740 et
1174 696 1210 740 si
1226 696 1397 740 infinita
1417 696 1487 752 sit,
1504 696 1648 741 minor

261 775 326 810 est
345 766 390 809 in
411 764 557 825 aliqua
577 774 699 824 parte
721 775 840 810 certo
865 766 1002 825 spatio
1023 765 1202 810 definita
1215 800 1226 821 ‚
1249 781 1381 826 quam
1400 781 1477 826 per
1497 766 1647 810 infini-

261 845 356 881 tum
371 856 382 892 3
402 845 446 879 et
460 851 551 880 non
572 845 635 880 est
655 844 747 880 tota
765 836 950 896 ubique,
967 836 1079 880 sicut
1095 837 1268 895 spiritus
1282 871 1294 891 ‚
1314 838 1426 881 sicut
1439 840 1569 881 Deus.
1590 839 1648 881 Et

263 907 371 966 quid
392 906 438 949 in
459 906 585 950 nobis
607 915 732 960 esset,
747 906 989 950 secundum
1008 907 1130 966 quod
1147 921 1334 951 essemus
1350 907 1509 951 similes
1536 910 1643 962 Deo,

264 987 307 1022 et
326 986 442 1022 recte
462 977 510 1020 in
533 977 753 1036 Scriptura
775 976 1018 1022 diceremur
1039 976 1093 1022 ad
1114 978 1348 1036 imaginem
1369 980 1496 1034 Dei1‚
1520 994 1647 1038 pror-

265 1062 336 1091 sus
358 1047 661 1105 ignorabam.V

322 1118 447 1160 XIII.
473 1119 529 1160 Et
546 1132 634 1160 non
656 1131 860 1160 noveram
877 1116 1091 1176 justi-tiam
1107 1131 1252 1160 veram
1269 1117 1534 1172 interiorem,
1558 1133 1649 1161 non

265 1204 315 1232 ex
336 1188 652 1232 consuetudine
677 1186 948 1248 judicantem
967 1223 978 1239 ,
999 1188 1075 1232 sed
1107 1203 1158 1232 ex
1178 1187 1274 1247 lege
1312 1189 1547 1233 rectissima
1569 1189 1650 1233 Dei

262 1259 573 1317 omnipotentis
589 1293 600 1312 ‚
634 1274 721 1318 qua
744 1258 1037 1303 formarentur
1071 1274 1212 1303 mores
1234 1259 1461 1317 regionum
1483 1268 1527 1303 et
1553 1260 1648 1303 die-

263 1344 361 1372 rum
378 1343 458 1386 pro
476 1328 723 1385 regionibus
738 1337 779 1371 et
797 1328 973 1384 diebu83
993 1343 1093 1372 cum
1110 1329 1200 1387 ipsa
1222 1329 1388 1387 ubique
1406 1344 1455 1372 ac
1479 1344 1650 1388 semper

263 1407 397 1452 esset,
430 1413 520 1441 non
542 1397 645 1441 alibi
667 1396 776 1452 alia,
811 1413 891 1441 nec
929 1396 1030 1441 alias
1066 1398 1216 1455 aliter3
1246 1397 1484 1441 secundum
1516 1414 1649 1456 quam

258 1469 363 1527 justi
385 1476 526 1511 essent
540 1467 761 1511 Abraham
779 1476 823 1510 et
842 1470 958 1511 Isaac
975 1476 1020 1511 et
1041 1468 1177 1511 Jacob
1193 1477 1235 1511 et
1247 1471 1418 1524 Moyses
1435 1477 1478 1511 et
1493 1467 1645 1522 David,

262 1548 306 1583 et
327 1538 388 1582 illi
411 1553 560 1582 omnes
581 1537 747 1581 laudati
762 1553 835 1582 ore
852 1538 930 1581 Dei
947 1558 957 1594 3
977 1538 1051 1582 sed
1072 1553 1143 1581 eos
1158 1538 1213 1582 ab
1236 1538 1444 1596 imperitis
1463 1537 1649 1597 judicari

260 1609 434 1668 iniquos
449 1643 460 1663 ‚
475 1606 774 1667 judicantibus
795 1623 847 1650 ex
869 1608 1063 1652 humano
1086 1606 1171 1662 die,
1197 1617 1240 1651 et
1263 1609 1486 1652 universos
1508 1623 1648 1652 mores

260 1678 441 1722 humani
462 1677 628 1736 generis
651 1692 702 1720 ex
725 1686 845 1736 parte
867 1678 997 1721 moris
1013 1677 1079 1721 sui
1096 1678 1377 1721 metientibus
1394 1713 1405 1732 ‚
1438 1687 1648 1738 tanquam

260 1748 293 1792 si
315 1747 410 1807 quis
432 1746 600 1790 nescius
613 1746 658 1789 in
673 1747 950 1790 armamentis
970 1745 1079 1806 quid
1095 1746 1166 1790 cui
1181 1747 1379 1791 membro
1403 1763 1649 1792 accommo—

260 1817 411 1862 datum
434 1816 487 1860 sit
502 1851 514 1871 ,
548 1831 673 1860 ocrea
701 1816 806 1860 velit
835 1825 967 1875 caput
989 1816 1164 1875 contegi
1181 1851 1193 1870 ‚
1218 1825 1260 1860 et
1283 1815 1404 1874 galea
1430 1816 1612 1861 calceari
1634 1839 1646 1876 3

259 1897 302 1932 et
328 1896 572 1930 murmuret
601 1885 721 1946 quod
749 1901 838 1930 non
870 1896 970 1945 apte
1002 1886 1263 1930 conveniat:
1290 1895 1365 1930 aut
1392 1887 1438 1930 in
1465 1902 1556 1931 uno
1576 1886 1646 1931 die

257 1956 424 2001 indicto
437 1972 460 2000 a
478 1955 782 2015 pomeridianis
802 1956 918 2000 horis
932 1956 1124 2016 justitio,
1149 1957 1380 2016 quisquam
1403 1958 1648 2001 stomache-

258 2037 330 2072 tur
350 2043 439 2072 non
461 2027 541 2072 sibi
563 2026 744 2071 concedi
779 2027 886 2086 quid
911 2026 1064 2071 venale
1087 2040 1353 2086 proponere,
1387 2027 1489 2086 quia
1519 2042 1646 2072 mane

256 2113 508 2143 concessum
531 2107 594 2142 est
619 2113 629 2139 ε
656 2106 732 2142 aut
754 2098 802 2141 in
823 2113 911 2141 una
943 2097 1075 2142 domo
1095 2096 1243 2142 videat
1274 2097 1442 2157 aliquid
1469 2100 1646 2143 tractari

256 2169 458 2212 manibus
481 2183 502 2211 a
526 2183 750 2228 quoquam
771 2182 894 2212 servo
909 2202 921 2223 ‚
945 2167 1067 2227 quod
1097 2166 1240 2212 facere
1271 2183 1362 2212 non
1383 2168 1549 2212 sinatur
1569 2169 1645 2229 qui
1665 2162 1667 2165 ’

255 2236 413 2296 pocula
431 2237 644 2281 ministrat
669 2256 678 2282 t
703 2246 779 2281 aut
805 2237 970 2297 aliquid
998 2246 1096 2296 post
1127 2238 1332 2297 praesepia
1361 2238 1479 2293 fieri,
1522 2238 1644 2299 quod

256 2317 356 2352 ante
375 2323 566 2352 mensam
584 2308 866 2368 prohibeatur
884 2329 894 2365 3
914 2317 957 2352 et
984 2309 1261 2368 indignetur,
1294 2323 1396 2353 cum
1417 2308 1471 2353 sit
1500 2323 1640 2353 unum

254 2378 555 2423 habitaculum
576 2388 619 2423 et
639 2395 726 2424 una
756 2377 919 2424 familia
936 2415 947 2435 ,
979 2395 1069 2424 non
1089 2380 1254 2439 ubique
1281 2388 1412 2440 atque
1434 2380 1639 2424 omnibus

252 2447 368 2492 idem
390 2449 539 2493 tribui.
565 2449 632 2494 Sic
652 2458 754 2495 sunt
772 2450 842 2495 isti
862 2450 938 2509 qui
959 2448 1241 2508 indignantur
1255 2484 1266 2505 ‚
1291 2465 1393 2494 cum
1415 2449 1634 2495 audierint

303 2538 314 2554 1
334 2532 413 2565 Gen.
435 2543 462 2574 1,
483 2543 537 2574 17.
