1871 3162
226 177 311 216 206
559 176 563 179 ’
660 185 696 215 s.
730 189 962 219 AUGUSTINI
993 178 1176 218 Emscom

228 273 247 296 «
281 253 565 299 obdormiam
592 264 636 300 et
657 270 857 300 somnum
880 257 1067 316 capiam!
1087 273 1107 297 »
1126 254 1343 309 Quoniam
1365 255 1461 314 quis
1482 253 1608 298 resis-

224 333 286 368 tet
307 324 450 380 nobis,
473 340 574 369 cum
595 326 671 369 fiet
689 341 830 370 sermo
851 327 928 385 qui
951 326 1134 385 scriptus
1156 334 1244 369 est:
1270 344 1290 367 «
1307 325 1522 382 Absorpta
1545 331 1609 367 est

226 412 247 436 »
281 409 397 439 mors
427 396 474 439 in
501 396 728 440 victoriam
743 397 788 439 1?
808 414 827 437 »
850 398 906 439 Et
929 405 977 439 tu
995 411 1039 439 es
1060 396 1249 454 idipsum
1273 393 1400 439 valde
1422 393 1498 453 qui
1519 407 1611 436 non

225 465 432 523 mutari33
461 475 504 509 et
534 466 580 509 in
610 473 653 508 te
680 465 850 525 requies
872 466 1129 510 obliviscens
1156 465 1360 509 laborum
1394 464 1608 517 omnium,

224 536 431 595 quoniam
449 534 596 579 nullus
613 535 722 579 alius
740 545 886 579 tecum
903 551 984 579 nec
1001 536 1057 579 ad
1077 535 1159 580 alia
1178 535 1316 579 multa
1334 532 1613 593 adipiscenda

225 621 325 665 quae
346 621 436 649 non
452 614 553 649 sunt
574 605 696 664 quod
713 614 783 663 tu3
804 605 899 649 sed:
919 624 939 647 «
959 608 1040 660 Tu,
1059 605 1259 658 Domine,
1283 603 1554 662 singulariter
1568 603 1616 646 in

229 693 248 715 »
284 690 360 734 spe
381 674 641 719 constituisti
664 690 748 718 me.
772 696 789 717 1>
811 675 1031 733 Legebam
1053 683 1096 717 et
1118 672 1352 730 ardebam3
1388 688 1468 716 nec
1491 673 1615 715 inve-

226 746 400 788 niebam
433 745 540 805 quid
561 745 749 790 facerem
772 745 912 790 surdis
939 745 1138 799 mortuis,
1173 759 1225 787 ex
1255 743 1416 803 quibus
1447 741 1618 786 fueram

226 815 372 874 pestis,
396 814 576 859 latrator
593 831 762 859 amarus
784 825 827 860 et
849 831 989 860 caecus
1012 815 1218 860 adversus
1234 813 1401 858 litteras
1418 812 1472 857 de
1490 811 1619 856 melle

229 886 329 930 coeli
342 886 534 941 melleas,
550 895 592 930 et
608 886 662 930 de
674 886 840 930 lumine
856 896 934 931 tuo
947 887 1183 930 luminosas
1200 905 1208 930 :
1231 894 1273 929 et
1290 900 1419 944 super
1435 883 1619 927 inimicis

232 952 467 1010 Scripturae
484 958 614 1012 hujus
630 957 925 1001 tabescebam.

285 1024 390 1066 XII.
426 1021 610 1074 Quando
638 1023 900 1066 recordabor
923 1024 1068 1067 omnia
1093 1023 1263 1067 dierum
1286 1025 1461 1068 illorum
1483 1025 1617 1068 feria-

229 1094 404 1136 torum?
430 1092 513 1136 Sed
534 1107 615 1136 nec
637 1091 798 1136 oblitus
821 1108 934 1148 sum,
959 1109 1040 1138 nec
1061 1093 1196 1138 silebo
1219 1093 1379 1151 flagelli
1402 1094 1467 1137 tui
1489 1109 1616 1153 aspe-

228 1163 415 1216 ritatem,
440 1172 483 1206 et
504 1163 810 1207 misericordiae
833 1173 921 1207 tuae
942 1164 1185 1207 mirabilem
1209 1164 1490 1208 celeritatem.
1529 1168 1618 1209 Do-

226 1230 317 1276 lore
351 1232 550 1277 dentium
584 1242 691 1277 tunc
724 1234 1002 1277 excruciabas
1038 1248 1135 1291 me3
1172 1242 1215 1277 et
1245 1249 1346 1277 cum
1377 1234 1424 1277 in
1446 1244 1618 1278 tantum

226 1303 542 1361 ingravesceret
558 1312 606 1347 ut
627 1319 716 1347 non
733 1303 920 1348 valerem
942 1304 1083 1364 loqui,
1109 1304 1300 1348 ascendit
1316 1305 1361 1347 in
1377 1320 1450 1349 cor
1468 1320 1616 1349 meum

227 1374 461 1418 admonere
489 1389 638 1418 omnes
670 1390 789 1418 meos
818 1375 894 1434 qui
926 1374 1121 1429 aderant,
1144 1383 1194 1418 ut
1215 1374 1552 1433 deprecarentur
1576 1385 1618 1420 te

227 1460 305 1503 pro
327 1460 412 1499 me,
440 1448 577 1489 Deum
601 1445 749 1489 salutis
770 1445 1049 1490 omnimodae.
1076 1449 1132 1489 Et
1152 1445 1301 1503 scripsi
1320 1446 1403 1488 hoc
1432 1446 1478 1488 in
1499 1461 1613 1500 cera,

226 1525 269 1559 et
304 1515 405 1559 dedi
434 1526 483 1560 ut
514 1517 572 1559 eis
606 1516 836 1574 legeretur.
870 1520 972 1559 Mox
1002 1524 1051 1558 ut
1085 1530 1226 1573 genua
1248 1515 1433 1574 supplici
1455 1516 1617 1560 affectu

226 1585 411 1640 fiximus,
446 1584 558 1639 fugit
591 1585 717 1626 dolor
751 1584 838 1626 ille.
875 1584 960 1628 Sed
989 1585 1085 1644 quis
1116 1584 1257 1639 dolor,
1288 1594 1363 1629 aut
1392 1585 1616 1644 quomodo

225 1654 364 1711 fugit?
402 1652 582 1711 Expavi,
618 1651 774 1706 fateor,
815 1654 996 1697 Domine
1030 1670 1167 1709 meus,
1196 1659 1308 1699 Deus
1336 1671 1475 1710 meus,
1505 1656 1616 1700 nihil

225 1724 341 1767 enim
362 1723 448 1766 tale
469 1723 524 1766 ab
551 1723 731 1768 ineunte
753 1733 880 1769 aetate
898 1734 1099 1784 expertus
1121 1725 1306 1771 fueram.
1328 1730 1385 1771 Et
1409 1728 1615 1771 insinuati

224 1803 328 1838 sunt
343 1793 448 1837 mihi
462 1794 507 1838 in
520 1793 740 1853 profundo
758 1804 890 1839 nutus
906 1796 990 1840 tui:
1008 1805 1051 1840 et
1066 1796 1260 1856 gaudens
1279 1798 1324 1841 in
1339 1797 1425 1841 fide
1440 1797 1615 1842 laudavi

224 1881 384 1909 nomen
406 1874 548 1909 tuum.
571 1868 627 1909 Et
649 1881 696 1909 ea
720 1865 826 1911 fides
847 1882 917 1911 me
939 1883 1140 1913 securum
1158 1885 1248 1914 esse
1265 1885 1354 1914 non
1371 1870 1542 1914 sinebat
1558 1869 1613 1915 de

225 1936 451 1995 praeteritis
474 1937 659 1996 peccatis
684 1937 807 1992 meis,
835 1953 936 1999 quae
958 1939 1066 1983 mihi
1089 1955 1169 1999 per
1187 1940 1451 1999 baptismum
1486 1950 1613 1985 tuum

226 2007 396 2051 remissa
416 2006 614 2051 nondum
630 2017 769 2052 erant.

275 2111 282 2127 ¹
307 2116 319 2137 1
340 2107 414 2138 Cor.
437 2116 492 2145 xv,
512 2105 566 2144 54.

1817 3035 1823 3065 ί
