1871 3162
587 235 926 272 CONFESSIONUM,
962 237 1043 262 Lus.
1081 239 1175 263 vm.
1459 229 1540 266 175

165 299 307 343 tionis.
334 300 434 352 Quis
456 307 601 342 autem
618 299 679 342 ibi
704 315 794 342 non
816 314 916 343 eum
935 302 1141 343 noverat?
1157 302 1212 342 Et
1232 302 1377 343 sonuit
1398 317 1542 359 presso

164 369 309 413 sonitu
325 384 401 427 per
419 384 493 412 ora
514 378 773 413 cunctorum
787 369 1099 413 collaetantium
1119 388 1127 412 :
1153 369 1416 424 Victorinus,
1441 371 1543 414 Vic-

163 439 343 482 torinus.
364 439 462 483 Cito
489 448 731 483 sonuerunt
761 439 1045 493 exultatione,
1065 439 1168 499 quia
1190 438 1399 483 videbant
1415 455 1541 497 eum,

160 516 204 551 et
224 508 310 552 cito
332 507 544 552 siluerunt
559 508 818 563 intentione,
844 518 894 552 ut
912 509 1114 553 audirent
1137 524 1254 552 eum.
1278 509 1544 552 Pronuntiaae

159 578 221 621 vit
242 576 315 620 ille
334 577 468 622 fidem
489 593 687 623 veracem
707 578 913 638 praeclara
931 579 1106 633 fiducia,
1138 588 1182 623 et
1208 578 1414 623 volebant
1441 594 1542 622 eum

160 662 308 691 omnes
326 663 473 706 rapere
494 649 610 693 intro
632 650 678 693 in
697 664 772 694 cor
788 664 940 706 suum,
971 659 1014 693 et
1035 650 1260 708 rapiebant
1283 649 1472 693 amando
1501 658 1545 693 et

160 716 416 775 gaudendo:
438 718 506 761 hae
522 719 783 778 rapientium
802 734 955 762 manus
972 728 1110 763 erant.

158 873 370 889 mmmm
668 864 673 866 -
725 877 1544 894 mmmmmwvmwm

679 995 895 1044 CAPUT
935 999 1027 1044 til.

163 1125 310 1189 Quod
325 1125 459 1171 Deus
482 1136 527 1171 et
547 1126 730 1188 Angelz'
746 1130 904 1189 magis
923 1128 1142 1190 gaudent
1162 1130 1212 1173 in
1229 1141 1543 1189 peccatorum

682 1199 990 1243 conversione
999 1233 1008 1242 .

213 1333 287 1374 VI.
324 1334 438 1375 Deus
462 1332 592 1386 bone,
614 1333 720 1391 quid
739 1333 882 1391 agitur
899 1334 944 1376 in
968 1334 1145 1378 homine
1168 1343 1218 1378 ut
1240 1335 1337 1394 plus
1353 1335 1541 1394 gaudeat

152 1400 207 1443 de
220 1400 356 1444 salute
370 1400 607 1459 desperatae
621 1401 793 1456 animae,
809 1412 852 1446 et
869 1403 923 1446 de
940 1405 1102 1462 majore
1115 1403 1308 1462 periculo
1324 1403 1538 1460 liberatae,

150 1485 284 1529 quam
311 1470 345 1513 si
373 1485 467 1529 spes
502 1471 540 1513 ei
573 1485 741 1529 semper
772 1471 980 1524 affuisset,
1015 1481 1090 1516 aut
1123 1473 1365 1531 periculum
1395 1475 1539 1518 minus

149 1539 322 1584 fuisset?
355 1540 530 1584 Etenim
553 1550 602 1584 tu
625 1557 802 1600 quoque
825 1542 1064 1586 misericors
1098 1546 1222 1586 Pater
1244 1543 1343 1602 plus
1377 1544 1538 1602 gaudes

149 1609 204 1654 de
224 1626 315 1654 uno
334 1611 577 1669 poenitente
597 1627 729 1670 quam
759 1610 814 1655 de
836 1613 1253 1669 nonaginta-novem
1267 1614 1410 1673 justis,
1435 1615 1538 1674 qui-

148 1680 230 1723 bus
265 1695 354 1724 non
388 1690 450 1724 est
472 1696 580 1739 opus
603 1681 874 1738 poenitentia.
901 1683 957 1724 Et
978 1696 1057 1725 nos
1081 1697 1182 1725 cum
1201 1697 1356 1741 magna
1372 1684 1537 1742 jucun-

147 1749 282 1794 ditate
302 1751 517 1805 audimus,
536 1767 637 1795 cum
660 1751 863 1795 audimus
881 1767 1013 1811 quam
1033 1752 1331 1796 exultantibus
1345 1754 1534 1811 Angelis,

147 1820 329 1879 pastoris
343 1821 531 1864 humeris
545 1830 790 1879 reportetur
802 1822 891 1865 ovis
905 1837 1004 1881 quae
1018 1833 1232 1866 erraverat
1245 1843 1256 1879 3
1274 1832 1316 1866 et
1330 1822 1538 1869 drachma

148 1888 360 1933 referatur
381 1890 426 1933 in
450 1891 672 1934 thesauros
694 1900 808 1945 tuos,
834 1890 1154 1935 collaetantibus
1185 1893 1334 1936 vicinis
1363 1893 1537 1937 mulieri

147 1975 247 2020 quae
280 1960 446 2004 invenit
464 1979 472 2004 2
497 1969 540 2003 et
565 1960 779 2017 lacrymas
812 1961 976 2004 excutit
1009 1962 1215 2018 gaudium
1251 1962 1534 2007 solemnitatis

148 2029 304 2073 domus
326 2039 430 2085 tuae,
450 2045 550 2074 cum
572 2030 732 2088 legitur
752 2030 797 2074 in
814 2029 946 2074 domo
967 2040 1040 2074 tua
1062 2030 1116 2074 de
1134 2032 1302 2076 minore
1323 2032 1413 2076 filio
1435 2042 1530 2088 tuo,

152 2119 170 2141 «
197 2100 409 2153 Quoniam
442 2110 640 2144 mortuus
657 2110 763 2154 erat,
788 2110 831 2144 et
848 2101 1022 2157 revixit,
1042 2102 1243 2160 perierat,
1265 2112 1308 2146 et
1329 2103 1534 2147 inventus

151 2188 171 2211 »
197 2173 299 2215 est¹.
322 2190 340 2212 »
361 2170 532 2214 Gaudes
549 2172 710 2230 quippe
731 2171 776 2214 in
799 2171 938 2225 nobis,
964 2180 1006 2214 et
1023 2171 1068 2214 in
1087 2171 1263 2230 Angelis
1286 2173 1369 2216 tuis
1386 2183 1534 2217 sancta

148 2241 356 2284 charitate
375 2242 548 2285 sanctis.
574 2243 682 2286 Nam
705 2249 753 2283 tu
783 2255 951 2299 semper
978 2240 1112 2296 idem,
1148 2242 1222 2301 qui
1246 2257 1293 2285 ea
1323 2258 1422 2302 quae
1444 2259 1534 2287 non

148 2325 316 2369 semper
336 2325 415 2354 nec
436 2310 590 2355 eodem
612 2309 744 2354 modo
765 2319 881 2366 sunt,
905 2309 1059 2355 eodem
1078 2310 1209 2357 modo
1235 2326 1404 2371 semper
1419 2312 1535 2357 nosti

147 2381 310 2425 omnia.

205 2453 304 2496 VII.
339 2450 452 2505 Quid
463 2466 565 2511 ergo
580 2451 722 2511 agitur
734 2451 779 2495 in
795 2451 954 2507 anima,
969 2467 1070 2496 cum
1085 2451 1269 2512 amplius
1283 2450 1533 2498 delectatur

196 2553 205 2571 ¹
221 2549 300 2580 Luc.
324 2557 378 2589 xv,
399 2546 456 2579 31.
