1871 3162
333 229 359 267 4
753 240 785 267 s.
821 239 1050 267 Aucus‘rim
1083 239 1263 266 EPlscol’l

331 314 374 348 et
394 313 540 348 tamen
555 304 733 349 laudare
749 313 792 348 te
807 303 901 348 vult
913 304 1045 347 homo
1057 302 1200 362 aliqua
1218 303 1359 362 portio
1378 311 1586 346 creaturae
1599 311 1701 345 tuae.

332 377 397 419 Tu
419 375 589 428 excitas,
612 383 659 418 ut
681 373 859 418 laudare
880 383 921 416 te
943 372 1127 417 delectet
1145 394 1156 430 3
1180 373 1281 433 quia
1311 372 1447 417 fecisti
1469 388 1546 417 nos
1568 372 1622 415 ad
1644 380 1702 425 te,

328 453 371 488 et
388 444 630 503 inquietum
650 454 712 488 est
728 459 801 487 cor
822 452 1035 497 nostrum,
1054 442 1192 487 donec
1215 444 1454 502 requiescat
1482 443 1526 485 in
1554 451 1611 485 te.
1644 445 1705 485 Da

326 514 448 569 mihi,
469 515 652 558 Domine
667 549 678 568 ‚
703 514 810 558 scire
831 523 874 557 et
896 512 1134 571 intelligere
1151 547 1162 568 ,
1188 522 1337 557 utrum
1360 513 1413 556 sit
1436 513 1552 571 prius
1580 511 1706 556 invo-

324 600 421 629 care
448 594 490 629 te
505 619 516 640 ‚
544 601 599 628 an
621 584 799 629 laudare
821 595 863 629 te
882 606 892 641 3
916 593 958 627 et
977 584 1083 628 scire
1111 593 1152 627 te
1172 584 1289 643 prius
1321 585 1398 637 sit,
1425 599 1480 627 an
1502 583 1704 626 invocare

322 665 380 699 te.
402 655 485 701 Sed
500 655 596 715 quis
616 665 657 699 te
678 656 850 699 invocat
865 689 875 709 ‚
891 654 1085 698 nesciens
1109 655 1185 697 te?
1212 653 1345 698 Aliud
1369 653 1483 697 enirn
1519 669 1597 712 pro
1619 652 1703 696 alio

320 733 463 784 potest
478 725 677 768 invocare
698 725 889 769 nesciens
908 734 964 768 te.
985 728 1054 768 An
1072 725 1214 783 potius
1231 725 1443 768 invocaris
1461 733 1510 767 ut
1529 723 1702 767 sciaris?

320 795 551 848 Quomodo
573 805 717 839 autem
739 796 1006 840 invocabunt
1039 796 1083 838 in
1117 810 1247 854 quem
1280 811 1369 839 non
1391 793 1701 839 crediderunt?

318 869 407 909 Aut
425 865 646 924 quomodo
661 865 838 910 credent
855 867 946 910 sine
964 866 1227 925 praedicante
1240 870 1252 891 ¹
1263 868 1280 909 Ρ
1293 869 1348 910 Et
1360 865 1604 909 laudabunt
1619 868 1701 908 Do-

318 935 489 978 minum
528 936 604 994 qui
628 937 856 995 requirunt
879 940 1019 979 eum2.
1046 941 1293 989 Quaerentes
1322 936 1437 979 enim
1477 935 1701 979 invenient

316 1021 416 1050 cum
431 1040 442 1060 ,
464 1016 506 1050 et
522 1007 789 1050 invenientes
811 1006 1055 1050 laudabunt
1070 1021 1184 1050 eum.
1204 1011 1400 1059 Quaeram
1416 1016 1474 1059 te,
1495 1006 1695 1060 Domine,

315 1076 520 1119 invocans
542 1085 600 1130 te,
620 1086 662 1120 et
682 1076 877 1120 invocem
902 1086 944 1119 te
961 1075 1139 1119 credens
1160 1075 1204 1118 in
1224 1085 1281 1130 te,
1304 1075 1563 1134 praedicatus
1581 1075 1698 1118 enim

315 1161 357 1188 es
393 1146 532 1190 nobis.
575 1149 754 1189 Invocat
790 1155 854 1199 te,
883 1146 1085 1199 Domine,
1127 1145 1231 1188 fides
1255 1161 1349 1188 mea
1379 1161 1509 1204 quam
1539 1144 1697 1189 dedisti

314 1215 443 1269 mihi,
469 1230 601 1274 quam
644 1215 859 1274 inspirasti
894 1216 999 1259 mihi
1020 1231 1096 1275 per
1128 1216 1444 1259 humanitatem
1468 1215 1566 1259 Filii
1602 1216 1693 1270 tui,

313 1300 391 1344 per
414 1285 700 1329 ministerium
722 1284 1016 1344 praedicatoris
1034 1285 1112 1328 tui.

312 1454 379 1469 552&
383 1454 446 1469 §lxx
455 1453 520 1468 ννΙΛ
526 1453 591 1469 tm}
597 1453 943 1469 WWWXMUQQSXWW
948 1453 1013 1469 §mx
1018 1454 1083 1469 M!
1087 1453 1152 1469 ἏΜ
1157 1453 1222 1469 §vu
1228 1453 1294 1468 DUM
1300 1454 1363 1469 ὶνῑὶ
1371 1454 1437 1469 xvv*
1444 1453 1574 1469 tmmwvx
1581 1454 1646 1469 88(νὶ
1653 1455 1684 1470 §A

845 1586 1058 1634 CAPUT
1096 1588 1139 1632 lt
1154 1623 1164 1632 .

310 1741 467 1787 Deum
490 1758 629 1800 quem
652 1743 862 1798 invocat,
882 1742 931 1786 ιή
963 1744 1065 1801 ipso
1087 1757 1187 1786 esse
1217 1743 1462 1801 ipsamque
1485 1743 1530 1786 z'n
1564 1741 1686 1787 Deo.

361 1904 417 1944 II.
434 1904 497 1946 ET
524 1900 746 1961 quomodo
766 1901 976 1945 invocabo
999 1904 1138 1944 Deum
1153 1916 1316 1955 meum,
1339 1904 1477 1945 Deum
1495 1910 1537 1945 et
1551 1902 1692 1946 Domi-

311 1988 416 2016 num
445 1986 590 2014 meum
605 1973 623 2012 ‘?
645 1972 860 2023 Quoniam
882 1970 1033 2022 utique
1055 1971 1101 2012 in
1118 1985 1186 2012 me
1209 1970 1349 2028 ipsum
1373 1986 1471 2013 eum
1499 1971 1686 2025 vocabo,

311 2059 409 2087 cum
420 2041 634 2085 invocabo
646 2054 760 2083 eum.
776 2042 830 2083 Et
843 2039 939 2098 quis
950 2039 1071 2082 locus
1084 2039 1201 2082 estin
1215 2054 1300 2094 me,
1313 2056 1401 2099 quo
1409 2040 1608 2084 veniatin
1620 2056 1688 2084 mc

311 2117 425 2158 Deus
436 2111 585 2155 meus?
599 2112 822 2168 quo·Deus
835 2109 979 2152 veniat
995 2108 1041 2151 in
1062 2123 1131 2151 me
1146 2143 1157 2163 ‚
1183 2111 1297 2153 Deus
1316 2109 1392 2168 qui
1406 2109 1508 2154 fecit
1525 2109 1688 2154 coelum

313 2194 355 2228 et
372 2193 526 2228 terram
542 2183 558 2222 ⁶?
573 2184 727 2233 Ita-ne,
752 2179 933 2223 Domine
948 2182 1061 2223 Deus
1073 2194 1211 2231 meus,
1231 2190 1293 2224 est
1304 2180 1546 2240 quidquam
1558 2182 1603 2224 in
1619 2197 1689 2226 me

311 2253 431 2315 quod
453 2252 594 2312 capiat
616 2252 686 2294 te?
705 2253 772 2293 An
794 2265 895 2293 vero
912 2248 1074 2293 coelum
1092 2260 1135 2294 et
1156 2260 1267 2294 terra
1290 2267 1388 2310 quae
1403 2250 1559 2306 fecisti,
1584 2262 1626 2296 et
1642 2254 1688 2296 in

311 2326 470 2386 quibus
491 2339 561 2367 me
590 2321 755 2375 fecisti,
779 2321 955 2379 capiunt
978 2322 1052 2364 te?
1076 2324 1141 2364 An
1162 2321 1263 2380 quia
1286 2322 1376 2365 sine
1395 2330 1436 2365 te
1465 2337 1554 2366 non
1580 2332 1688 2367 esset

311 2392 526 2457 quidquid
543 2401 625 2446 est,
650 2392 698 2434 fit
720 2401 769 2434 ut
791 2390 1007 2450 quidquid
1029 2399 1091 2434 est
1111 2391 1250 2449 capiat
1276 2393 1346 2435 te?
1370 2392 1583 2444 Quoniam
1606 2393 1688 2436 ita-

312 2482 397 2527 que
424 2473 466 2508 et
488 2478 567 2522 ego
591 2477 710 2516 sum,
739 2460 845 2520 quid
868 2470 968 2518 peto
982 2469 1031 2504 ut
1052 2460 1195 2504 venias
1218 2460 1263 2504 in
1285 2476 1381 2517 me,
1408 2462 1483 2522 qui
1506 2477 1594 2507 non
1617 2478 1685 2507 es—

361 2569 370 2587 3
391 2564 478 2593 Rom.
502 2571 533 2599 x,
552 2557 601 2599 14.
635 2575 663 2579 —
680 2564 690 2580 ²
710 2557 788 2588 Psal.
810 2566 879 2597 xx1‚
898 2565 951 2598 25.
