1871 3162
560 248 909 285 coNFEssmNUM,
945 249 1026 274 Lln.
1064 250 1140 274 vu.
1447 241 1526 278 159

146 312 265 371 quod
287 313 571 356 certissimum
595 321 658 355 est
677 347 687 366 ,
716 311 864 356 omnia
896 327 996 371 quae
1029 321 1372 370 corrumpuntur
1389 347 1400 366 ‚
1437 316 1527 371 pri-

143 392 301 427 vantur
321 383 454 426 bono.
481 382 526 427 Si
547 391 693 426 autem
720 383 842 426 omni
863 382 981 426 bono
1003 382 1316 441 privabuntur,
1347 384 1525 427 omnino

143 466 233 496 non
252 460 393 496 erunt.
411 452 454 497 Si
479 452 596 496 enim
610 461 754 507 erunt,
775 461 820 496 et
834 453 1054 510 corrumpi
1072 453 1165 510 jam
1187 466 1277 495 non
1298 460 1522 510 poterunt,

140 521 319 566 meliora
348 530 504 576 erunt,
540 521 643 581 quia
677 521 1065 581 incorruptibiliter
1096 521 1435 580 permanebunt.
1469 524 1526 565 Et

139 590 248 650 quid
282 592 596 636 monstruosius
629 607 763 652 quam
795 607 846 636 ea
879 592 1024 636 dicere
1056 592 1177 636 omni
1212 591 1330 636 bono
1367 591 1525 636 amisso

140 660 254 705 facta
280 661 490 706 meliora?
513 664 627 720 Ergo
659 662 694 707 si
720 663 840 707 omni
862 663 979 707 hono
999 662 1293 722 privabuntur
1310 697 1322 717 ,
1346 662 1527 707 omnino

140 730 260 775 nulla
287 741 416 775 erunt
446 750 456 776 z
487 747 591 791 ergo
611 732 811 792 quandiu
831 742 958 788 sunt,
985 732 1102 777 bona
1123 741 1257 776 sunt:
1287 748 1390 792 ergo
1412 748 1527 792 quae-

140 815 329 860 cumque
358 810 484 856 sunt,
514 802 626 846 bona
645 812 763 846 sunt.
789 802 1045 862 Malumque
1065 801 1177 846 illud
1210 802 1330 862 quod
1352 818 1526 863 quaere-

140 871 242 915 bam
264 870 382 916 unde
416 881 549 927 esset,
574 888 663 917 non
692 882 754 917 est
787 873 1060 917 substantia:
1085 873 1188 932 quia
1220 874 1254 917 si
1286 874 1528 917 substantia

144 949 279 996 esset,
305 941 472 985 bonum
503 952 627 986 esset.
667 947 757 987 Aut
790 944 906 986 enim
928 951 1039 986 esset
1059 942 1400 1002 incorruptibilis
1423 943 1529 986 sub-

140 1012 300 1056 stantia
317 1046 328 1066 ‚
353 1025 561 1070 magnum
577 1014 732 1073 utique
749 1014 917 1058 bonum
945 1032 954 1058 z
978 1022 1054 1056 aut
1075 1014 1318 1057 substantia
1342 1029 1526 1073 corrup-

140 1081 272 1126 tibilis
300 1092 436 1138 esset,
469 1100 569 1143 quae
592 1085 673 1128 nisi
695 1085 812 1128 bona
832 1093 969 1138 esset,
995 1083 1216 1142 corrumpi
1240 1099 1330 1127 non
1363 1094 1522 1143 posset.

142 1156 295 1212 Itaque
325 1152 414 1197 vidi
445 1163 488 1197 et
512 1153 834 1197 manifestatum
862 1163 924 1197 est
949 1154 1078 1207 mihi,
1105 1154 1207 1213 quia
1237 1155 1382 1198 omnia
1411 1155 1527 1199 bona

137 1232 188 1266 tu
210 1221 377 1277 fecisti,
403 1231 447 1266 et
471 1237 642 1281 prorsus
674 1223 808 1266 nullae
836 1222 1090 1267 substantiae
1113 1232 1216 1267 sunt
1236 1239 1344 1283 quas
1369 1234 1415 1268 tu
1437 1240 1527 1269 non

137 1291 291 1336 fecisti.
322 1295 377 1336 Et
394 1293 604 1351 quoniam
625 1308 715 1337 non
737 1293 920 1352 aequalia
948 1293 1094 1337 omnia
1118 1292 1284 1348 fecisti,
1309 1295 1407 1339 ideo
1425 1305 1527 1340 sunt

139 1363 311 1420 omnia3
338 1362 441 1422 quia
473 1362 642 1421 singula
677 1363 793 1407 bona
821 1373 951 1421 sunt3
981 1373 1024 1407 et
1055 1364 1185 1408 simul
1218 1365 1362 1408 omnia
1400 1364 1527 1409 valde

141 1434 256 1478 bona
273 1468 284 1488 ,
308 1433 516 1493 quoniam
538 1432 642 1478 fecit
659 1437 774 1478 Deus
796 1444 943 1478 noster
963 1436 1108 1479 omnia
1125 1435 1240 1479 bona
1262 1435 1387 1480 valde
1403 1438 1434 1478 ¹.

140 1601 1525 1620 ww.mummmmwmmsmmmtmmmmxwmmmw„

639 1734 762 1783 CAP
773 1735 854 1783 UT
890 1737 1031 1782 Xlil.

425 1885 817 1947 Omnl‘asseondz'tcc
838 1885 1046 1933 laudant
1064 1889 1239 1934 Deam.

198 2045 319 2087 XIX.
346 2046 409 2088 ET
429 2043 510 2087 tibi
532 2045 711 2088 omnino
728 2059 818 2088 non
840 2053 903 2088 est
922 2044 1086 2089 malum
1104 2080 1115 2099 ‚
1141 2060 1231 2089 non
1253 2045 1393 2090 solum
1415 2047 1520 2102 tibi,

139 2115 215 2159 sed
237 2130 316 2159 nec
339 2116 549 2158 universae
574 2125 783 2159 creaturae
806 2125 894 2159 tuae
909 2151 920 2170 ‚
951 2116 1055 2175 quia
1093 2125 1211 2160 extra
1245 2132 1333 2160 non
1357 2127 1419 2162 est
1441 2118 1523 2162 ali-

141 2186 247 2246 quid
269 2186 389 2245 quod
405 2186 617 2245 irrumpat
638 2196 681 2230 et
697 2196 948 2245 corrumpat
969 2187 1166 2231 ordinem
1190 2203 1321 2247 quem
1344 2190 1522 2247 posuisti

140 2257 195 2300 ei.
219 2259 270 2299 In
287 2257 482 2315 partibus
499 2266 643 2300 autem
666 2258 756 2315 ejus
782 2256 1002 2317 quaedam,
1019 2257 1284 2316 quibusdam
1310 2258 1412 2316 quia
1433 2274 1524 2303 non

139 2327 434 2380 conveniunt,
470 2326 583 2370 mala
616 2336 832 2385 putantur
858 2345 867 2371 :
892 2335 936 2370 et
969 2327 1120 2370 eadem
1142 2327 1233 2385 ipsa
1256 2328 1524 2373 conveniunt

143 2399 234 2442 aliis
256 2407 297 2442 et
319 2398 433 2442 bona
460 2408 562 2442 sunt
579 2433 589 2453 ,
614 2407 658 2442 et
679 2398 725 2441 in
750 2398 988 2457 semetipsis
1022 2399 1137 2442 bona
1159 2407 1275 2442 sunt.
1301 2401 1357 2443 Et
1378 2399 1522 2444 omnia

145 2470 238 2513 haec
273 2484 370 2528 quae
398 2468 570 2523 sibimet
602 2468 785 2513 invicem
819 2483 908 2512 11011
928 2468 1217 2522 conveniunt,
1257 2469 1523 2514 conveniunt

201 2574 207 2588 ¹
229 2568 309 2599 Geni
334 2578 356 2607 1,
374 2570 406 2597 et
422 2565 517 2597 Eccli.
536 2576 644 2604 xxxix,
661 2574 716 2597 21.
