1871 3162
595 195 943 232 com-Essmmm,
978 195 1061 222 Lm.
1098 196 1177 224 ΧΠ.
1465 184 1544 224 331

174 276 349 306 omnem
383 259 619 305 volubilem
655 258 994 303 vicissitudinem
1030 267 1292 318 temporum.
1328 262 1414 304 Ista
1448 276 1552 305 vero

174 331 432 385 informitas,
451 339 564 374 terra
582 328 803 373 invisibilis
818 337 861 373 et
880 329 1180 388 incomposita,
1197 343 1277 372 nec
1293 330 1382 387 ipsa
1400 326 1446 372 in
1460 329 1553 373 die-

174 402 256 445 bus
284 409 508 445 numerata
532 408 609 443 est.
635 399 721 443 Ubi
743 399 858 442 enim
880 397 1001 443 nulla
1031 394 1214 458 sPecies,
1247 397 1392 442 nullus
1414 399 1521 443 ordo
1539 434 1550 454 ‚

172 487 253 516 nec
279 471 399 516 venit
431 468 697 530 quidquam,
734 484 815 514 nec
837 469 1029 529 praeterit
1056 488 1065 514 ι
1090 478 1133 513 et
1154 468 1233 512 ubi
1257 469 1341 513 hoc
1362 483 1451 512 non
1483 469 1549 524 fit,

173 557 263 586 non
285 550 387 587 sunt
407 541 560 601 utique
582 540 672 585 dies
690 575 701 596 ‚
736 555 817 585 nec
839 538 1087 585 vicissitudo
1120 540 1357 599 spatiorum
1380 548 1551 599 tempo-

174 611 344 656 ralium.

174 777 1518 796 mmmmmmmmmmmmwmmwuwvwmm
1522 778 1552 793 Ἃ

703 911 919 959 CAPUT
966 912 1026 957 X.

583 1068 631 1112 A
655 1066 761 1111 Deo
783 1067 913 1125 eupit
936 1064 1138 1111 edoceri.

229 1228 285 1269 X.
313 1226 349 1269 Ο
372 1225 539 1269 Veritas
568 1224 718 1268 lumen
740 1222 880 1268 cordis
904 1223 1015 1278 mei,
1040 1238 1130 1267 non
1151 1223 1344 1267 tenebrae
1365 1238 1473 1267 meae
1495 1223 1555 1268 lo-

172 1306 365 1358 quantur
382 1296 502 1340 mihi.
523 1296 693 1340 Dessuxi
711 1295 766 1339 ad
782 1295 877 1350 ista,
898 1303 941 1338 et
952 1295 1207 1339 obscuratus
1224 1310 1315 1339 sum
1331 1316 1341 1353 3
1359 1295 1436 1339 sed
1452 1295 1554 1340 hinc

174 1368 320 1422 etiam,
345 1366 448 1410 hinc
487 1365 681 1410 adamavi
702 1374 760 1410 te.
788 1365 962 1420 Erravi‚
993 1375 1037 1409 et
1073 1365 1324 1410 recordatus
1353 1381 1447 1410 sum
1473 1367 1550 1410 tui.

176 1437 336 1483 Audivi
351 1452 501 1482 vocem
519 1446 640 1481 tuam
656 1446 752 1496 post
762 1452 832 1480 me
845 1446 894 1480 ut
910 1436 1112 1492 redirem,
1130 1446 1173 1481 et
1188 1438 1256 1482 vix
1267 1436 1413 1481 audivi
1427 1452 1556 1496 prop-

176 1518 241 1553 ter
256 1507 470 1553 tumultus
490 1508 819 1567 impacatorum.
841 1509 898 1551 Et
912 1523 1029 1552 nunc
1045 1522 1144 1552 ecce
1161 1507 1291 1552 redeo
1308 1516 1494 1552 aestuans
1513 1517 1555 1552 et

174 1578 383 1623 anhelans
405 1577 460 1622 ad
481 1578 649 1622 fontem
670 1586 813 1622 tuum.
835 1580 971 1623 Nemo
991 1593 1060 1622 me
1079 1578 1331 1638 prohibeat,
1350 1579 1469 1623 hunc
1485 1578 1554 1622 bi-

175 1650 278 1693 bam
300 1657 344 1693 et
367 1648 469 1693 hinc
486 1649 644 1693 vivam.
665 1650 863 1708 Non-ego
879 1648 967 1693 vita
999 1663 1094 1693 mea
1121 1648 1225 1707 sim3
1264 1649 1376 1693 male
1402 1648 1488 1693 vixi
1505 1664 1555 1693 ex
1586 1651 1593 1712 J

173 1734 244 1763 mc
259 1754 271 1774 ,
307 1733 422 1764 mors
439 1719 546 1762 mihi
569 1718 633 1763 fui
650 1739 661 1777 3
680 1719 727 1763 in
748 1728 791 1763 te
808 1719 1030 1765 revivisco.
1058 1722 1124 1764 Tu
1144 1735 1215 1764 me
1239 1719 1482 1780 alloquere,
1505 1729 1555 1764 tu
1585 1714 1588 1765 {

172 1790 281 1834 mihi
296 1791 598 1836 sermocinare.
638 1789 815 1837 Credidi
836 1791 978 1836 Libris
1004 1792 1088 1836 tuis
1107 1827 1118 1847 ‚
1155 1801 1199 1837 et
1238 1791 1370 1836 verba
1403 1806 1553 1836 eorum

173 1862 327 1906 arcana
350 1861 491 1907 valde.
