1871 3162
585 221 956 259 soumqmomm,
990 222 1074 249 nn.
1110 224 1158 249 11.
1476 214 1557 255 451

185 285 352 345 lignum
373 287 453 341 sit,
478 295 522 330 et
542 299 693 331 verum
721 286 888 344 lignum
915 301 1007 331 non
1027 286 1097 330 sit.
1122 288 1175 330 A.
1198 288 1314 345 Ergo
1336 287 1449 334 illud
1470 291 1569 338 dico

184 366 228 401 et
243 358 302 402 sic
318 356 480 402 definio
495 391 507 412 ‚
529 371 611 401 nec
632 371 783 402 vereor
804 372 860 401 ne
874 356 1070 402 definitio
1092 371 1191 401 mea
1207 357 1265 401 ob
1294 359 1378 404 hoc
1399 360 1566 420 impro-

183 427 314 471 betur
329 462 340 482 ‚
365 427 486 487 quod
505 428 633 471 nimis
667 427 810 472 brevis
845 437 924 472 est.
949 430 1059 474 Nam
1081 442 1235 473 verum
1260 429 1365 473 mihi
1397 431 1570 477 videtur

184 511 273 540 esse
288 497 334 540 id
355 495 476 556 quod
498 506 576 541 est.
603 499 657 541 R.
673 497 793 543 Nihil
807 512 910 557 ergo
927 499 1008 542 erit
1029 497 1184 542 falsum
1197 532 1209 554 ‚
1229 498 1333 558 quia
1353 500 1570 561 quidquid

184 575 248 611 est
268 582 420 611 verum
443 575 521 610 est.
549 570 600 611 A.
623 570 675 612 In
693 582 868 627 magnas
884 568 1104 627 angustias
1126 583 1198 612 me
1219 568 1464 628 conjecisti,
1489 587 1569 616 nec

183 636 359 680 invenio
380 651 555 695 prorsus
576 637 684 698 quid
714 637 1015 698 respondeam.
1036 641 1102 682 Ita
1132 639 1208 694 fit,
1233 648 1284 683 ut
1310 654 1410 685 eum
1445 639 1566 686 aliter

183 705 330 751 doceri
349 708 485 752 nolim
507 724 641 768 quam
663 709 753 754 istis
766 709 1181 768 interrogationibus
1199 744 1211 767 ‚
1235 725 1383 757 verear
1399 713 1491 772 jam
1507 721 1572 758 ta-

182 792 284 822 men
302 778 577 837 interrogari.

182 957 936 977 WMMMMMMWMMMMMMMM

700 1091 916 1140 CAPUT
953 1093 1039 1139 VI.

594 1309 952 1372 Undefalsztas
963 1348 977 1367 ,
1005 1320 1049 1356 et
1072 1311 1167 1358 abz.

239 1471 317 1514 IX.
339 1472 394 1514 R.
415 1472 546 1525 Deus,
567 1470 638 1514 eui
657 1486 735 1514 nos
753 1471 1169 1527 commisimus‚sine
1187 1472 1463 1520 dubitatione
1484 1476 1569 1522 fert

184 1555 333 1600 opem⁷
360 1549 404 1583 et
436 1539 490 1584 de
512 1539 578 1584 his
599 1541 808 1599 angustiis
837 1540 995 1585 liberat
1023 1557 1127 1598 nos,
1156 1543 1290 1588 modo
1318 1545 1569 1605 credamus,

182 1620 224 1655 et
243 1627 342 1654 eum
365 1625 564 1668 rogemus
582 1610 873 1656 devotissime.
899 1615 952 1656 A.
978 1612 1096 1658 Nihil
1118 1613 1247 1672 plane
1264 1614 1474 1661 libentius
1489 1619 1573 1664 hoc

182 1681 280 1726 loeo
313 1680 517 1736 fecerim,
551 1697 650 1725 nam
683 1697 901 1742 nusquam
935 1692 1103 1727 tantam
1136 1683 1367 1744 caliginem
1395 1690 1571 1746 pertuli.

182 1755 297 1796 Deus
313 1760 436 1811 pater
452 1761 615 1805 noster,
634 1752 711 1811 qui
726 1761 775 1795 ut
792 1766 965 1796 oremus
979 1753 1182 1808 hortaris,
1201 1755 1277 1813 qui
1292 1765 1336 1799 et
1352 1757 1436 1801 hoc
1453 1761 1575 1818 quod

181 1822 343 1881 rogaris
366 1831 557 1881 praestas.
587 1822 813 1882 Siquidem
831 1837 932 1866 cum
954 1831 997 1867 te
1018 1838 1219 1882 rogamus
1239 1859 1250 1880 ‚
1284 1825 1437 1872 melius
1460 1830 1573 1875 vivi-

183 1910 280 1938 mus
297 1929 309 1948 ,
344 1893 633 1954 melioresque
654 1909 804 1937 sumus
826 1913 835 1938 ε
862 1893 1019 1938 exaudi
1040 1910 1111 1938 me
1134 1895 1421 1955 palpitantem
1445 1900 1492 1944 in
1508 1902 1574 1947 his

185 1964 398 2019 tenebris,
419 1974 461 2009 et
482 1965 590 2009 mihi
607 1965 828 2010 dexteram
846 1966 1033 2025 porrige.
1057 1968 1284 2011 Praetende
1300 1969 1407 2013 mihi
1423 1970 1575 2018 lumen

185 2045 330 2091 tuum,
350 2050 505 2081 revoca
518 2051 589 2080 me
604 2035 659 2080 ab
676 2036 893 2081 erroribus
908 2056 919 2093 3
943 2045 986 2080 te
999 2036 1172 2081 ducein
1190 2053 1259 2082 me
1274 2038 1449 2085 redeam
1465 2052 1509 2087 et
1530 2045 1575 2089 in

186 2114 243 2149 te.
268 2108 425 2149 Amen.
453 2108 507 2149 R.
535 2106 616 2150 Hie
645 2116 736 2151 esto
757 2115 974 2166 quantum
1002 2116 1124 2166 potes
1141 2143 1153 2162 ,
1183 2117 1226 2152 et
1248 2109 1573 2168 vigilantissime

187 2175 378 2221 attende.
406 2179 458 2221 A.
480 2177 575 2232 Die,
596 2193 760 2238 quaeso,
801 2179 835 2222 si
868 2178 973 2239 quid
998 2178 1078 2222 tibi
1112 2190 1360 2239 suggestum
1395 2194 1486 2240 est,
1516 2202 1573 2231 ne

187 2261 429 2307 pereamus.
463 2250 517 2291 R.
560 2248 640 2292 Hic
669 2258 777 2293 esto.
813 2252 867 2294 A.
907 2251 1021 2294 Ecce
1053 2250 1188 2296 habes
1217 2267 1288 2296 me
1320 2253 1432 2298 nihil
1453 2255 1573 2301 aliud

190 2325 406 2376 agentem.

248 2389 306 2430 X.
332 2390 388 2432 R.
411 2387 534 2432 Prius
556 2387 662 2448 quid
683 2389 737 2433 sit
759 2387 940 2445 falsum,
964 2390 1095 2435 etiam
1115 2399 1247 2451 atque
1268 2393 1399 2438 etiam
1427 2397 1572 2442 venti-

191 2458 347 2503 lemus.
369 2461 422 2504 A.
447 2460 581 2504 Miror
602 2460 635 2504 si
654 2461 895 2521 quidquam
918 2460 1038 2506 aliud
1057 2463 1158 2518 erit,
1183 2479 1314 2524 quam
1336 2465 1459 2526 quod
1479 2483 1569 2513 non

191 2529 250 2574 ita
273 2539 337 2574 est
353 2538 402 2574 ut
424 2529 613 2575 videtur.
630 2533 683 2576 R.
702 2531 890 2576 Attende
906 2532 1074 2592 potius,
1099 2542 1143 2578 et
1157 2534 1271 2594 ipsos
1288 2550 1436 2583 sensus
1456 2539 1573 2597 prius
