1871 3162
257 211 340 251 422
687 223 721 251 s.
757 225 987 254 Aueuswnu
1018 226 1198 255 :nuscum

256 396 862 414 mmmm-mmmmmmmmm

1565 399 1636 417 Μ

759 517 978 566 CAPUT
1034 520 1119 566 IV·

687 673 835 718 Certa
860 675 1064 719 scientia
1085 688 1206 733 quoe.

312 821 391 862 IX.
420 819 503 863 San
525 818 631 878 quid
650 817 705 863 ad
725 834 803 863 nos
824 839 832 864 :
854 822 979 866 Nunc
1000 819 1111 864 illud
1133 819 1372 879 responde:
1401 819 1443 864 Si
1466 833 1515 863 ea
1536 834 1634 879 quae

250 886 304 931 de
324 891 414 931 Deo
437 887 639 932 dixerunt
664 887 786 932 Plato
805 897 847 933 et
872 889 1070 933 Plotinus
1087 905 1188 933 vera
1210 899 1312 933 sunt
1329 924 1339 944 ,
1360 889 1536 933 satis-ne
1554 889 1634 932 tibi

249 967 312 1002 est
335 959 391 1002 ita
418 961 556 1001 Deum
580 959 686 1002 scire
708 967 757 1002 ut
779 958 840 1001 illi
864 959 1094 1002 sciebant?
1116 961 1166 1002 A.
1189 961 1287 1003 Non
1304 959 1514 1002 continuo
1535 959 1567 1001 si
1587 973 1636 1001 ea

250 1043 350 1087 quae
370 1027 572 1071 dixerunt
589 1063 599 1081 ,
624 1042 724 1071 vera
746 1037 847 1071 sunt
871 1028 999 1071 etiam
1022 1028 1148 1072 scisse
1171 1027 1267 1071 illos
1290 1042 1340 1070 ea
1362 1042 1533 1071 necesse
1554 1036 1632 1070 est.

248 1100 359 1143 Nam
384 1097 510 1142 multi
532 1100 703 1157 copiose
724 1098 875 1142 dicunt
893 1114 992 1158 quae
1010 1099 1224 1152 nesciunt,
1251 1107 1301 1141 ut
1323 1112 1403 1154 ego
1423 1097 1514 1156 ipse
1537 1112 1636 1141 om-

248 1169 320 1212 nia
340 1184 438 1228 quae
461 1169 605 1223 oravi,
635 1183 705 1212 me
727 1167 814 1211 dixi
837 1168 943 1212 scire
965 1184 1147 1227 cupere,
1175 1167 1294 1228 quod
1318 1183 1407 1211 non
1430 1182 1636 1226 cuperem

248 1238 281 1281 si
294 1239 385 1298 jam
400 1239 553 1283 scirem
574 1258 582 1283 :
608 1253 715 1282 num
731 1239 865 1296 igitur
884 1253 935 1282 eo
953 1239 1097 1281 minus
1115 1237 1190 1281 illa
1206 1237 1349 1281 dicere
1371 1237 1527 1296 potui?
1542 1237 1636 1280 Dixi

248 1309 362 1351 enim
397 1323 487 1351 non
520 1324 619 1367 quae
641 1307 868 1352 intellectu
905 1306 1251 1367 comprehendi,
1277 1306 1353 1351 sed
1371 1323 1469 1366 quae
1491 1305 1635 1350 unde-

247 1393 438 1437 cumque
461 1377 641 1422 collecta
664 1378 886 1421 memoriae
906 1378 1108 1422 mandavi
1125 1413 1135 1432 ,
1152 1387 1194 1420 et
1214 1378 1373 1436 quibus
1395 1390 1637 1420 accommo-

246 1448 346 1491 davi
367 1456 575 1506 quantam
595 1447 717 1506 potui
738 1447 870 1490 fidem
892 1466 900 1491 ε
922 1447 1029 1491 scire
1047 1459 1187 1490 autem
1211 1445 1331 1490 aliud
1353 1455 1429 1489 est.
1456 1449 1510 1490 R.
1537 1445 1630 1499 Dic,

245 1531 416 1575 quaeso,
443 1518 603 1558 scis-ne
625 1517 775 1558 saltem
816 1518 861 1559 in
885 1517 1144 1573 geometrica
1176 1514 1424 1574 disciplina,
1451 1513 1560 1573 quid
1582 1515 1636 1557 sit

244 1585 387 1628 linea?
406 1588 456 1628 Α.
486 1584 608 1627 Istud
634 1584 763 1642 plane
786 1586 886 1628 scio.
916 1588 967 1627 R.
994 1587 1082 1629 Nec
1104 1587 1148 1628 in
1170 1586 1250 1628 ista
1268 1584 1532 1643 professione
1554 1600 1632 1628 ve-

244 1656 347 1698 reris
382 1653 693 1698 Academicos?
725 1657 777 1696 Α.
812 1657 909 1697 Non
940 1654 1134 1698 omnino.
1178 1654 1246 1697 Illi
1279 1654 1394 1697 enim
1417 1654 1635 1712 sapienter

244 1739 385 1768 errare
418 1723 689 1766 noluerunt:
717 1738 797 1781 ego
832 1732 978 1766 autem
1014 1723 1183 1781 sapiens
1204 1739 1294 1767 non
1332 1738 1442 1767 sum.
1479 1725 1633 1782 Itaque

245 1794 388 1837 adhuc
410 1808 498 1836 non
519 1808 670 1836 vereor
688 1807 838 1836 earum
856 1807 1002 1836 rerum
1025 1808 1132 1852 quas
1152 1793 1254 1836 novi
1277 1793 1506 1836 scientiam
1528 1807 1632 1851 pro-

245 1864 370 1908 fiteri.
412 1863 537 1915 Quod
567 1863 620 1916 si,
661 1872 710 1906 ut
743 1863 896 1920 cupio,
924 1877 1162 1921 pervenero
1185 1861 1240 1906 ad
1262 1863 1542 1922 sapientiam,
1568 1863 1633 1906 fa-

245 1935 354 1978 ciam
377 1933 497 1993 quod
515 1932 588 1975 issa
607 1933 840 1977 monuerit.
867 1936 921 1975 R.
943 1933 1058 1977 Nihil
1078 1949 1214 1977 renuo
1235 1953 1242 1976 :
1270 1932 1345 1976 sed
1367 1942 1417 1976 ut
1438 1948 1633 1992 quaerere

246 2018 464 2062 coeperam
483 2036 493 2055 ‚
524 2002 583 2045 ita
613 2010 662 2044 ut
701 2001 862 2045 lineam
892 2003 1032 2055 nosti,
1058 2003 1170 2046 nosti
1193 2002 1323 2046 etiam
1347 2002 1478 2060 pilam
1501 2016 1631 2060 quam

246 2074 458 2132 sphaeram
481 2072 746 2115 nominant?
773 2075 825 2115 A.
846 2072 971 2116 Novi.
995 2075 1048 2114 R.
1074 2074 1217 2130 AEque
1236 2080 1473 2129 utrumque
1496 2072 1628 2125 nosti,

247 2159 302 2187 an
325 2142 443 2186 aliud
464 2142 547 2185 alio
570 2142 704 2198 magis
727 2150 802 2184 aut
825 2141 995 2183 minus?
1011 2143 1064 2183 Α.
1080 2142 1223 2199 AEque
1241 2155 1428 2198 prorsus.
1455 2142 1564 2183 Nam
1586 2141 1632 2183 in

247 2221 435 2272 utroque
452 2210 560 2254 nihil
581 2210 724 2253 fallor.
740 2213 792 2253 R.
816 2209 935 2262 Quid
956 2209 1064 2262 haec,
1087 2209 1359 2252 sensibus-ne
1384 2209 1626 2267 percepisti,

249 2298 303 2326 an
324 2281 581 2325 intellectu?
604 2283 654 2323 A.
686 2283 779 2323 lmo
801 2294 948 2322 sensus
971 2279 1015 2321 in
1039 2279 1122 2321 hoc
1145 2278 1321 2336 negotio
1343 2279 1465 2336 quasi
1487 2279 1630 2322 navim

249 2366 342 2394 sum
361 2359 575 2409 expertus.
599 2353 707 2394 Nam
733 2363 832 2392 cum
853 2348 933 2406 ipsi
956 2363 1025 2390 me
1043 2348 1097 2390 ad
1115 2346 1262 2390 locum
1284 2362 1373 2405 quo
1394 2347 1626 2390 tendebam

249 2421 541 2479 pervexerint,
565 2420 643 2464 ubi
665 2434 736 2462 eos
756 2418 920 2472 dimisi,
951 2419 1094 2476 etjam
1117 2416 1234 2460 velut
1261 2417 1304 2459 in
1327 2416 1415 2460 salo
1438 2417 1622 2474 positus,

249 2490 361 2548 coepi
397 2489 653 2545 cogitatione
685 2488 764 2532 ista
787 2486 982 2540 volvere,
1019 2485 1095 2529 diu
1127 2485 1231 2528 mihi
1261 2486 1436 2542 vestigia
1457 2486 1621 2528 tituba-
