1871 3162
559 223 907 261 conrmsmnmu,
941 223 1024 250 us.
1059 221 1135 248 ΧΠ.
1438 208 1521 249 347

149 304 326 350 samque
356 290 558 347 abyssum
590 289 854 342 nominavit,
895 287 949 331 de
979 302 1065 346 qua
1095 284 1259 329 coelum
1287 293 1330 329 et
1368 294 1525 330 terram

150 364 289 406 Deum
320 359 470 404 fecisse
489 357 747 418 praedixerat
763 393 775 413 ‚
802 357 1126 418 spiritalemque
1156 354 1343 409 scilicet,
1368 370 1525 414 corpo-

151 430 371 490 ralemque
392 437 647 473 creaturam.
672 427 803 473 Aliud
825 428 902 488 qui
924 427 1028 472 dicit
1055 446 1065 472 ι
1086 428 1253 470 «Terra
1274 433 1420 469 autem
1436 434 1528 469 erat

151 519 171 542 »
206 498 430 545 invisibilis
441 507 484 543 et
504 498 805 557 incomposita,
825 507 867 542 et
889 497 1082 542 tenebrae
1103 503 1226 540 erant
1247 509 1378 554 super
1395 495 1527 552 abys-

152 589 172 612 »
206 585 331 628 sum3
357 588 377 611 »
406 569 452 613 id
469 578 556 624 est,
582 568 830 613 Informitas
859 567 1061 628 quaedam
1084 567 1175 626 jam
1196 565 1394 610 materies
1417 573 1523 620 erat,

148 640 266 685 unde
303 638 465 684 coelum
502 648 545 682 et
588 648 745 682 terram
781 641 920 682 Deum
963 637 1113 681 fecisse
1152 636 1372 695 Scriptura
1413 650 1529 694 prae-

149 710 283 769 dixit3
320 719 454 755 totam
477 709 639 754 scilicet
660 724 908 769 corpoream
943 708 1098 752 mundi
1130 707 1318 761 molem,
1343 707 1388 750 in
1425 705 1532 750 duas

155 780 361 825 maximas
373 789 530 840 partes,
545 780 809 839 superiorem
826 788 956 839 atque
973 777 1221 822 inferiorem
1235 776 1527 831 distributam,

148 867 251 897 cum
269 851 472 897 omnibus
494 866 593 911 quae
613 851 658 895 in
679 850 738 895 eis
759 859 861 894 sunt
889 849 1054 894 usitatis
1082 847 1284 908 notisque
1305 848 1525 892 creaturis.

147 1017 1518 1039 mmlmmmmmtwummmmmwwmmmm

645 1156 859 1203 CAPUT
896 1156 1059 1202 XXII.

150 1330 354 1392 Aliquid
379 1347 479 1377 esse
507 1348 540 1376 a
566 1330 675 1376 Deo
703 1329 968 1386 conditum,
1003 1328 1062 1374 de
1100 1344 1192 1389 quo
1230 1327 1371 1374 sileat
1414 1326 1535 1373 liber

506 1399 727 1457 Genesis,
760 1398 883 1445 nihil
922 1409 1174 1461 repugnat.

204 1564 369 1606 XXXI.
394 1564 497 1608 CUM
520 1563 635 1606 enim
652 1563 824 1606 duabus
846 1562 929 1606 illis
950 1561 1148 1606 extremis
1165 1560 1388 1604 sententiis
1403 1560 1530 1604 resis-

144 1643 235 1678 tere
255 1635 484 1692 quisquam
507 1634 564 1678 ita
588 1633 818 1678 tentaverit
839 1652 848 1678 ε
871 1633 913 1678 Si
938 1648 1028 1677 non
1045 1631 1176 1677 vultis
1200 1633 1313 1676 hanc
1330 1630 1530 1675 informi-

146 1713 275 1747 tatem
296 1703 487 1748 materiae
514 1702 616 1747 coeli
640 1713 683 1748 et
704 1712 830 1747 terrae
862 1704 1040 1747 nomine
1078 1701 1339 1762 appellatam
1360 1701 1527 1758 videri3

143 1783 234 1817 erat
250 1789 353 1832 ergo
376 1773 542 1833 aliquid
555 1773 676 1833 quod
697 1789 786 1818 non
808 1773 969 1817 fecerat
999 1776 1111 1816 Deus
1129 1807 1140 1827 ‚
1165 1773 1282 1816 unde
1303 1770 1467 1816 coelum
1487 1780 1528 1815 et
1572 1786 1587 1801 s

142 1854 302 1888 terram
319 1842 479 1888 faceret
498 1864 509 1900 3
528 1859 671 1903 neque
688 1844 801 1887 enim
819 1844 1039 1902 Scriptura
1057 1842 1247 1887 narravit
1264 1840 1384 1901 qnod
1402 1842 1527 1884 istam

141 1914 363 1958 materiem
377 1916 492 1957 Deus
505 1913 673 1968 fecerit,
691 1914 772 1957 nisi
788 1913 1078 1971 intelligamus
1090 1928 1185 1958 eam
1202 1911 1302 1958 coeli
1319 1921 1363 1956 et
1376 1921 1520 1965 terrae,

142 1994 218 2029 aut
237 1983 369 2029 solius
382 1993 508 2028 terrae
524 1984 741 2028 vocabulo
762 1983 1044 2041 significatam
1062 2000 1162 2029 cum
1181 1983 1400 2028 diceretur
1416 2001 1425 2028 :
1441 2000 1460 2024 «
1477 1985 1529 2025 In

125 2048 164 2096 ⁶»
201 2054 414 2114 principio
448 2053 551 2098 fecit
574 2057 686 2098 Deus
720 2053 883 2098 coelum
912 2064 956 2098 et
988 2063 1175 2111 terram3
1210 2072 1230 2095 »
1268 2062 1317 2098 ut
1337 2053 1384 2097 id
1408 2053 1526 2112 quod

140 2126 358 2186 sequitur,
382 2144 403 2167 «
426 2128 554 2169 Terra
577 2134 722 2169 autem
746 2134 837 2169 erat
853 2125 1080 2169 invisibilis
1102 2135 1145 2170 et
1166 2124 1453 2183 incomposita
1468 2158 1480 2178 ,
1503 2141 1523 2163 »

141 2195 337 2255 quamvis
357 2193 587 2239 informem
613 2196 834 2239 materiam
859 2195 917 2239 sic
938 2195 1150 2254 placuerit
1172 2194 1412 2254 appellare,
1438 2208 1526 2238 non

141 2275 288 2309 tamen
309 2264 601 2324 intelligamus
623 2266 703 2309 nisi
726 2281 818 2309 eam
843 2281 973 2325 quam
999 2265 1102 2309 fecit
1124 2269 1237 2312 Deus
1260 2266 1306 2308 in
1335 2280 1386 2309 eo
1407 2263 1525 2323 quod

138 2336 440 2395 praescriptum
463 2345 526 2380 est
551 2355 560 2379 2
589 2355 609 2377 «
636 2335 757 2379 Fecit
783 2338 896 2379 Deus
918 2335 1078 2379 coelum
1100 2345 1141 2378 et
1166 2345 1336 2378 terram.
1376 2353 1395 2374 »
1417 2337 1526 2377 Res-

139 2406 398 2466 pondebunt
419 2416 646 2450 assertores
673 2406 861 2450 duarum
878 2406 1058 2450 istarum
1081 2406 1393 2450 sententiarum
1416 2421 1525 2465 quas

140 2485 349 2521 extremas
364 2477 599 2535 posuimus,
620 2485 695 2520 aut
716 2475 852 2531 illius,
874 2485 949 2520 aut
971 2475 1086 2520 illius
1103 2511 1114 2530 ‚
1139 2490 1241 2520 cum
1261 2476 1354 2519 haec
1379 2474 1526 2519 audie-

140 2547 245 2602 rint,
275 2558 317 2591 et
350 2548 495 2592 dicent
522 2568 530 2592 ι
559 2548 795 2593 Informem
818 2546 996 2607 quidem
1030 2548 1155 2592 istam
1178 2548 1403 2592 materiam
1435 2562 1522 2590 non
