1871 3162
677 253 1026 294 cournssmmnu,
1059 256 1142 284 un.
1176 258 1272 285 vm.
1553 248 1634 289 187

266 322 473 383 placitum
493 331 536 367 et
551 331 727 382 pactum
751 332 896 367 tecum
913 357 924 377 ‚
944 325 1058 366 Deus
1080 337 1222 378 meus,
1246 321 1292 366 in
1307 323 1427 382 quod
1442 324 1636 370 eundum

263 408 352 436 esse
384 393 527 437 omnia
555 408 648 437 ossa
676 408 773 437 mea
794 392 1070 448 clamabant,
1098 402 1142 437 et
1167 394 1214 437 in
1245 392 1407 438 coelum
1424 393 1637 439 tollebant

261 462 464 506 laudibus
483 497 493 517 ‚
515 471 558 506 et
574 478 663 506 non
683 462 788 506 illuc
805 462 951 506 ibatur
972 464 1178 519 navibus,
1203 472 1278 508 aut
1299 461 1536 522 quadrigis,
1562 473 1637 507 aut

261 532 446 590 pedibus
463 567 474 587 ‚
496 541 709 591 quantum
728 531 880 576 saltem
903 532 958 576 de
980 531 1111 578 domo
1125 534 1170 576 in
1187 548 1286 576 eum
1303 532 1450 577 locum
1473 533 1607 576 ieram
1622 568 1634 588 ,

260 602 338 645 ubi
371 601 642 646 sedebamus.
680 604 790 647 Nam
823 617 912 646 non
946 601 1086 647 solum
1111 604 1194 658 ire,
1214 618 1365 647 verum
1386 603 1516 646 etiam
1536 618 1637 662 per-

257 672 407 715 venire
436 671 562 726 illuc,
603 671 714 715 nihil
747 681 837 716 erat
871 671 991 716 aliud
1013 688 1145 732 quam
1176 671 1287 717 velle
1321 672 1406 727 ire,
1431 672 1506 716 sed
1527 672 1637 717 velle

258 740 427 785 fortiter
443 749 486 784 et
506 740 696 799 integre3
716 756 805 785 non
820 742 1115 786 semisauciam
1130 742 1212 787 hac
1229 751 1359 802 atque
1373 743 1454 787 hac
1469 757 1637 787 versare

257 818 300 853 et
330 812 492 869 jactare
514 809 784 854 voluntatem
802 846 812 865 ‚
851 821 975 870 parte
1011 821 1256 870 assurgente
1277 827 1379 856 cum
1413 811 1495 856 alia
1517 821 1638 871 parte

256 878 437 923 cadente
459 878 712 924 luctantem.

313 950 412 992 XX.
433 947 629 1008 Denique
646 958 734 993 tam
747 949 885 993 multa
902 949 1115 993 faciebam
1129 964 1310 1008 corpore
1324 949 1369 992 in
1386 950 1485 1008 ipsis
1501 964 1638 993 cunc-

255 1019 428 1063 tationis
457 1019 653 1073 aesfibus,
679 1034 778 1077 quae
801 1017 1036 1077 aliquando
1057 1017 1212 1062 volunt
1232 1019 1428 1063 homines
1442 1053 1454 1072 ,
1484 1027 1527 1062 et
1545 1034 1636 1063 non

254 1087 425 1142 valent,
449 1088 482 1132 si
502 1098 576 1132 aut
596 1089 684 1148 ipsa
708 1088 901 1131 membra
922 1103 1011 1132 non
1031 1088 1222 1132 habeant
1239 1123 1249 1143 ,
1275 1097 1348 1132 aut
1371 1103 1419 1131 ea
1451 1087 1520 1132 vel
1542 1089 1635 1133 col-

253 1158 385 1217 ligata
405 1158 609 1214 vinculis,
634 1158 705 1203 vel
731 1158 918 1203 resoluta
950 1158 1160 1218 languore
1176 1194 1186 1213 ‚
1209 1158 1279 1203 vel
1300 1174 1480 1219 quoquo
1503 1159 1635 1205 modo

254 1229 460 1288 impedita
481 1229 580 1273 sint.
605 1229 647 1274 Si
682 1228 794 1272 vulsi
817 1228 1022 1288 capillum
1038 1264 1048 1283 ‚
1077 1230 1110 1272 si
1141 1231 1328 1288 percussi
1352 1229 1539 1273 frontem
1558 1264 1568 1284 ‚
1602 1232 1635 1274 si

253 1300 458 1343 consertis
470 1298 612 1357 digitis
627 1298 893 1358 amplexatus
908 1314 1001 1342 sum
1019 1314 1156 1357 genu3
1171 1299 1273 1357 quia
1287 1298 1422 1353 volui,
1438 1297 1538 1343 feci.
1554 1302 1635 1344 Po·

253 1371 316 1414 tui
330 1379 474 1414 autem
491 1369 603 1414 velle
618 1379 660 1414 et
673 1385 761 1414 non
774 1368 931 1424 facere,
948 1369 982 1413 si
996 1368 1211 1413 mobilitas
1228 1369 1526 1413 membrorum
1544 1385 1633 1414 non

250 1439 576 1500 obsequeretur.
600 1442 705 1482 Tam
722 1439 859 1483 multa
877 1455 979 1498 ergo
996 1438 1096 1493 feci,
1123 1439 1199 1482 ubi
1213 1454 1300 1483 non
1315 1439 1400 1483 hoc
1414 1447 1504 1483 erat
1521 1439 1633 1483 velle

249 1508 369 1570 quod
399 1524 523 1568 posse
552 1528 560 1552 :
597 1517 639 1553 et
676 1523 766 1553 non
797 1507 1034 1563 faciebam,
1072 1509 1193 1568 quod
1223 1517 1267 1552 et
1302 1508 1633 1568 incomparabili

250 1581 411 1624 affectu
429 1579 613 1639 amplius
630 1579 734 1622 mihi
754 1578 954 1637 placebat
969 1614 980 1633 ‚
1001 1587 1044 1621 et
1065 1593 1165 1622 mox
1183 1587 1233 1621 ut
1254 1579 1411 1622 vellem
1432 1593 1600 1637 possem
1619 1614 1629 1634 ,

249 1651 351 1709 quia
371 1664 471 1693 mox
492 1657 541 1693 ut
559 1648 716 1693 vellem
752 1648 906 1708 utique
925 1647 1097 1692 vellem.
1123 1647 1192 1691 Ibi
1225 1648 1341 1691 enim
1375 1646 1556 1692 facultas
1583 1664 1633 1694 ea

249 1735 348 1779 quae
367 1718 584 1774 voluntas,
603 1728 646 1763 et
659 1719 802 1777 ipsum
815 1717 926 1762 velle
937 1719 1028 1778 jam
1043 1716 1186 1762 facere
1202 1727 1309 1773 erat,
1325 1726 1367 1761 et
1380 1726 1524 1762 tamen
1543 1734 1632 1763 non

249 1789 378 1833 fiebat
410 1808 419 1834 :
442 1788 701 1848 faciliusque
723 1788 1054 1847 obtemperabat
1075 1803 1232 1847 corpus
1261 1788 1524 1832 tenuissimae
1552 1803 1631 1832 vo-

248 1859 407 1903 luntati
430 1859 584 1902 animae
599 1894 611 1914 ,
629 1868 678 1903 ut
695 1857 750 1902 ad
769 1867 926 1902 nutum
948 1859 1104 1904 mentis
1118 1860 1315 1904 membra
1336 1868 1629 1914 moverentur,

248 1943 381 1988 quam
401 1929 492 1987 ipsa
509 1928 589 1972 sibi
606 1928 747 1972 anima
768 1927 824 1972 ad
836 1928 1103 1973 voluntatem
1119 1940 1242 1973 suam
1258 1943 1461 1987 magnam
1482 1929 1526 1972 in
1543 1928 1632 1973 sola

247 1998 473 2042 voluntate
495 1998 821 2057 perficiendam.
