1871 3162
583 252 950 289 soLILoQUIORUM,
991 253 1071 278 Lis.
1110 254 1156 278 ιι.
1473 240 1555 279 465

181 326 361 360 mortem
389 318 429 360 in
451 332 495 361 se
516 317 742 362 admittere
764 331 853 360 non
874 331 1010 375 posse.
1038 316 1239 369 Quamvis
1267 318 1382 360 enim
1409 318 1557 361 lumen

179 388 636 447 quocumqueoeintrare
659 388 864 448 potuerit,
889 387 1020 432 saciat
1041 387 1084 431 id
1108 386 1251 430 lucere
1273 388 1558 448 tenebrasque

179 459 223 501 in
251 474 295 502 se
324 469 500 518 propter
528 459 851 504 memorabilem
884 458 1001 503 illam
1024 459 1112 503 vim
1135 458 1450 502 contrariorum
1472 476 1559 504 non

180 528 310 586 possit
324 528 568 583 admittere,
589 538 736 573 tamen
753 528 1034 586 extinguitur,
1058 526 1269 586 locusque
1285 526 1358 570 ille
1375 529 1564 573 extincto

178 597 341 641 lumine
363 598 631 642 tenebratur.
655 602 719 642 Ita
739 598 848 642 illud
872 599 992 658 quod
1014 597 1204 641 tenebris
1228 596 1468 652 resistebat,
1489 614 1565 642 ne-

177 682 263 726 que
280 666 371 711 ullo
390 667 521 712 modo
537 669 582 711 in
598 683 642 712 se
661 668 861 712 tenebras
878 667 1065 722 admisit,
1087 676 1131 711 et
1151 668 1210 712 sic
1229 668 1286 711 eis
1305 668 1565 712 intereundo

176 737 320 782 locum
345 738 461 793 feeit,
488 748 536 783 ut
557 748 726 798 poterat
747 739 877 783 etiam
892 738 1171 783 discedendo.
1191 742 1345 799 Itaque
1362 741 1494 783 timeo
1512 755 1566 784 ne
1610 780 1620 791 ⁴

177 823 291 851 mors
323 809 380 852 ita
415 809 638 867 contingat
668 809 854 868 corpori,
893 817 942 852 ut
972 809 1163 852 tenebrae
1191 808 1303 863 loco,
1331 808 1565 869 aliquando

175 876 422 921 discedente
439 879 584 923 animo
606 888 656 922 ut
676 878 858 933 lumine,
884 878 1128 938 aliquando⁴
1143 887 1287 922 autem
1307 878 1467 922 ibidem
1491 895 1565 922 ex-

179 948 313 992 tincto
333 968 340 991 :
375 958 422 992 ut
441 950 530 1007 jam
553 964 642 993 non
660 948 714 992 de
738 950 856 993 omni
886 959 1025 992 morte
1042 950 1232 1008 corporis
1255 950 1461 993 securitas
1483 951 1564 1004 sit,

177 1018 250 1061 sed
283 1017 461 1078 aliquod
493 1034 626 1077 genus
656 1020 804 1064 mortis
838 1020 889 1063 sit
923 1019 1181 1078 optandum,
1217 1036 1306 1079 quo
1335 1020 1479 1064 anima
1513 1036 1565 1063 ex

175 1103 353 1147 corpore
373 1088 602 1133 incolumis
624 1089 850 1144 educatur,
879 1089 1231 1150 perducaturque
1254 1089 1309 1134 ad
1327 1090 1473 1134 locum
1501 1091 1562 1147 (si

175 1167 237 1202 est
252 1158 367 1202 ullus
385 1159 477 1202 talis
493 1159 633 1205 locus)
656 1160 731 1203 ubi
747 1175 835 1203 non
851 1162 984 1218 possit
1008 1161 1218 1219 extingui.
1247 1164 1334 1204 Aut
1357 1161 1390 1204 si
1409 1177 1462 1204 ne
1482 1163 1563 1205 hoc

175 1228 353 1287 quidem
385 1237 537 1285 potest,
564 1239 694 1289 atque
716 1230 762 1272 in
785 1230 877 1288 ipso
902 1245 1082 1289 corpore
1105 1231 1248 1275 anima
1269 1231 1392 1290 quasi
1414 1230 1564 1275 lumen

176 1299 439 1352 accenditur,
481 1314 559 1342 nec
594 1298 697 1342 alibi
726 1309 867 1358 potest
899 1300 1071 1354 durare,
1103 1301 1331 1360 omnisque
1354 1316 1467 1345 mors
1502 1312 1564 1345 est

174 1368 379 1412 extinctio
397 1369 598 1428 quaedam
618 1370 770 1412 animae
788 1370 834 1414 in
857 1385 1037 1428 corpore
1058 1369 1128 1414 vel
1151 1371 1265 1426 vitae,
1292 1371 1467 1430 aliquod
1493 1387 1563 1429 ge-

174 1454 254 1482 nus
286 1439 537 1496 eligendum
565 1448 628 1484 est
660 1450 875 1499 quantum
907 1442 1039 1485 homo
1063 1442 1233 1495 sinitur,
1259 1458 1348 1501 quo
1366 1442 1559 1501 idipsum

173 1510 293 1569 quod
327 1510 500 1562 vivitur,
539 1525 640 1553 cum
673 1511 901 1555 securitate
939 1528 987 1555 ac
1021 1511 1336 1571 tranquillitate
1372 1514 1558 1565 vivatur,

172 1597 423 1640 quanquam
460 1582 605 1625 nescio
639 1582 862 1642 quomodo
899 1582 1015 1626 istud
1053 1583 1187 1641 possit
1224 1584 1333 1638 fieri,
1358 1584 1391 1626 si
1422 1584 1561 1627 anima

172 1653 368 1696 moritur.
395 1653 432 1695 Ο
454 1652 644 1696 multum
667 1653 832 1706 beatos,
865 1653 1025 1712 quibus
1048 1653 1136 1697 sive
1158 1654 1212 1697 ab
1234 1654 1351 1713 ipsis,
1378 1655 1466 1699 sive
1488 1655 1563 1699 abs

169 1722 384 1781 quolibet,
423 1736 510 1765 non
544 1737 633 1765 esse
661 1723 940 1765 metuendam
972 1732 1174 1777 mortem,
1226 1725 1392 1768 etiamsi
1417 1725 1557 1769 anima

169 1792 368 1845 intereat,
396 1805 646 1849 persuasum
671 1800 749 1834 est.
783 1794 838 1834 At
861 1791 968 1834 mihi
989 1792 1146 1836 misero
1165 1792 1299 1836 nultae
1322 1793 1465 1838 adhuc
1493 1810 1560 1838 ra-

172 1863 323 1916 tiones,
342 1861 450 1905 nulli
464 1861 565 1904 libri
581 1861 840 1920 persuadere
857 1871 1110 1920 potuerunt,

228 1934 390 1975 XXIV·
422 1936 474 1975 R.
500 1932 597 1977 Noli
617 1947 805 1990 gemere,
835 1933 1091 1977 immortalis
1116 1942 1179 1978 est
1202 1949 1371 1978 animus
1401 1935 1559 1979 huma-

169 2018 263 2045 nus.
303 2007 352 2045 Α.
397 2001 517 2046 Unde
540 2003 622 2062 hoc
643 2002 831 2061 probas?
870 2006 923 2046 R.
972 2006 1035 2046 Ex
1062 2003 1111 2046 iis
1143 2020 1242 2063 quae
1271 2020 1370 2048 cum
1407 2020 1556 2062 magna

167 2074 383 2126 cautione,
411 2082 459 2116 ut
481 2073 683 2126 arbitror,
714 2074 909 2131 superius
932 2074 1191 2119 concessisti.
1227 2078 1278 2118 A.
1319 2075 1434 2120 Nihil
1457 2077 1557 2136 qui-

169 2142 267 2186 dem
284 2158 352 2185 me
368 2144 510 2186 minus
528 2143 756 2201 vigilanter
772 2143 1056 2202 interroganti
1072 2145 1150 2188 tibi
1168 2145 1345 2189 memini
1362 2145 1529 2190 dedisse
1546 2167 1554 2190 z

169 2213 240 2256 sed
273 2211 428 2271 collige
456 2214 545 2272 jam
578 2213 712 2271 ipsam
741 2228 974 2268 summam,
1006 2229 1082 2258 oro
1115 2223 1173 2269 te,
1209 2214 1433 2259 videamus
1468 2232 1557 2275 quo

169 2284 295 2326 tantis
329 2283 582 2341 ambagibus
617 2284 955 2342 pervenerimus,
993 2299 1073 2329 nec
1101 2300 1170 2328 me
1196 2286 1287 2345 jam
1318 2286 1555 2345 interroges

167 2353 281 2397 volo.
324 2353 366 2397 Si
400 2354 515 2396 enim
548 2368 597 2397 ea
629 2353 816 2398 breviter
849 2364 1128 2399 enumeratus
1151 2371 1194 2399 es
1217 2371 1316 2415 quae
1345 2358 1552 2409 concessi,

167 2439 359 2483 quonam
396 2439 540 2468 rursus
569 2425 788 2484 responsio
811 2439 904 2469 mea
934 2425 1224 2470 desideratur?
1247 2430 1315 2470 An
1337 2435 1387 2470 ut
1415 2443 1555 2472 moras

168 2494 425 2551 gaudiorum
449 2494 556 2537 mihi
578 2493 737 2539 frustra
757 2494 931 2550 inferas,
956 2497 990 2540 si
1012 2495 1120 2556 quid
1141 2497 1248 2541 boni
1271 2495 1383 2542 forte
1404 2499 1554 2542 confe-

168 2564 328 2608 cimus?
360 2567 410 2607 R.
445 2565 616 2609 Faciam
642 2564 762 2625 quod
785 2574 832 2609 te
852 2564 964 2610 velle
983 2565 1125 2617 video,
1156 2566 1230 2611 sed
1254 2567 1429 2611 attende·
1451 2567 1553 2611 dili-
