1871 3162
297 221 376 259 160
714 232 748 261 S.
784 234 1014 263 AUGUSTINI
1046 236 1227 263 Erlseori

288 297 482 342 inferiori
506 299 618 357 parti
646 313 813 354 rerum,
849 315 982 359 quam
1014 309 1175 344 terram
1197 298 1401 353 dicimus,
1434 297 1670 341 habentem

291 367 454 412 coelum
476 383 605 412 suum
626 368 878 413 nubilosum
900 379 1031 429 atque
1051 379 1282 414 ventosum
1303 382 1548 427 congruum
1570 366 1666 410 sibi.

290 439 347 482 Et
363 439 476 482 absit
492 440 582 498 jam
604 448 654 483 ut
674 439 863 483 dicerem
887 459 897 484 2
917 442 1015 485 Non
1039 448 1178 483 essent
1198 439 1279 484 ista
1299 459 1308 484 ε
1334 439 1436 499 quia
1457 447 1501 482 et
1521 438 1557 482 si
1583 436 1673 481 sola

289 507 370 551 ista
402 523 620 552 cernerem
640 542 651 563 ,
677 507 968 552 desiderarem
1000 508 1177 568 quidem
1215 509 1421 563 meliora,
1469 507 1547 551 sed
1582 507 1673 566 jam

291 579 422 621 etiam
449 577 504 621 de
537 577 638 623 solis
670 578 758 624 istis
790 577 970 623 laudare
992 588 1034 623 te
1064 579 1270 623 deberem
1297 598 1307 624 ε
1335 577 1545 638 quoniam
1574 576 1674 620 lau-

291 649 486 692 dandum
503 657 546 693 te
568 649 806 694 ostendunt
822 649 876 694 de
898 659 1012 694 terra
1032 649 1241 694 dracones
1260 658 1303 693 et
1325 663 1474 693 omnes
1497 646 1641 704 abyssi
1661 665 1670 690 :

291 719 400 776 ignis
417 754 428 773 ,
465 719 657 778 grando,
696 721 797 775 nix,
833 720 987 779 glacies
1007 755 1019 776 ,
1051 720 1224 780 spiritus
1259 718 1552 779 tempestatis,
1577 732 1676 777 quae

249 808 261 827 ,ι
291 788 459 833 faciunt
493 791 679 835 verbum
714 799 841 834 tuum
876 810 885 835 :
917 799 1087 835 montes
1115 799 1158 834 et
1192 804 1341 835 omnes
1379 788 1533 844 colles,
1558 786 1677 845 ligna

293 858 518 904 fructifera
541 869 583 904 et
606 876 756 905 omnes
786 861 906 905 cedri
932 880 941 905 ε
969 862 1119 905 bestiae
1140 871 1184 905 et
1207 860 1351 905 omnia
1375 875 1555 919 pecora,
1579 872 1679 917 rep-

295 928 385 972 tilia
419 938 462 973 et
496 929 686 974 volatilia
712 939 901 989 pennata
923 950 932 975 :
957 947 1078 990 reges
1106 940 1232 975 terrae
1266 941 1309 975 et
1330 946 1479 975 omnes
1500 928 1675 988 populi,

294 1000 508 1059 principes
536 1009 580 1044 et
610 1016 759 1045 omnes
787 1000 954 1057 judices
989 1011 1114 1045 terrae
1147 1021 1156 1045 :
1182 1002 1366 1060 juvenes
1393 1010 1437 1044 et
1468 1000 1675 1056 virgines,

295 1071 481 1114 seniores
504 1086 603 1115 cum
622 1072 871 1131 junioribus
893 1072 1076 1117 laudant
1097 1088 1258 1117 nomen
1279 1086 1422 1116 tuum.
1444 1073 1555 1116 Cum
1578 1085 1680 1115 vero

300 1142 429 1185 etiam
454 1143 510 1185 de
532 1141 654 1186 coelis
677 1153 719 1187 te
741 1142 948 1198 laudent,
985 1143 1166 1188 laudent
1194 1153 1236 1188 te
1253 1179 1264 1199 ,
1290 1147 1403 1188 Deus
1435 1151 1605 1197 noster,
1636 1141 1681 1185 in

296 1211 470 1256 excelsis
503 1228 654 1257 omnes
681 1213 838 1272 Angeli
872 1214 960 1265 tui,
997 1230 1146 1258 omnes
1181 1215 1373 1258 Virtutes
1396 1222 1510 1269 tuae,
1540 1212 1603 1256 sol
1637 1220 1681 1255 et

296 1283 401 1327 luna
429 1303 437 1328 :
463 1299 612 1328 omnes
648 1285 783 1328 stellae
816 1294 859 1328 et
893 1284 1066 1341 lumen,
1093 1285 1195 1329 coeli
1231 1285 1442 1329 coelorum
1476 1293 1519 1328 et
1557 1298 1681 1343 aquae

297 1370 396 1414 quae
413 1369 542 1413 super
564 1353 697 1399 coelos
719 1364 821 1399 sunt
837 1390 847 1410 ,
879 1354 1062 1400 laudent
1085 1371 1244 1400 nomen
1269 1365 1395 1400 tuum
1409 1357 1423 1380 1
1451 1374 1460 1399 ε
1486 1370 1575 1399 non
1591 1355 1682 1413 jam

298 1423 598 1469 desiderabam
623 1425 801 1470 meliora
819 1461 829 1481 ‚
855 1427 957 1485 quia
978 1427 1124 1471 omnia
1147 1427 1418 1485 cogitabam3
1443 1435 1487 1469 et
1503 1424 1682 1469 meliora

298 1495 476 1554 quidem
513 1496 734 1554 superiora
767 1512 898 1555 quam
937 1497 1171 1555 inferiora,
1206 1496 1280 1541 sed
1316 1486 1498 1557 ,ineliora
1535 1489 1683 1540 omnia

298 1581 431 1624 quam
454 1565 544 1610 sola
565 1566 785 1625 superiora
798 1566 965 1625 judicio
988 1567 1156 1612 saniore
1176 1567 1437 1627 pendebam.

305 1735 351 1751 mu
354 1735 1008 1752 wmwvuwwwwvwvwmwwwnwwzm
1011 1736 1143 1752 WUWLWB
1146 1736 1345 1751 WWWWW‘UE
1348 1735 1683 1752 Mffiumbmww

773 1870 990 1919 CAPUT
1034 1871 1170 1918 XIV.

300 2024 447 2072 Same
476 2026 648 2071 mentis
676 2026 859 2071 homini
884 2024 1006 2070 nihil
1034 2023 1253 2084 displicet
1284 2027 1408 2070 inter
1426 2034 1677 2071 creaturas

932 2095 1042 2140 Dei.

360 2256 458 2298 XX.
491 2257 586 2300 Non
609 2264 671 2299 est
691 2254 848 2298 sanitas
878 2254 937 2298 eis
964 2255 1125 2314 quibus
1149 2255 1349 2314 displicet
1371 2255 1538 2315 aliquid
1558 2271 1680 2300 crea-

304 2334 413 2369 turae
435 2335 523 2370 tuae
540 2362 552 2382 ,
595 2326 705 2371 sicut
724 2326 832 2370 mihi
854 2341 944 2370 non
983 2335 1075 2370 erat
1096 2342 1197 2371 cum
1234 2325 1514 2387 displicerent
1545 2327 1682 2372 multa

304 2412 403 2456 quae
421 2396 573 2442 fecisti.
599 2400 656 2442 Et
675 2398 777 2458 quia
795 2413 885 2443 non
904 2397 1095 2442 audebat
1118 2397 1261 2442 anima
1283 2413 1380 2442 mea
1400 2407 1448 2442 ut
1469 2399 1507 2442 ei
1529 2398 1681 2457 displi-

305 2478 421 2513 ceret
436 2504 447 2524 ,
475 2472 589 2514 Deus
613 2485 734 2515 meus
751 2505 762 2527 ,
796 2470 975 2516 nolebat
995 2485 1084 2515 esse
1105 2479 1232 2515 tuum
1249 2505 1260 2526 ,
1285 2469 1503 2531 quidquid
1532 2471 1570 2514 ei
1593 2470 1685 2515 dis-

353 2573 362 2589 ¹
386 2568 463 2601 Psal.
483 2577 611 2610 cxtvm,
638 2579 734 2602 1-12.
