1871 3162
595 273 944 312 CONFESSIONUM‚
979 277 1061 302 ΜΒ.
1099 277 1139 301 v.
1479 268 1555 304 111

182 340 288 384 dum
314 359 322 383 ε
348 348 555 384 caeterum
578 355 722 383 rerum
757 339 949 398 ipsarum
991 338 1111 382 nulla
1149 340 1436 396 comparatio,
1460 356 1560 384 nam

181 409 253 454 ille
270 424 347 468 per
367 409 625 454 Manichaeas
663 407 851 453 fallacias
880 407 1131 462 aberrabat,
1164 407 1243 451 iste
1272 416 1418 451 autem
1446 409 1562 453 salu-

181 479 366 522 berrime
400 477 585 536 docebat
617 478 813 522 salutem.
845 478 929 524 Sed
960 478 1089 536 longe
1125 486 1189 521 est
1212 493 1236 521 a
1262 478 1562 536 peccatoribus

178 547 293 592 salus
326 548 465 608 qualis
497 563 579 607 ego
602 557 708 593 tunc
733 547 909 593 aderam
934 567 944 593 :
972 556 1017 592 et
1037 556 1184 592 tamen
1211 547 1562 608 propinquabam

176 617 332 661 sensim
353 626 397 662 et
418 617 630 663 nesciens.

177 797 223 812 w=
231 797 430 814 ΜΝ
434 799 827 814 -ΊΜἏΛΜΛΛΙἋΛΑΙἊΛΝΑΑΜ

1028 797 1563 814 *lflfflflflssssflmflflssflmmwvmm

672 932 888 981 CAPUT
931 933 1066 979 XIV.

177 1084 369 1129 Audito'
390 1085 648 1130 Ambrosio
678 1085 924 1145 paulatim
947 1084 1017 1130 ab·
1034 1084 1274 1148 erroribus
1309 1084 1559 1143 resipiscit.

236 1245 400 1287 XXIV.
436 1245 538 1288 CUM
554 1244 669 1287 enim
688 1258 777 1286 non
794 1251 1033 1300 satagerem
1055 1241 1218 1286 discere
1242 1258 1342 1302 quae
1372 1242 1562 1298 dicebat,

178 1314 254 1357 sed
265 1322 436 1358 tantum
450 1313 822 1374 quemadmodum
837 1313 1010 1357 dicebat
1023 1313 1187 1368 audire,
1203 1315 1269 1371 (ea
1283 1313 1390 1357 mihi
1402 1313 1565 1373 quippe

173 1385 264 1443 jam
285 1382 530 1442 desperanti
548 1383 601 1427 ad
624 1393 667 1427 te
687 1384 799 1427 viam
819 1393 966 1442 patere
992 1384 1174 1438 homini,
1197 1384 1337 1427 inanis
1365 1400 1469 1428 cura
1496 1399 1565 1428 re-

180 1456 432 1511 manserat,)
453 1454 688 1497 veniebant
704 1454 750 1497 in
772 1454 965 1497 animum
990 1468 1134 1497 meum
1158 1453 1404 1502 simulcum
1422 1454 1563 1498 verbis

178 1539 277 1582 quae
298 1523 551 1582 diligebam,
578 1539 642 1568 res
665 1524 795 1568 etiam
817 1539 924 1584 quas
947 1522 1235 1582 negligebam.
1273 1526 1424 1583 Neque
1446 1524 1562 1567 enim

179 1609 228 1637 ea
240 1593 440 1637 dirimere
454 1604 663 1652 poteram.
684 1597 738 1638 Et
751 1593 858 1638 dum
875 1609 950 1638 cor
971 1594 1180 1653 aperirem
1194 1593 1250 1637 ad
1261 1594 1562 1653 excipiendum

180 1679 309 1724 quam
333 1665 489 1709 diserte
507 1665 685 1719 diceret,
711 1666 870 1725 pariter
891 1665 1082 1708 intrabat
1103 1673 1146 1708 et
1165 1680 1296 1725 quam
1320 1680 1420 1709 vere
1441 1665 1562 1710 dice-

180 1744 245 1778 ret
264 1754 272 1778 :
308 1734 519 1793 gradatim
555 1735 749 1795 quidem.
782 1738 890 1780 Nam
923 1735 1064 1795 primo
1097 1735 1227 1779 etiam
1261 1735 1351 1795 ipsa
1385 1734 1562 1779 defendi

181 1820 303 1863 posse
321 1805 426 1848 mihi
436 1807 527 1865 jam
545 1815 768 1864 coeperant
783 1806 919 1849 videri
937 1827 947 1863 3
972 1815 1014 1849 et
1036 1805 1165 1849 fidem
1190 1805 1463 1860 catholicam,
1483 1821 1563 1864 pro

181 1891 267 1935 qua
286 1876 395 1918 nibil
416 1891 538 1933 posse
555 1876 639 1920 dici
655 1876 857 1920 adversus
874 1886 1178 1936 oppugnantes
1199 1877 1462 1921 Maniehaeos
1478 1892 1562 1935 pu-

182 1955 387 1998 taveram,
402 1947 493 2005 jam
512 1961 600 1988 non
614 1946 892 2004 impudenter
909 1947 1035 1990 asseri
1051 1947 1360 2000 existimabam,
1377 1947 1561 1990 maxime

183 2014 331 2059 audito
363 2031 452 2058 uno
487 2024 617 2074 atque
646 2015 797 2069 altero,
823 2025 866 2058 et
887 2017 1041 2074 saepius
1073 2016 1302 2074 aenigmate
1336 2017 1478 2059 soluto
1506 2018 1562 2059 de.
1626 2064 1630 2078 ι

182 2086 349 2145 scriptis
382 2085 600 2129 veteribus
621 2104 629 2128 :
656 2085 733 2128 ubi
755 2100 856 2128 cum
874 2085 927 2127 ad
950 2084 1139 2128 litteram
1161 2086 1416 2144 acciperem,
1447 2087 1565 2130 occi-

183 2156 330 2199 debar.
352 2155 606 2214 Spiritaliter
630 2156 776 2215 itaque
791 2154 1192 2215 plerisqueillorum
1209 2155 1420 2200 librorum
1440 2171 1570 2216 expo-

183 2227 271 2269 sitis
293 2227 412 2281 locis,
427 2227 514 2285 jam
530 2225 903 2284 reprehendebam
917 2226 1259 2284 desperationem
1274 2242 1430 2281 meam,
1445 2226 1565 2270 illam

184 2295 396 2340 duntaxat
417 2312 503 2355 qua
525 2295 809 2350 credideram,
826 2295 966 2354 legem
990 2305 1033 2340 et
1058 2297 1291 2355 Prophetas
1312 2296 1567 2340 detestanti-

189 2367 266 2410 bus
281 2376 410 2426 atque
423 2366 703 2410 irridentibus
718 2366 853 2409 resisti
868 2365 1047 2409 omnino
1063 2381 1151 2410 non
1166 2380 1303 2425 posse.
1319 2368 1407 2411 Nec
1420 2375 1566 2410 tamen

183 2439 273 2497 jam
289 2436 388 2480 ideo
409 2436 516 2480 mihi
537 2436 794 2480 catholicam
815 2436 926 2479 viam
950 2435 1183 2479 tenendam
1203 2451 1292 2480 esse
1308 2436 1567 2492 sentiebam,

188 2508 289 2567 quia
312 2517 354 2551 et
376 2507 467 2566 ipsa
487 2515 657 2566 poterat
677 2507 838 2550 habere
855 2506 1005 2550 doctos
1027 2515 1252 2551 assertores
1274 2523 1373 2552 suos
1394 2509 1468 2567 qui
1491 2523 1567 2552 co-

191 2580 308 2637 piose
335 2587 378 2622 et
404 2593 493 2622 non
526 2577 713 2622 absurde
743 2577 912 2636 obJecta
941 2576 1218 2622 refellerent:
1251 2592 1330 2623 nec
1351 2577 1450 2623 ideo
1474 2580 1566 2638 jam
