1871 3162
583 247 930 283 coxrssssronusr,
966 247 1048 272 Lm.
1086 247 1182 272 xm.
1485 237 1566 274 393

185 315 379 359 clausum
397 322 461 358 est
477 312 722 372 aspectibus
740 312 896 357 nostris
913 347 923 367 ,
947 321 1063 356 recte
1084 310 1381 370 veraciterque
1403 312 1570 356 dictum

186 402 289 430 esse.
333 386 405 431 Sic·
422 386 536 429 enim
558 380 691 428 homo
708 419 718 438 ‚
738 383 841 428 licet
858 385 948 443 jam
981 378 1184 442 spiritalis
1206 390 1249 425 et
1274 391 1505 425 renovatus
1526 383 1570 425 in

185 458 449 516 agnitionem
489 457 564 499 Dei
583 491 592 509 ‚
632 456 874 499 secundum
913 455 1145 514 imaginem
1182 455 1272 513 ejus
1298 453 1374 512 qui
1411 453 1571 498 creavit

185 529 309 571 eum1
324 562 334 581 ‚
366 527 505 570 factor
527 535 673 569 tamen
694 525 799 583 legis
820 524 952 569 debet
969 540 1081 578 esse,
1106 539 1196 568 non
1212 523 1346 583 judex
1362 526 1393 565 ².
1420 525 1571 582 Neque

185 596 239 640 de
270 595 344 640 illa
380 595 657 640 distinctione
689 596 886 655 judicat,
925 593 1180 654 spiritalium
1215 592 1416 637 videlicet
1440 603 1570 652 atque

185 665 423 711 carnalium
452 667 681 710 hominum
700 702 710 720 ,
737 666 814 726 qui
836 665 946 718 tuis,
973 668 1087 708 Deus
1116 673 1288 717 noster,
1315 663 1450 708 oculis
1478 664 1570 707 noti

184 746 308 790 sunt,
334 746 377 780 et
398 736 528 780 nullis
555 736 697 780 adhuc
718 735 843 779 nobis
872 744 1168 794 apparuerunt
1190 735 1394 793 operibus
1414 770 1423 788 ‚
1449 744 1498 778 ut
1521 749 1571 777 ex

183 807 399 852 fructibus
417 823 564 851 eorum
586 822 897 865 cognoscamus
915 822 987 851 eos
1003 808 1017 832 3
1037 826 1045 850 ε
1071 807 1145 850 sed
1170 816 1241 857 tu,
1268 806 1466 859 Domine,
1480 807 1569 864 jam

185 878 263 921 scis
277 893 364 931 eos,
391 887 434 921 et
452 876 654 929 divisisti,
677 886 719 920 et.
737 877 897 920 vocasti
914 878 959 919 in
983 876 1171 929 occulto,
1193 885 1426 929 antequam
1449 876 1572 919 fieret

184 948 523 991 firmamentum.
560 949 712 1006 Neque
748 947 802 990 de
837 946 1023 990 turbidis
1055 948 1184 1007 hujus
1225 945 1370 989 saeculi
1400 946 1571 1004 populis

186 1032 437 1077 quanquam
456 1015 657 1075 spiritalis
675 1018 805 1060 homo
821 1016 1004 1076 judicat.
1023 1016 1133 1068 Quid
1154 1017 1268 1059 enim
1292 1016 1329 1059 ei
1352 1015 1405 1058 de.
1426 1016 1473 1058 iis
1496 1016 1571 1074 qui

186 1088 289 1131 foris
311 1096 412 1131 sunt
439 1087 665 1146 judicare⁴
684 1122 694 1141 ,
717 1087 935 1145 ignoranti
959 1087 1053 1146 quis
1077 1086 1180 1130 inde
1207 1097 1416 1129 venturus
1440 1087 1493 1129 sit
1526 1087 1571 1128 in

186 1157 462 1202 dulcedinem
497 1158 644 1214 gratiae
674 1167 791 1211 tuae,
829 1167 872 1201 et
894 1158 989 1217 quis
1027 1157 1070 1200 in
1094 1167 1300 1216 perpetua
1339 1157 1571 1215 impietatis

190 1228 479 1272 amaritudine
501 1229 809 1271 remansurus?

258 1300 464 1342 XXXIV.
506 1299 699 1358 {deoque
735 1299 867 1342 homo
905 1314 1035 1357 quem
1076 1296 1211 1341 fecisti
1245 1299 1298 1341 ad
1335 1298 1571 1356 imaginem

186 1379 328 1423 tuam,
366 1385 454 1412 non
483 1371 647 1428 accepit
672 1378 926 1428 potestatem
949 1369 1229 1412 luminarium
1265 1368 1362 1413 coeli
1383 1405 1392 1423 ‚
1429 1385 1572 1428 neque

186 1441 317 1500 ipsius
340 1439 500 1484 occulti
519 1439 641 1493 coeli,
668 1455 809 1499 neque
832 1439 916 1482 diei
951 1449 991 1483 et
1025 1441 1161 1483 noctis
1179 1475 1189 1494 ‚
1225 1456 1323 1499 quae
1347 1449 1447 1483 autc
1470 1440 1572 1484 coeli

186 1511 540 1556 constitutionem
572 1510 758 1560 vocasti,
800 1525 942 1568 neque
978 1511 1323 1569 congregationis
1358 1526 1569 1570 aquarum

186 1582 305 1643 quod
329 1591 391 1625 est
417 1597 548 1625 mare.
578 1581 660 1626 Sed
681 1582 844 1640 accepit
878 1601 896 1621 «
925 1584 1184 1624 Potestatem
1206 1581 1389 1640 piscium
1414 1582 1540 1625 maris
1557 1616 1568 1636 ‚

189 1673 208 1694 n
245 1662 287 1696 et
304 1652 546 1696 volatilium
565 1652 690 1705 coeli,
717 1662 760 1695 et
781 1653 976 1696 omnium
1001 1667 1226 1711 pecorum,
1253 1662 1295 1696 et
1318 1653 1458 1696 omnis
1481 1663 1570 1696 ter-

190 1743 209 1765 »
246 1740 329 1777 rae,
356 1733 398 1767 et
421 1724 617 1767 omnium
635 1723 878 1782 repentium
899 1738 997 1782 quae
1020 1733 1180 1781 repunt
1200 1739 1329 1781 super
1352 1732 1525 1767 terram.
1548 1742 1567 1765 »

188 1795 363 1838 Judicat
386 1794 518 1848 enim,
543 1804 586 1837 et
603 1793 815 1852 approbat
847 1793 967 1853 quod
992 1803 1106 1837 recte
1125 1828 1135 1847 ,
1171 1793 1387 1852 improbat
1427 1802 1570 1837 autem

187 1864 307 1926 quod
339 1879 564 1924 perperam
599 1863 841 1919 invenerit3
874 1863 962 1907 sive
991 1863 1035 1906 in
1065 1879 1112 1907 ea
1135 1863 1407 1907 solemnitate
1429 1879 1572 1907 sacra-

188 1945 437 1980 mentorum
460 1936 619 1995 quibus
654 1935 908 1988 initiantur,
948 1950 1055 1994 quos
1079 1936 1341 1993 pervestigat
1369 1935 1413 1978 in
1449 1936 1572 1994 aquis

187 2006 336 2050 multis
358 2005 650 2049 misericordia
672 2015 740 2048 lua
764 2024 771 2048 :
799 2006 886 2047 sive
908 2004 953 2047 iu
974 2020 1022 2047 ea
1041 2020 1126 2064 qua
1148 2004 1222 2048 ille
1247 2005 1375 2048 Piscis
1394 2006 1573 2048 exhibe-

192 2086 284 2129 tur,
310 2090 441 2135 quem
471 2074 662 2118 levatum
692 2075 746 2117 de
770 2074 990 2133 profundo
1014 2084 1126 2117 terra
1150 2075 1218 2132 pia
1241 2075 1461 2132 comedit3
1486 2075 1573 2119 sive

190 2146 236 2188 in
258 2146 490 2189 verborum
525 2145 653 2202 signis
671 2144 941 2203 vocibusque
964 2144 1166 2203 subjectis
1188 2146 1431 2189 auctoritati
1455 2145 1573 2188 Libri

191 2216 253 2259 tui
276 2224 521 2274 tanquam«
550 2214 640 2258 Sub
669 2215 941 2258 firmamento
967 2232 986 2254 »
1019 2213 1300 2258 volitantibus
1319 2250 1329 2269 ‚
1361 2215 1573 2273 interpre-

191 2283 348 2338 tando,
375 2283 649 2343 exponendo,
675 2283 940 2339 disserendo,
966 2284 1246 2343 disputando,
1274 2285 1573 2331 benedicendo

192 2365 321 2415 atque
338 2355 582 2398 invocando
607 2364 648 2399 te
665 2390 675 2407 ,
701 2370 774 2398 ore
797 2356 1128 2415 erumpentibus
1159 2365 1290 2415 atque
1320 2357 1573 2400 sonantibus

193 2426 322 2486 signis
338 2461 349 2480 ‚
371 2435 420 2469 ut
451 2425 709 2485 respondeat
745 2425 931 2486 populus
948 2461 959 2482 ,
985 2431 1140 2471 Amen.
1178 2427 1347 2480 Quibus
1370 2427 1574 2471 omnibus

246 2525 260 2544 ¹
289 2522 407 2556 Coloss.
436 2532 483 2565 m,
507 2534 555 2558 ιο.
577 2541 619 2546 -
639 2530 651 2547 ²
675 2524 788 2558 Jacob.
814 2535 858 2565 lv,
882 2536 932 2557 11.
959 2541 1001 2548 ——
1033 2523 1046 2548 3
1065 2523 1176 2558 Matth.
1196 2535 1253 2565 vii,
1288 2532 1341 2557 20.
1364 2523 1438 2554 —4
1465 2535 1477 2557 1
1497 2526 1570 2557 Cor.

192 2591 235 2619 v,
267 2588 316 2611 12.
