1871 3162
534 264 879 302 coNFEssiONUM‚
914 265 996 291 Lm.
1029 264 1071 290 x.
1412 255 1493 293 275

124 345 213 374 non
247 344 390 374 amare
421 339 479 384 te,
511 345 591 374 nec
611 339 724 374 caste
746 329 896 373 timere
919 337 975 372 te.
1004 328 1197 387 Ideoque
1228 336 1275 371 tu
1304 330 1498 386 superbis

126 401 297 455 resistis,
332 399 570 444 humilibus
601 408 744 444 autem
767 400 841 442 das
865 399 1087 457 gratiam,
1119 407 1161 441 et
1181 397 1352 441 intonas
1370 413 1498 456 super

126 472 382 516 ambitiones
407 470 569 526 saeculi,
595 480 638 515 et
659 479 937 516 contremunt
958 468 1243 513 fundamenta
1265 469 1496 512 montium.

129 546 280 602 Itaque
301 542 442 597 nobis,
459 542 666 601 quoniam
685 550 862 600 propter
879 539 1080 601 quaedam
1101 540 1304 583 humanae
1326 540 1503 583 societa-

128 614 180 657 tis
207 613 349 657 officia
376 613 662 657 necessarium
689 623 752 657 est
774 611 907 656 amari
930 620 974 654 et
994 611 1135 655 timeri
1159 610 1211 654 ab
1234 610 1502 665 hominibus,

128 683 257 726 instat
280 683 546 728 adversarius
563 675 675 727 verae
698 682 978 728 beatitudinis
1000 691 1174 735 nostrae,
1200 681 1367 740 ubique
1387 697 1509 740 spar—

130 768 232 812 gens
253 753 298 796 in
324 752 514 812 laqueis:
542 756 681 812 Euge,
699 767 834 810 euge:
861 761 911 796 ut
945 752 1049 795 dum
1086 751 1210 795 avide
1240 751 1503 810 colligimus,

130 823 302 866 incaute
324 823 560 882 capiamur,
581 833 624 867 et
647 835 669 866 a
690 823 870 866 veritate
891 831 965 866 tua
991 821 1195 881 gaudium
1219 830 1415 865 nostrum
1434 822 1511 865 de-

130 908 359 952 ponamus,
379 902 510 953 atque
531 894 576 936 in
595 893 824 937 homiuum
845 891 1014 936 fallacia
1034 907 1269 951 ponamus,
1292 891 1513 951 libeatque

132 979 209 1008 nos
231 964 364 1008 amari
386 973 428 1008 et
450 964 605 1019 timeri,
642 979 731 1008 non
754 972 930 1023 propter
964 973 1022 1017 te,
1056 963 1131 1007 sed
1166 978 1244 1022 pro
1276 971 1342 1020 te,
1380 972 1511 1022 atque

132 1035 213 1078 isto
247 1033 378 1078 modo
416 1034 482 1078 sui
515 1033 672 1078 similes
695 1033 830 1078 factos
853 1048 998 1078 secum
1021 1033 1196 1087 habeat,
1222 1048 1312 1077 non
1333 1033 1387 1076 ad
1409 1048 1516 1076 con-

133 1104 321 1149 cordiam
338 1105 570 1159 charitatis‚
589 1105 664 1148 sed
682 1104 737 1148 ad
755 1104 1020 1149 consortium
1037 1103 1254 1163 supplicii,
1273 1104 1349 1163 qui
1367 1104 1515 1147 statuit

133 1175 280 1220 sedem
298 1191 418 1220 suam
436 1190 597 1234 ponere
612 1175 657 1218 in
675 1175 908 1235 Aquilone,
929 1184 980 1218 ut
1002 1184 1042 1219 te
1059 1190 1257 1234 perversa
1276 1184 1319 1217 et
1337 1173 1518 1218 distorta

133 1247 201 1291 via
223 1246 448 1301 imitanti2,
481 1247 696 1290 tenebrosi
728 1244 963 1306 frigidique
995 1246 1219 1290 servirent.
1242 1248 1329 1290 Nos
1355 1254 1518 1299 autem,

136 1317 334 1372 Domine,
358 1317 541 1377 pusillus
565 1333 666 1377 grex
688 1327 788 1362 tuus
810 1332 909 1362 ecce
935 1319 1134 1375 sumus³3
1159 1326 1208 1361 tu
1230 1332 1307 1361 nos
1330 1316 1516 1376 posside,

136 1387 362 1432 Praetende
384 1386 470 1431 alas
493 1397 605 1442 tuas,
628 1397 672 1432 et
690 1387 909 1447 fugiamus
932 1388 1013 1432 sub
1034 1403 1118 1432 eas.
1137 1387 1283 1432 Gloria
1305 1396 1450 1431 nostra
1471 1396 1520 1430 tu

137 1467 249 1516 estoj,
284 1467 462 1517 propter
492 1466 535 1501 te
569 1473 780 1512 amemur,
818 1467 862 1502 et
892 1459 1076 1502 verbum
1099 1467 1224 1502 tuum
1251 1457 1456 1501 timeatur
1476 1471 1521 1500 in

137 1529 277 1573 nobis.
303 1529 384 1581 Qui
405 1527 574 1572 laudari
596 1528 692 1573 vult
711 1530 767 1573 ab
790 1529 1042 1574 hominibus
1062 1530 1337 1588 vituperante
1356 1538 1411 1583 te,
1431 1544 1519 1572 non

138 1599 397 1643 defendetur
414 1601 468 1643 ab
492 1600 741 1644 hominibus
757 1599 983 1660 judicante
999 1610 1059 1655 te,
1076 1616 1158 1645 nec
1175 1600 1378 1659 eripietur
1397 1599 1522 1642 dam-

139 1680 270 1714 nante
295 1679 349 1715 te.
375 1673 487 1715 Cum
507 1680 652 1714 autem
670 1687 759 1715 non
781 1681 983 1730 peccator
1003 1671 1209 1716 laudatur
1230 1671 1276 1714 in
1298 1669 1521 1714 desideriis

139 1742 294 1785 animae
315 1757 419 1795 suae,
445 1757 524 1785 nec
548 1743 622 1801 qui
643 1743 791 1801 iniqua
820 1743 930 1801 gerit
956 1743 1274 1797 benedicitur4‚
1313 1741 1388 1785 sed
1406 1741 1522 1785 ’lau-
1544 1767 1547 1779 :

140 1812 268 1856 datur
299 1813 431 1856 homo
464 1822 641 1871 propter
666 1812 844 1872 aliquod
876 1812 1044 1857 donum
1075 1812 1197 1873 quod
1218 1812 1375 1856 dedisti
1398 1812 1452 1865 ei,
1478 1820 1522 1855 at

141 1882 214 1926 ille
226 1882 322 1941 plus
335 1881 494 1940 gaudet
508 1882 585 1925 sibi
604 1881 772 1925 laudari
789 1898 849 1937 se,
865 1899 999 1942 quam
1015 1883 1155 1942 ipsum
1178 1881 1346 1927 donum
1364 1882 1523 1925 habere

143 1953 261 1995 unde
281 1951 505 2008 laudatur,
531 1951 658 1995 ctiam
678 1953 754 1995 iste
774 1962 814 1995 te
828 1953 1102 2011 vituperante
1118 1951 1350 2009 laudatur,
1375 1961 1417 1995 et
1435 1967 1526 1995 me-

142 2021 222 2066 lior
238 2024 329 2081 jam
359 2021 432 2064 ille
453 2023 528 2081 qui
549 2021 758 2071 laudavit,
783 2037 916 2082 quam
939 2023 1018 2067 iste
1039 2023 1114 2082 qui
1131 2022 1334 2066 laudatus
1357 2030 1434 2065 est.
1457 2022 1526 2065 Illi

146 2093 261 2137 enim
284 2093 446 2152 placuit
467 2093 512 2136 in
528 2093 704 2137 homine
725 2093 892 2137 donum
913 2095 1006 2149 Dei,
1029 2094 1132 2138 huic
1156 2094 1340 2153 amplius
1363 2093 1527 2152 placuit

147 2162 314 2208 donum
330 2164 517 2208 hominis
534 2179 665 2224 quam
681 2164 774 2209 Dei.

195 2275 207 2292 ¹
229 2284 241 2305 1
258 2274 341 2307 Petr.
360 2285 393 2314 v,
414 2273 445 2305 5.
466 2290 506 2296 —
528 2280 540 2296 ²
558 2274 629 2305 lsai.
650 2284 717 2315 xw,
736 2273 848 2306 13-15.
871 2290 912 2297 -—-
932 2272 945 2297 3
961 2275 1037 2306 Luc.
1061 2284 1118 2316 ΧΠ,
1145 2273 1200 2306 32.
1216 2272 1387 2306 —41‘sat
1413 2284 1443 2315 x,
1464 2273 1493 2305 3.

1298 2647 1359 2685 10.
