1871 3162
1078 166 1132 214 V!

559 243 876 275 coNFEssronvi
896 264 906 283 ,
943 247 1024 273 Lm.
1052 236 1138 283 yrs.
1451 235 1532 273 137

162 315 293 359 debas
308 323 451 359 nostra
469 348 481 368 ,
499 321 542 357 et
564 321 637 357 tua
655 310 927 370 praeparabas
944 345 955 365 ,
982 310 1107 354 nobis
1125 308 1305 352 daturus
1328 323 1469 352 escam
1491 311 1534 352 in

162 386 507 446 opportunitate,
536 393 579 428 et
612 392 839 442 aperturus
861 395 1041 425 manum
1069 389 1191 424 tuam
1224 387 1354 438 atque
1377 377 1535 437 imple-

162 465 284 501 turus
305 457 466 500 animas
488 463 654 499 nostras
676 452 978 497 benedictione
992 453 1023 493 1.

163 616 1540 642 Mmummwuutvsmmvvvu&wwumwwmmmnmsmwvxmvmmmvummmmffls

669 750 890 799 CAPUT
925 749 1028 797 XV.

238 915 302 961 In
326 913 479 961 locum
502 910 788 958 discedentis
808 908 1089 956 concubinae
1112 907 1215 954 alia
1235 905 1459 954 succedit.

218 1074 358 1117 XXV.
371 1075 559 1116 INTEREA
580 1080 757 1130 peccata
777 1086 873 1114 mea
888 1068 1307 1128 multiplicabantur,
1329 1077 1373 1112 et
1394 1067 1542 1112 avulsa

162 1158 186 1187 a
221 1142 357 1186 latere
381 1156 480 1185 meo
506 1151 716 1199 tanquam
736 1140 1047 1198 impedimento
1071 1138 1293 1197 conjugii,
1325 1153 1427 1182 cum
1453 1153 1540 1198 qua

164 1212 322 1257 cubare
353 1209 503 1255 solitus
537 1224 680 1264 eram,
722 1225 798 1254 cor
828 1208 905 1252 ubi
938 1207 1212 1262 adhaerebat‚
1251 1208 1475 1252 concisum
1498 1217 1541 1252 et

163 1282 439 1329 vulneratum
463 1281 570 1325 mihi
591 1289 702 1333 erat,
735 1289 778 1324 et
802 1279 1003 1324 trahebat
1031 1279 1306 1338 sanguinem.
1326 1281 1384 1323 Et
1400 1278 1475 1323 illa
1497 1279 1545 1323 in

163 1354 355 1399 Africam
373 1353 579 1408 redierat,
599 1367 759 1396 vovens
773 1351 855 1395 tibi
877 1350 1010 1394 alium
1031 1365 1075 1394 se
1093 1350 1235 1394 virum
1253 1350 1514 1394 nescituram
1530 1384 1541 1405 ,

164 1424 313 1469 relicto
331 1422 448 1482 apud
468 1438 537 1466 me
559 1421 746 1465 naturali
763 1437 815 1464 ex
836 1420 910 1465 illa
932 1420 1023 1465 filio
1045 1435 1157 1465 meo.
1181 1422 1239 1464 At
1259 1434 1338 1478 ego
1361 1419 1512 1463 infelix
1530 1453 1542 1475 ,

165 1511 245 1540 nec
263 1494 458 1539 foeminae
479 1493 669 1537 imitator
684 1527 695 1547 ,
726 1492 943 1536 dilationis
961 1492 1202 1550 impatiens,
1220 1500 1428 1552 tanquam
1449 1499 1546 1550 post

165 1566 391 1610 biennium
409 1572 663 1623 accepturus
680 1578 775 1607 eam
798 1577 930 1622 quam
953 1561 1171 1621 petebam,
1193 1562 1294 1621 quia
1316 1577 1406 1606 non
1426 1576 1546 1604 ama-

166 1646 234 1681 tor
255 1635 474 1695 conjugii,
501 1633 576 1678 sed
598 1634 788 1678 libidinis
810 1648 957 1677 servus
980 1647 1118 1686 eram,
1141 1632 1369 1691 procuravi
1391 1631 1516 1675 aliam
1533 1666 1544 1686 ,

167 1723 257 1752 non
273 1707 426 1766 utique
443 1707 673 1766 conjugem
686 1741 696 1760 ,
716 1721 804 1765 quo
825 1713 1036 1764 tanquam
1053 1712 1365 1748 sustentaretur
1387 1712 1429 1747 et
1446 1718 1547 1762 per-

167 1778 400 1823 duceretur
417 1776 486 1821 vel
515 1777 682 1835 integer
698 1776 768 1821 vel
791 1777 959 1820 auctior
977 1775 1156 1819 morbus
1173 1775 1327 1818 animae
1349 1789 1456 1818 meae
1479 1790 1548 1818 sa-

167 1847 320 1892 tellitio
337 1846 611 1906 perdurantis
629 1845 953 1891 consuetudinis
970 1847 1015 1889 in
1029 1860 1211 1903 regnum
1230 1845 1444 1888 uxorium.
1461 1846 1549 1889 Nec

169 1918 400 1962 sanabatur
432 1917 592 1960 vulnus
626 1916 738 1960 illud
776 1931 922 1960 meum
960 1915 1080 1975 quod
1114 1915 1265 1974 prioris
1298 1915 1549 1973 praecisione

168 1988 333 2032 factum
351 1987 516 2040 fuerat,
539 1985 614 2029 sed
631 1994 727 2044 post
747 1984 960 2029 fervorem
983 1985 1267 2044 doloremque
1290 1985 1547 2028 acerrimum

170 2056 465 2117 putrescebat,
486 2065 528 2100 et
546 2057 668 2115 quasi
683 2054 901 2114 frigidius,
921 2055 996 2100 sed
1016 2056 1282 2115 desperatius
1304 2054 1494 2099 dolebat.

219 2172 227 2189 ¹
250 2165 331 2198 Psal.
352 2175 455 2205 cxmv,
477 2164 530 2206 15,
553 2163 604 2196 16.
