1871 3162
486 292 539 317 Dr:
568 289 894 320 CATECHIZANDIS
927 295 1121 323 Rvnnws.
1410 288 1493 327 545

124 369 238 399 mors
265 355 441 400 intravit
461 356 504 399 in
524 371 658 415 genus
675 358 933 414 humanum,
968 359 1071 418 quia
1093 363 1306 407 consensit
1326 363 1498 408 mulieri

122 441 211 470 suae
231 427 421 471 seductae
437 441 461 470 a
480 425 671 485 diabolo3
695 436 745 472 ut
763 438 1030 489 praeceptum
1051 430 1128 474 Dei
1144 433 1495 490 transgrederen-

121 504 193 539 tur
209 517 221 553 3
244 496 304 540 sic
318 511 394 555 per
405 511 545 540 unum
565 497 786 543 hominem
802 499 879 558 qui
895 500 1023 543 etiam
1040 502 1154 543 Deus
1171 509 1234 544 est
1254 503 1330 545 Dei
1345 503 1495 560 Filius,

121 567 270 608 Jesum
306 565 522 610 Christum
537 601 549 621 ‚
589 565 742 612 deletis
782 568 985 613 omnibus
1017 569 1202 628 peccatis
1240 574 1467 628 praeteritis
1485 608 1497 628 ‚

118 634 344 680 credentes
380 635 426 679 in
457 651 558 681 eum
590 652 739 682 omnes
765 638 810 682 in
836 648 1042 683 aeternam
1063 640 1195 684 vitam
1220 640 1499 698 ingrederen-

118 713 205 748 tur.

117 893 910 915 ΜΛΛΜΙΙΝἎΛΝἋΜΜΜΜἋΜΜΜΜΜΝἉ
964 902 965 906 ’
1107 899 1495 920 mmmmm

561 1050 780 1100 CAPUT
828 1054 1035 1101 XXVII.

110 1221 404 1282 Prophetias
426 1223 621 1270 Veteris
638 1224 942 1269 Testamenti
950 1224 1171 1284 impletas
1191 1230 1324 1272 cerni
1336 1230 1385 1272 in
1402 1229 1454 1274 E
1456 1246 1498 1274 c·

168 1292 330 1337 clesia.
352 1293 556 1338 -Hinc
572 1296 783 1354 firmata
803 1293 935 1355 fides
970 1311 1132 1340 eorum
1159 1313 1264 1355 quse
1291 1308 1495 1344 ventura

168 1372 367 1418 restant,
382 1362 560 1424 judicii
570 1363 779 1408 idtimiet
794 1367 1234 1411 resurrectionis.—
1254 1367 1493 1414 Cavenda?

167 1434 453 1477 tentationes
474 1450 507 1477 a
530 1433 670 1478 malis
703 1436 848 1478 etiam
870 1437 918 1479 in
936 1435 1164 1481 Ecclesia
1195 1440 1409 1496 repertis.
1433 1465 1489 1473 --

164 1501 384 1548 Societas
404 1518 510 1547 cam
536 1502 880 1563 bonis—Spes
894 1506 1046 1550 omnis
1068 1507 1117 1550 in
1135 1506 1258 1551 Deo.

166 1679 286 1721 LIII.
304 1678 455 1721 OMmA
470 1677 585 1720 enim
603 1692 701 1733 quae
715 1693 834 1718 nunc
847 1678 967 1719 vides
984 1679 1028 1717 in
1043 1679 1234 1721 Ecclesia
1248 1682 1340 1734 Dei,
1352 1690 1395 1726 et
1408 1683 1491 1726 sub

105 1748 265 1792 Christi
284 1748 461 1790 nomine
483 1759 560 1803 per
582 1753 725 1788 totum
744 1743 896 1787 orbem
918 1752 1132 1788 terrarum
1157 1747 1262 1803 geri,
1289 1759 1388 1792 ante
1408 1766 1484 1793 sae-

106 1816 203 1861 cula
219 1818 310 1875 jam
340 1813 548 1874 praedicta
570 1822 697 1864 sunt,
721 1821 764 1856 et
795 1811 909 1856 sicut
927 1827 976 1856 ea
996 1811 1202 1872 legimus,
1227 1815 1286 1859 ita
1309 1826 1351 1860 et
1368 1817 1490 1861 vide-

106 1901 225 1942 mus3
250 1894 294 1929 et
313 1883 415 1928 inde
432 1883 700 1927 aedificamur
721 1882 767 1925 in
788 1881 936 1926 fidem.
958 1884 1142 1927 Factum
1164 1893 1227 1928 est
1249 1884 1488 1945 aliquando

105 1955 318 2000 diluvium
335 1970 412 2014 per
436 1962 573 1998 totam
594 1961 775 2007 terram,
795 1960 845 1996 ut
866 1961 1109 2016 peccatores
1126 1953 1376 1999 delerentur
1402 1976 1410 2001 ι
1444 1967 1487 2002 et

104 2035 251 2070 tamen
292 2024 354 2067 issi
387 2025 463 2083 qui
486 2031 715 2067 evaserunt
743 2022 788 2065 in
823 2036 920 2067 arca
934 2057 946 2077 ‚
980 2033 1297 2068 sacramentum
1325 2024 1487 2071 futurae

103 2095 308 2140 Ecclesiae
339 2094 695 2138 demonstrabant
721 2127 733 2148 ,
763 2108 862 2153 quae
886 2109 1005 2138 nunc
1028 2094 1074 2137 in
1110 2095 1317 2140 fluctibus
1338 2098 1483 2141 saeculi

81 2160 85 2163 ¹
103 2174 241 2219 natat,
253 2173 296 2208 et
307 2179 383 2223 per
400 2164 566 2222 lignum
585 2164 724 2208 crucis
738 2164 898 2209 Christi
911 2179 934 2208 a
945 2164 1240 2209 submersione
1252 2165 1477 2211 liberatur.

105 2234 368 2280 Praedictum
391 2234 649 2278 estAbrahae
671 2233 790 2277 fideli
812 2248 934 2278 servo
956 2235 1048 2289 Dei,
1066 2235 1142 2278 uni
1163 2235 1345 2291 homini,
1362 2238 1483 2296 quod

104 2305 160 2350 de
176 2304 252 2348 illo
275 2313 384 2348 esset
404 2303 592 2363 populus
613 2304 868 2359 nasciturus,
903 2304 979 2364 qui
997 2306 1156 2349 coleret
1177 2320 1315 2349 unum
1343 2309 1481 2350 Deum

104 2375 216 2418 inter
232 2382 407 2418 caeteras
427 2382 575 2432 gentes
604 2388 703 2431 quae
733 2373 850 2419 idola
875 2373 1107 2418 colebant:
1135 2383 1176 2417 et
1209 2375 1353 2419 omnia
1385 2392 1484 2435 quae

105 2444 169 2488 illi
190 2444 354 2503 populo
375 2454 558 2489 ventura
580 2442 786 2503 praedicta
808 2454 909 2488 sunt
926 2479 936 2499 ,
969 2445 1026 2488 sic
1044 2455 1282 2489 evenerunt
1301 2454 1349 2489 ut
1364 2461 1478 2505 prae-

107 2514 221 2556 dicta
243 2523 356 2556 sunt.
384 2515 669 2572 Prophetatus
690 2523 752 2557 est
773 2513 819 2556 in
848 2513 922 2557 illo
943 2513 1075 2572 popu]
1095 2530 1105 2551 τ
1125 2514 1253 2558 etiam
1284 2515 1478 2559 Christus

109 2586 198 2626 Rex
216 2584 409 2627 omnium
429 2593 673 2629 sanctorum
692 2593 734 2627 et
750 2586 863 2627 Deus
885 2593 1089 2628 venturuf
1109 2600 1157 2628 cx
1173 2585 1472 2643 scmineipsius
