1871 3162
766 243 916 270 mnnx.
1450 237 1533 276 563

203 312 303 343 cnm
327 319 394 342 xx1.
420 308 586 346 Quomodo
602 312 727 350 tempus
739 307 836 340 liceat
848 308 964 341 metiri.
1366 323 1445 357 71⁰3·
1472 317 1534 346 309

314 374 394 396 xxn.
420 363 507 395 Petit
530 363 703 405 aenigmatis
721 362 811 396 istius
827 363 1014 396 solutionem
1031 373 1050 395 a
1065 365 1144 396 Deo.
1476 371 1540 401 310

304 430 392 452 xxm.
419 419 501 457 Quid
520 419 562 450 sit
581 423 720 461 tempus..
1474 426 1534 456 311

305 485 392 507 xxiv.
418 476 555 516 Tempus
571 478 622 505 est
641 485 703 515 quo
721 474 871 507 metimur
883 477 1004 508 motum
1020 474 1174 518 corporis
1475 481 1539 511 313

315 541 391 562 xxv.
419 531 535 562 Rursus
551 531 653 562 Deum
668 529 862 571 interpellat.
1476 536 1540 567 314

307 595 393 617 xxvi.
419 585 583 623 Quomodo
599 590 726 628 tempus
740 585 900 618 metimur.
1476 591 1540 621 315

298 651 396 672 xxvu.
425 641 588 678 Quomodo
603 641 752 673 metimur
769 645 896 683 tempus
908 649 1098 681 permanens
1111 638 1145 670 in
1157 639 1270 671 animo.
1477 646 1540 676 316

288 706 400 729 urm.
426 696 540 728 Animo
560 698 692 729 metitur
709 701 867 739 tempora.
1475 701 1538 732 319

311 761 398 783 xxix.
423 753 465 784 Se
482 752 514 783 in
531 752 720 794 temporalia
739 752 913 784 distentum
929 751 1020 793 cupit
1034 750 1068 783 in
1084 754 1186 784 Deum
1201 751 1318 795 colligi.
1478 756 1541 788 320

321 817 397 840 xxx.
423 808 574 849 Coarguit
597 817 721 839 rursum
749 806 973 840 obtrectantes
988 831 998 848 ,
1028 807 1104 851 quid
1129 807 1244 842 fecerit
1270 810 1352 842 Deus
1379 813 1454 842 ante

464 862 575 894 mundi
591 862 799 895 creationem.
1477 866 1536 897 321

308 928 396 951 xxxr.
423 919 588 957 Quomodo
605 918 770 961 cognoscit
785 920 881 960 Deus,
899 919 1060 961 quomodo
1072 924 1231 953 creatura.
1477 922 1540 953 322

155 1224 401 1270 Prosequitur
419 1225 763 1272 interpretationem
786 1226 941 1273 hujusce
959 1227 1136 1262 versiculi
1157 1237 1165 1262 ε
1189 1226 1238 1263 ln
1256 1229 1441 1275 principio
1460 1229 1542 1274 fecit

201 1282 301 1318 Deus
317 1284 445 1319 coelum
464 1288 497 1320 et
517 1288 666 1320 terram.
684 1284 764 1320 Illic
785 1285 935 1320 nomine
950 1285 1029 1321 coelz'
1047 1285 1290 1331 significatam
1309 1292 1415 1332 putat
1432 1288 1537 1332 spiri-

200 1342 315 1377 talem
344 1343 402 1379 vel
426 1343 716 1378 intellectualem
741 1343 839 1378 illam
860 1349 1097 1387 creaturam,
1124 1355 1207 1390 quae
1234 1355 1379 1391 semper
1410 1345 1540 1382 faciem

201 1398 269 1434 Dei
288 1400 561 1446 contemplatur
587 1414 595 1436 :
624 1406 730 1437 cerroe
758 1407 881 1437 autem
906 1401 1088 1437 vocabulo
1112 1402 1306 1437 informem
1324 1403 1540 1448 materiam,

200 1466 244 1491 ex
273 1468 347 1502 qua
374 1468 502 1493 rerum
529 1469 799 1505 corporearum
825 1458 966 1505 species
994 1461 1147 1496 fuerunt
1172 1461 1326 1506 posthac
1358 1462 1538 1498 tormatae.

203 1513 341 1550 Verum
373 1515 458 1551 alias
485 1516 751 1562 interpretandi
779 1518 939 1554 rationes
963 1518 1253 1564 haudquaquam
1275 1520 1538 1566 improbandas

201 1581 296 1608 esse:
325 1573 401 1608 imo
425 1583 470 1608 ex
498 1573 702 1620 Scripturae
729 1575 861 1612 divinae
883 1577 1138 1621 profunditate
1163 1577 1406 1624 multiplicem
1432 1589 1539 1625 posse

201 1630 281 1665 erui
300 1639 449 1666 sensum
468 1629 685 1667 confitetur.

219 1782 322 1814 CAPUT
368 1791 392 1812 1.
419 1776 562 1811 Difficilis
577 1776 739 1820 inquisitio
755 1777 836 1810 veri.
1470 1785 1535 1818 323

358 1845 392 1867 ιι.
417 1836 465 1866 De
481 1831 600 1875 duplici
618 1832 698 1865 coelo
715 1836 750 1865 et
764 1836 862 1866 terra.
1470 1842 1536 1873 324

312 1888 314 1890 ’
345 1900 389 1922 ιιι.
418 1888 499 1927 Quid
520 1887 664 1920 tenebrae
680 1899 775 1931 super
791 1887 908 1921 faciem
926 1888 1042 1932 abyssi.
1471 1896 1535 1928 325

346 1956 393 1978 iv·
419 1944 500 1983 Quid
516 1948 603 1976 terra
619 1944 781 1977 invisibilis
799 1949 833 1977 et
845 1945 1067 1987 incomposita.
1470 1951 1535 1983 326

355 2013 389 2033 v.
415 2001 477 2032 Cur
493 2000 540 2032 sic
558 1999 718 2042 appellata
734 2000 862 2033 videtur
882 2001 1017 2034 materia
1033 2001 1186 2034 informis.
1453 2005 1534 2038 ibid.

343 2067 387 2088 vr.
417 2055 496 2094 Quid
516 2055 591 2087 olim
615 2066 687 2087 cum
714 2056 895 2089 Manichaeis
915 2056 1052 2089 senserit
1077 2057 1118 2089 de
1141 2058 1273 2090 materia
1290 2058 1442 2102 informi,

460 2111 535 2154 quid
551 2111 658 2143 modo.
1470 2117 1534 2148 327

330 2176 387 2200 vu.
413 2167 438 2198 I.
466 2168 550 2198 Deus
565 2166 646 2199 fecit
662 2165 703 2198 de
715 2165 811 2198 nihilo
827 2165 955 2208 coelum,
968 2166 1001 2199 id
1013 2170 1076 2209 est,
1090 2150 1242 2210 Angelos3
1261 2174 1294 2201 et
1309 2173 1445 2211 terram,

459 2222 491 2254 id
508 2226 570 2263 est,
591 2223 764 2255 informem
780 2223 958 2256 materiam.
976 2240 1018 2246 —
1033 2225 1074 2256 Π.
1098 2225 1247 2265 Trinitas,
1262 2226 1377 2260 unitas.
1469 2229 1534 2261 328

315 2289 388 2311 vm.
414 2278 556 2310 Materia
573 2278 716 2310 informis
733 2289 773 2311 ex
788 2278 888 2311 nihilo
902 2291 909 2311 :
926 2290 966 2312 ex
977 2279 1039 2313 bac
1055 2281 1161 2314 omnia
1173 2281 1317 2315 visibilia.
1468 2285 1532 2317 329

344 2345 390 2367 lx.
417 2335 479 2367 Cur
495 2333 616 2376 absque
631 2334 755 2367 dierum
781 2336 942 2368 mentione
957 2336 1112 2379 scriptum
1139 2341 1188 2370 est
1208 2340 1308 2372 Deum
1323 2338 1444 2380 fecisse

367 2427 369 2429 ι
459 2389 491 2421 in
508 2389 666 2432 principio
680 2389 792 2422 coelum
809 2394 844 2423 et
858 2395 989 2424 terram.
1469 2395 1534 2429 330

357 2456 390 2477 x.
417 2447 443 2477 Α
462 2448 528 2478 Deo
545 2445 633 2488 cupit
654 2446 783 2479 edoceri
1466 2453 1526 2483 331

348 2510 391 2531 xl.
419 2500 498 2537 Quid
517 2511 535 2532 a
552 2503 618 2533 Deo
636 2501 798 2534 didicerit.
1466 2507 1529 2537 332

342 2567 396 2588 xn,
423 2557 572 2589 ereatura
589 2556 705 2600 duplex
725 2567 836 2590 carens
851 2560 1009 2600 tempore.
1468 2562 1530 2592 334
