1871 3162
212 242 295 282 378
591 251 625 283 s.
672 251 903 284 metram-Im
934 253 1115 283 mist-,01²1

736 571 949 620 CAPUT
985 572 1093 621 XV.

210 729 330 774 Fiat
341 730 708 790 firmamentum
726 738 814 776 etc.
835 731 943 774 Gen.
966 748 998 784 1,
1022 735 1090 773 19.
1112 727 1230 782 Quid
1246 728 1588 783 firmamentum,

621 800 729 861 quid
758 802 997 860 superiores
1036 816 1174 860 aquae.

268 959 387 1002 XVI.
404 959 500 1002 Aur
512 957 608 1018 quis
631 957 711 1002 nisi
727 966 791 1012 tu,
818 960 932 1002 Deus
953 965 1114 1011 noster,
1140 954 1279 1000 fecisti
1301 956 1426 1000 nobis
1451 973 1469 998 «a
1495 956 1592 999 Fir-

212 1045 232 1069 »
266 1037 539 1071 mamentum
563 1046 583 1068 n
611 1027 878 1072 auctoritatis
909 1041 1037 1086 super
1074 1041 1152 1070 nos
1182 1027 1228 1069 in
1268 1026 1490 1084 Scriptura
1511 1034 1587 1069 tua

209 1097 386 1143 divina?
413 1117 431 1139 «
448 1097 623 1143 Coelum
646 1099 762 1142 enim
784 1097 1018 1156 plicabitur
1034 1106 1080 1141 ut
1094 1096 1204 1140 liber
1218 1098 1249 1147 ¹,
1278 1115 1297 1137 »
1324 1105 1367 1140 et
1389 1112 1507 1141 nunc
1537 1096 1594 1139 si-

206 1178 281 1213 cut
304 1168 426 1227 pellis
458 1169 706 1213 extenditur
743 1183 871 1227 super
893 1183 970 1212 nos
982 1171 1015 1211 ².
1041 1166 1311 1212 Sublimioris
1342 1166 1458 1210 enim
1486 1182 1591 1211 auc-

209 1240 392 1284 toritatis
408 1249 472 1283 est
492 1249 565 1283 tua
588 1239 732 1283 divina
752 1240 988 1298 Scriptura,
1008 1253 1109 1282 cum
1128 1239 1218 1297 jam
1240 1238 1445 1281 obierunt
1467 1239 1592 1282 istam

209 1320 391 1354 mortem
414 1309 477 1353 illi
498 1310 726 1365 mortales,
748 1326 826 1369 per
848 1325 956 1370 quos
973 1324 1068 1353 eam
1087 1308 1342 1368 dispensasti
1374 1309 1514 1352 nobis.
1532 1311 1589 1352 Et

208 1389 257 1424 tu
280 1381 374 1433 scis,
402 1381 600 1435 Domine,
621 1390 670 1424 tu
691 1381 771 1425 scis
792 1379 1166 1440 quemadmodum
1188 1377 1376 1436 pellibus
1399 1378 1592 1422 indueris

210 1451 408 1495 homines
423 1486 433 1503 ,
457 1466 557 1494 cum
580 1460 758 1509 peccato
776 1449 976 1494 mortales
998 1449 1153 1492 fierent
1167 1449 1197 1490 3.
1227 1449 1350 1492 Unde
1369 1448 1480 1492 sicut
1503 1448 1594 1506 pel-

208 1520 294 1564 lem
317 1520 545 1565 extendisti
569 1521 891 1564 firmamentum
917 1519 1032 1563 Libri
1061 1519 1147 1572 tui,
1172 1516 1409 1561 concordes
1440 1517 1593 1577 utique

208 1607 426 1636 sermones
442 1601 540 1636 tuos
557 1627 566 1645 ,
590 1607 698 1650 quos
720 1606 795 1650 per
811 1589 1059 1634 mortalium
1078 1589 1363 1632 ministerium
1379 1604 1591 1648 superpo-

208 1662 329 1706 suisti
366 1662 505 1705 nohis.
540 1664 737 1721 Namque
771 1661 860 1720 ipsa
896 1675 1046 1704 eorum
1084 1668 1224 1703 morte
1256 1658 1592 1703 solidamentum

209 1732 474 1776 auctoritatis
507 1733 550 1775 in
579 1731 762 1791 eloquiis
792 1732 877 1774 tuis
899 1746 975 1790 per
998 1745 1071 1774 eos
1092 1729 1218 1773 editis
1240 1728 1484 1773 sublimiter
1514 1745 1592 1773 ex-

208 1802 402 1846 tenditur
425 1817 552 1861 super
585 1802 730 1845 omnia
763 1817 862 1861 quae
898 1801 1046 1845 subter
1080 1809 1182 1843 sunt
1208 1819 1216 1844 :
1242 1799 1363 1859 quod
1385 1814 1486 1843 cum
1521 1800 1592 1844 hic

207 1873 418 1926 viverent,
435 1888 524 1916 non
546 1873 604 1916 ita
623 1871 868 1915 sublimiter
889 1879 1112 1914 extentum
1130 1878 1235 1912 erat.
1256 1870 1463 1914 Nondum
1480 1870 1593 1914 sicut

207 1942 364 2002 pellem
386 1943 547 1987 coelum
568 1942 821 1986 extenderas
837 1976 848 1997 ‚
874 1941 1072 1985 nondum
1091 1940 1240 1984 mortis
1262 1954 1413 1983 eorum
1431 1938 1591 1983 famam

209 2029 525 2074 usquequaque
553 2012 823 2057 dilataveras.

267 2086 408 2127 XVII.
437 2083 692 2137 Videamus,
713 2083 909 2135 Domine,
930 2080 1062 2124 coelos
1086 2094 1214 2138 opera
1233 2078 1467 2137 digitorum
1488 2087 1590 2122 tuo-

210 2169 305 2197 rum
328 2174 336 2198 :
358 2153 575 2198 disserena
602 2153 739 2197 oculis
754 2152 907 2196 nostris
929 2148 1131 2193 nubilum
1151 2164 1238 2208 quo
1256 2148 1478 2191 subtexisti
1500 2163 1586 2192 eos.

211 2225 276 2268 Ibi
298 2234 361 2269 est
384 2225 679 2269 testimonium
698 2233 840 2277 tuum,
861 2222 1111 2281 sapientiam
1132 2228 1338 2278 praestans
1356 2219 1586 2278 parvulis4.

210 2294 392 2348 Perfice,
431 2297 543 2338 Deus
582 2308 725 2344 meus,
758 2291 929 2335 laudem
956 2300 1073 2334 tuam
1097 2305 1146 2332 ex
1174 2304 1247 2333 ore
1282 2289 1515 2333 infantium
1548 2297 1592 2333 et

209 2363 477 2408 lactentium.
499 2366 649 2423 Neque
664 2363 776 2406 enim
797 2362 996 2406 novimus
1015 2360 1118 2404 alios
1131 2359 1264 2403 libros
1277 2359 1336 2403 ita
1358 2359 1590 2402 destruen-

210 2442 273 2477 tes
289 2433 554 2492 superbiam,
581 2434 640 2477 ita
663 2432 934 2476 destruentes
956 2430 1178 2474 inimicum
1203 2437 1246 2472 et
1269 2427 1584 2483 defensorem,

265 2530 278 2550 ¹
291 2523 363 2561 lsai.
390 2539 478 2571 xxiv,
493 2529 525 2570 4.
543 2546 583 2552 -—
600 2536 612 2552 ²
630 2529 710 2561 Psal.
728 2539 794 2569 cm,
811 2538 843 2560 2.
864 2544 905 2550 —
923 2526 935 2551 3
952 2529 1030 2559 Gen.
1058 2536 1103 2565 in,
1123 2534 1175 2557 21.
1197 2542 1237 2547 —
1256 2524 1270 2553 4
1286 2525 1366 2556 Psal,
1391 2534 1480 2565 xviii,
1495 2526 1528 2556 8.
1548 2540 1589 2547 —

211 2583 224 2608 5
245 2584 290 2617 Id.
313 2596 386 2626 vni,
405 2585 435 2624 3,
462 2584 493 2626 4.
