1871 3162
238 112 294 182 ψ

250 198 334 268 fleto
681 219 713 248 5.
752 219 982 249 AUGUSTINI
1017 222 1198 248 EPISCOPI

250 285 347 328 tabe
368 284 591 328 confectus
613 286 718 329 sim?
749 285 833 329 Sed
859 300 1006 344 quaeso
1025 294 1066 328 te
1084 286 1117 328 si
1133 283 1241 344 quid
1268 284 1313 327 in
1335 298 1403 326 me
1427 283 1557 337 vales,
1581 292 1631 328 ut

249 369 318 397 me
345 364 482 397 tentes
510 370 585 413 per
606 354 751 414 aliqua
772 355 1030 413 compendia
1054 354 1230 409 ducere,
1251 363 1301 398 ut
1323 353 1392 398 vel
1414 354 1631 397 vicinitate

248 424 460 468 nonnulla
488 423 612 479 lucis,
636 424 750 468 illius
771 439 904 483 quam
934 425 969 467 si
1000 423 1106 482 quid
1137 424 1302 483 profeci
1335 422 1518 467 tolerare
1542 424 1634 482 jam

248 509 438 552 possum,
461 495 606 553 pigeat
629 494 776 538 0011105
800 494 960 537 referre
983 493 1039 537 ad
1060 494 1152 538 illas
1172 494 1386 548 tenebras,
1407 508 1514 552 quas
1531 493 1633 535 reli-

247 564 344 622 qui,
378 564 412 607 si
440 573 583 607 tamen
614 563 775 607 relictae
808 563 1006 607 dicendae
1034 572 1152 618 sunt,
1188 579 1287 623 quae
1319 563 1503 608 caecitati
1526 577 1634 605 meae

249 632 391 678 adhuc
409 633 596 678 blandiri
613 634 790 678 audent.

251 812 389 827 ’Σινῖννιὶ
395 812 883 828 xxmxstvmmwwvwvswm
889 812 1621 829 mmmxmwnxmwwwxmmnmmmmw

764 944 975 993 CAPUT
1015 947 1118 992 XV.

305 1100 486 1142 Anima
522 1099 758 1156 quomodo
787 1102 1103 1161 Cognoscitur.
1130 1126 1188 1133 —
1215 1099 1267 1144 F
1267 1098 1426 1143 z'ducz'a
1460 1115 1575 1161 erga

856 1168 1027 1213 Deum.

304 1331 487 1372 XXVII.
524 1333 576 1372 R.
612 1331 948 1383 Concrummus,
971 1330 1004 1373 si
1023 1330 1178 1388 placet,
1194 1331 1278 1373 hoc
1298 1330 1483 1387 primum
1506 1326 1634 1370 volu-

244 1413 361 1452 men,
388 1408 433 1442 ut
451 1401 541 1458 jam
557 1400 602 1442 in
617 1399 809 1443 secundo
826 1399 1032 1459 aliquam,
1059 1417 1158 1460 quae
1179 1399 1408 1444 commoda
1432 1412 1635 1441 occurre-

245 1468 315 1521 rit,
352 1469 654 1527 aggrediamur
685 1470 813 1513 viam.
846 1472 943 1514 Non
971 1471 1087 1513 enim
1122 1471 1222 1513 huic
1246 1468 1467 1512 affectioni
1501 1477 1587 1510 tuae
1611 1483 1633 1510 3

245 1538 467 1582 moderata
513 1539 820 1582 exercitatione
862 1540 1116 1582 cessandum
1146 1549 1222 1583 est.
1270 1543 1322 1582 A.
1368 1540 1463 1582 Non
1498 1538 1634 1580 sinam

245 1610 422 1652 omnino
445 1609 649 1652 concludi
670 1610 789 1653 hunc
812 1609 1034 1663 libellum,
1070 1610 1149 1652 nisi
1172 1609 1278 1652 mihi
1301 1607 1522 1652 modicum
1546 1623 1634 1666 quo

244 1679 437 1721 intentus
464 1679 543 1721 sim
567 1678 620 1721 de
640 1679 795 1721 vicinia
817 1679 926 1722 lucis
949 1679 1183 1736 aperueris.
1222 1682 1274 1721 R.
1311 1678 1434 1721 Gerit
1457 1677 1536 1720 tibi
1562 1675 1634 1719 ille

246 1748 435 1791 medicus
458 1762 637 1790 morem.
658 1750 767 1790 Nam
786 1748 928 1790 nescio
951 1748 1046 1806 quis
1063 1763 1132 1790 me
1149 1763 1238 1806 quo
1257 1757 1299 1790 te
1316 1747 1474 1790 ducam
1491 1746 1635 1803 fulgor

244 1818 398 1860 invitat
424 1827 465 1859 et
498 1818 647 1873 tangit.
676 1819 828 1874 Itaque
850 1816 996 1874 accipe
1019 1816 1228 1859 intentus.
1260 1820 1311 1859 A.
1340 1819 1447 1869 Duc,
1473 1831 1548 1860 oro
1575 1825 1631 1869 te,

244 1903 291 1930 ac
314 1902 416 1945 rape
436 1903 523 1945 quo
546 1888 622 1929 vis.
646 1890 698 1930 R.
728 1886 930 1929 Animam
955 1896 996 1929 te
1016 1897 1132 1930 certe
1155 1887 1275 1941 dicis,
1302 1897 1345 1930 et
1363 1891 1501 1930 Deum
1524 1887 1634 1930 velle

244 1958 530 2014 cognoscere?
552 1961 603 1999 A.
632 1959 725 1999 Hoc
743 1964 806 1998 est
830 1964 972 1999 totum
990 1957 1214 2013 negotium
1233 1971 1395 1999 meum.
1422 1959 1474 1998 R.
1502 1956 1634 2000 Nihil-

245 2042 299 2070 ne
316 2027 532 2085 amplius?
554 2030 605 2070 A.
632 2026 748 2071 Nihil
764 2041 953 2084 prorsus.
976 2029 1028 2068 R.
1055 2026 1197 2077 Quid?
1214 2026 1450 2068 Veritatem
1465 2040 1553 2068 non
1571 2025 1633 2069 vis

245 2097 644 2155 comprehendere?
667 2100 717 2139 A.
744 2096 876 2148 Quasi
897 2111 999 2139 vero
1021 2095 1179 2153 possim
1202 2096 1294 2139 haec
1317 2095 1397 2138 nisi
1416 2110 1492 2153 per
1513 2095 1631 2138 1113111

244 2182 518 2225 cognoscere.
545 2170 597 2209 R.
624 2169 736 2223 Ergo
754 2167 872 2224 prius
886 2167 974 2225 ipsa
991 2165 1290 2223 cognoscenda
1307 2175 1385 2218 est,
1405 2180 1482 2224 per
1499 2181 1631 2224 quam

246 2246 427 2295 possunt
459 2236 531 2279 1113
564 2236 780 2294 cognosci.
819 2239 868 2279 A.
897 2234 1012 2279 Nihil
1035 2236 1198 2278 abnuo.
1232 2238 1285 2278 R.
1320 2235 1463 2279 Primo
1486 2236 1633 2294 itaque

246 2305 356 2349 illud
392 2305 632 2359 videamus,
668 2320 769 2349 cum
804 2304 892 2349 duo
930 2305 1061 2348 verba
1098 2305 1182 2348 sint
1217 2304 1370 2348 veritas
1405 2315 1447 2348 et
1482 2320 1633 2348 verum

247 2383 396 2418 utrum
427 2375 507 2418 tibi
540 2376 669 2419 etiam
704 2390 769 2418 res
794 2374 893 2418 duae
923 2375 1013 2418 istis
1034 2375 1177 2418 verbis
1198 2374 1443 2432 significari,
1469 2390 1523 2418 311
1547 2391 1632 2419 11113

247 2443 468 2487 videatur?
490 2448 543 2488 A.
570 2448 673 2488 Duae
696 2460 761 2488 res
779 2444 997 2489 videntur.
1023 2447 1132 2489 Nam
1148 2453 1197 2488 ut
1219 2443 1336 2487 aliud
1356 2454 1420 2488 est
1440 2446 1627 2497 castitas,

245 2512 361 2556 aliud
395 2523 577 2565 castum,
603 2524 644 2557 et
668 2513 802 2557 multa
834 2516 875 2557 in
900 2515 1015 2557 hunc
1044 2514 1236 2565 modum,
1265 2514 1320 2556 113
1352 2514 1481 2557 credo
1504 2514 1621 2558 aliud
