1871 3162
502 293 556 319 DE
585 291 911 320 cuncmzAnms
942 294 996 320 nu
1004 295 1135 321 mnus.
1418 285 1501 326 547

133 355 412 399 resurrecturi
433 364 535 399 sunt
557 375 566 400 ι
588 365 632 399 et
669 354 867 401 ostendet
888 355 946 399 eis
965 358 1080 399 Deus
1094 389 1105 409 ‚
1131 359 1231 415 quia
1253 360 1330 418 qui
1360 362 1505 418 potuit

132 424 227 468 haec
251 437 430 482 corpora
462 423 603 468 facere
636 433 869 484 antequam
897 433 1056 479 essent,
1078 433 1220 482 potest
1255 441 1305 471 ea
1341 428 1387 471 in
1411 444 1506 475 mo-

132 503 281 538 mento
301 493 526 537 restituere
546 495 659 538 sicut
670 504 806 538 erant.
832 496 993 538 Omnes
1015 502 1162 538 autem
1181 493 1330 540 fideles
1352 512 1507 556 regna-

132 563 220 607 turi
237 576 337 606 cum
358 562 548 617 Christo,
566 564 624 607 ita
639 572 862 622 resurgent
873 565 919 606 in
936 562 1090 607 eodem
1106 577 1304 622 corpore,
1323 567 1511 613 utetiam

135 632 395 677 commutari
422 642 672 677 mereantur
693 635 748 678 ad
769 633 1141 692 incorruptionem
1170 632 1407 692 angelicam
1428 654 1438 681 ε
1463 648 1515 683 ut

133 703 242 746 fiant
262 701 450 762 aequales
461 703 635 761 Angelis
653 705 747 757 Dei,
758 704 870 747 sicut
882 704 1091 747 Dominus
1104 703 1193 762 ipse
1208 704 1421 762 promisit¹
1439 725 1450 763 3
1470 715 1514 752 et

131 772 314 816 laudent
335 788 436 817 eum
467 774 556 817 sine
578 773 724 833 aliquo
746 774 923 818 delectu
943 782 986 817 et
1016 775 1107 817 sine
1134 773 1282 833 aliquo
1313 773 1510 833 fastidio,

131 855 299 900 semper
321 842 514 886 viventes
535 843 580 885 in
591 841 666 886 illo
688 852 731 886 et
755 842 809 886 de
830 843 922 897 illo,
947 857 1047 887 cum
1066 842 1142 887 tali
1167 843 1328 902 gaudio
1347 852 1392 889 et
1411 845 1512 891 bea-

131 910 334 964 titudine,
350 910 470 969 quali
490 926 569 955 nec
586 910 669 954 dici
691 927 771 955 nec
792 912 970 970 cogitari
992 913 1046 957 ab
1069 913 1245 957 homine
1267 922 1423 972 potest.

191 981 281 1023 LV.
321 982 386 1023 Tu
421 980 569 1039 itaque
589 980 768 1025 credens
795 982 873 1025 ista
892 1015 903 1035 ,
943 996 1046 1026 cave
1069 983 1358 1041 tentationes3
1393 985 1515 1044 (quia

132 1049 332 1093 diabolus
353 1050 512 1109 quaerit
536 1051 611 1109 qui
628 1065 772 1094 secum
794 1060 972 1109 pereant
1000 1055 1037 1109 ι)
1066 1061 1116 1096 ut
1141 1068 1232 1097 non
1257 1053 1400 1098 solum
1433 1069 1511 1113 per

133 1134 206 1163 eos
218 1120 292 1178 qui
312 1129 429 1164 extra
451 1119 687 1164 Ecclesiam
707 1129 823 1175 sunt,
837 1120 924 1165 sive
936 1122 1115 1180 Pagani‚
1135 1122 1222 1166 sive
1240 1125 1265 1166 J
1269 1123 1400 1179 udaei‚
1425 1125 1514 1169 sive

132 1188 341 1243 haeretici,
357 1203 447 1233 non
468 1198 510 1233 te
531 1189 664 1233 hostis
676 1188 747 1233 ille
763 1189 942 1234 seducat
959 1211 970 1248 3
988 1191 1063 1234 sed
1076 1192 1205 1235 etiam
1226 1207 1336 1252 quos
1356 1194 1403 1237 in
1421 1193 1515 1252 ipsa

134 1257 327 1302 Ecclesia
340 1258 554 1303 catholica
575 1259 732 1302 videris
749 1260 862 1303 male
883 1259 1091 1315 viventes,
1118 1270 1191 1305 aut
1208 1262 1516 1308 immoderatos

137 1326 435 1385 voluptatibus
456 1328 616 1373 ventris
638 1338 682 1372 et
704 1330 905 1387 gutturis,
932 1339 1008 1374 aut
1021 1330 1279 1389 impudicos,
1297 1340 1373 1376 aut
1393 1331 1514 1376 vanis

136 1398 456 1442 curiositatibus
470 1398 541 1443 vel
554 1398 712 1443 illicitis
732 1398 917 1453 deditos,
942 1400 1028 1444 sive
1044 1401 1408 1460 spectaculorum,
1428 1402 1516 1447 sive

135 1468 427 1512 remediorum
441 1477 516 1512 aut
524 1468 841 1513 divinationum
858 1469 1186 1526 diabolicarum,
1201 1471 1345 1516 sivein
1356 1485 1517 1531 pompa

133 1545 177 1582 et
190 1537 330 1595 typho
351 1537 540 1582 avaritiae
554 1547 685 1596 atque
703 1539 933 1597 superbiae,
954 1539 1042 1583 sive
1063 1540 1110 1584 in
1126 1539 1270 1600 aliqua
1282 1541 1370 1585 vita
1383 1555 1518 1601 quam

131 1605 199 1650 lex
227 1606 406 1651 damnat
440 1616 484 1651 et
505 1608 658 1666 punit,
687 1624 777 1653 non
799 1624 870 1652 eos
897 1609 1077 1654 imiteris
1102 1628 1111 1654 ι
1149 1611 1226 1654 sed
1246 1611 1391 1669 potius
1414 1626 1514 1656 con-

129 1676 323 1735 jungaris
346 1676 497 1730 bonis,
522 1692 631 1733 quos
658 1679 914 1719 inventurus
948 1693 992 1717 es
1017 1676 1145 1718 facile
1161 1709 1172 1729 ‚
1203 1679 1236 1719 si
1270 1688 1313 1722 et
1339 1688 1388 1723 tu
1419 1679 1516 1723 talis

132 1744 287 1801 fueris3
305 1755 355 1788 ut
376 1743 504 1788 simul
524 1743 673 1787 colatis
695 1752 737 1786 et
758 1742 945 1801 diligatis
961 1746 1102 1786 Deum
1134 1744 1264 1801 gratis
1287 1764 1296 1789 :
1321 1748 1424 1804 quia
1446 1756 1516 1792 to-

132 1824 227 1859 tum
244 1814 474 1873 praemium
496 1822 695 1857 nostrum
721 1813 811 1871 ipse
832 1812 934 1866 erit,
955 1821 1004 1856 ut
1024 1813 1069 1856 in
1091 1812 1165 1856 illa
1180 1813 1268 1857 vita
1284 1849 1294 1868 ‚
1319 1814 1516 1861 bonitate

133 1886 224 1943 ejus
246 1893 289 1927 et
310 1882 637 1942 pulchritudine
654 1880 944 1941 perfruamur.
974 1881 1058 1926 Sed
1080 1883 1288 1927 amandus
1311 1893 1374 1928 est
1390 1919 1402 1939 ,
1426 1901 1517 1931 non

134 1954 245 1998 sicut
271 1952 436 2012 aliquid
467 1952 587 2012 quod
619 1953 792 1996 videtur
825 1950 985 2009 oculis3
1009 1951 1085 1996 sed
1113 1952 1222 1996 sicut
1247 1963 1416 1998 amatur
1442 1970 1513 2000 sa-

92 2061 96 2064 .
133 2024 294 2083 pientia
311 2057 322 2077 ,
347 2031 391 2066 et
405 2023 584 2076 veritas,
608 2031 651 2065 et
675 2021 876 2065 sanctitas
890 2055 901 2075 ,
921 2030 964 2065 et
983 2022 1164 2080 justitia,
1180 2031 1223 2066 et
1240 2023 1445 2079 charitas,
1470 2034 1514 2070 et

135 2094 291 2153 siquid
313 2091 431 2136 aliud
446 2092 532 2136 tale
552 2091 709 2136 dicitur
732 2111 741 2136 ε
766 2107 856 2136 non
869 2091 1240 2151 quemadmodum
1260 2103 1362 2138 sunt
1372 2095 1452 2139 ista
1465 2095 1513 2140 in

134 2163 410 2220 hominibu53
435 2161 510 2206 sed
530 2161 900 2222 quemadmodum
923 2171 1024 2206 sunt
1052 2162 1099 2206 in
1120 2163 1213 2221 ipso
1233 2161 1355 2208 fonte
1371 2164 1516 2209 incor—

136 2231 354 2292 ruptibilis
376 2241 419 2276 et
432 2231 798 2276 incommutabilis
820 2231 1055 2290 sapientiae.
1081 2234 1389 2293 Quoscumque
1410 2249 1513 2293 ergo

136 2302 293 2348 videris
312 2302 407 2346 haec
425 2317 590 2356 amare,
615 2298 698 2345 illis
719 2303 1003 2361 conjungere,
1030 2312 1080 2347 ut
1100 2318 1177 2361 per
1193 2303 1414 2348 Christum
1437 2306 1515 2365 qui

90 2427 93 2431 Ι
137 2374 269 2416 homo
287 2371 425 2415 factus
443 2381 528 2425 est,
553 2380 603 2415 ut
625 2381 731 2415 esset
753 2373 967 2416 Mediator
990 2372 1068 2416 Dei
1100 2382 1142 2416 et
1162 2374 1414 2431 hominum,
1437 2390 1511 2420 re-

138 2441 378 2487 concilieris
390 2444 496 2486 Deo.
522 2442 727 2486 Homines
751 2450 893 2485 autem
914 2457 1150 2501 perversos,
1170 2443 1336 2488 etiamsi
1351 2445 1514 2490 intrent

142 2512 324 2571 parietes
336 2511 656 2566 Ecclesiae‚non
675 2527 745 2556 eos
769 2511 985 2555 arbitreris
1007 2511 1244 2558 intraturos
1264 2516 1309 2558 in
1330 2529 1511 2573 regnum

192 2603 200 2619 ¹
222 2597 298 2628 Luc.
319 2606 373 2635 xx,
394 2595 445 2627 36.
