1871 3162
602 251 953 289 courzssmmnu,
988 252 1070 278 Lm.
1106 253 1150 278 x.
1485 244 1564 283 251

195 320 288 361 Hoc
308 330 411 375 ergo
428 331 507 359 nec
529 315 733 360 amissum
752 330 946 374 quaerere
963 316 1200 375 poterimus
1215 350 1227 371 ,
1252 317 1373 377 quod
1390 321 1569 366 omnino

194 386 319 431 obliti
335 385 561 430 fuerimus.

193 557 895 581 mmmmm
1319 563 1564 583 mmmm

693 693 909 744 CAPUT
948 696 1058 743 XX.

258 848 324 896 Ut
342 848 684 896 beatitudinem
711 865 876 896 omnes
898 860 1161 911 appetant,
1185 859 1374 914 oportet
1398 867 1508 898 eam

762 931 990 967 novemnt.

246 1078 410 1120 XXIX.
435 1078 653 1130 Quomono
684 1092 785 1135 ergo
816 1087 859 1122 te
882 1093 1055 1138 quaero,
1075 1079 1290 1122 Domine?
1309 1081 1423 1124 Cum
1454 1080 1572 1124 enim

188 1155 228 1189 to
251 1150 389 1190 Deum
422 1162 567 1191 meum
589 1164 762 1206 quaero,
803 1148 937 1191 vitam
966 1149 1136 1193 beatam
1160 1164 1324 1208 quaero.
1368 1152 1570 1202 Quaeram

187 1225 229 1259 te
246 1251 256 1269 ‚
282 1225 331 1259 ut
351 1217 464 1260 vivat
483 1217 626 1261 anima
647 1232 757 1260 mea.
784 1217 902 1261 Vivit
920 1217 1035 1261 enim
1059 1233 1215 1276 corpus
1243 1234 1384 1262 meum
1402 1219 1456 1263 de
1475 1221 1571 1264 ani-

185 1301 252 1328 ma
278 1301 388 1340 mea,
415 1295 458 1329 et
484 1286 592 1329 vivit
612 1287 753 1331 anima
774 1302 869 1331 mea
885 1287 939 1330 de
961 1297 1019 1331 te.
1048 1288 1274 1341 Quomodo
1296 1304 1399 1347 ergo
1420 1306 1570 1345 quaero

183 1356 317 1399 vitam
341 1356 543 1400 beatam?
565 1357 665 1416 quia
686 1372 775 1400 non
805 1366 867 1400 est
893 1357 999 1400 mihi
1022 1359 1161 1401 donec
1195 1358 1336 1402 dicam
1355 1378 1363 1403 :
1386 1362 1458 1404 Sat
1479 1370 1568 1416 est,

188 1425 275 1469 illic
298 1426 374 1469 ubi
396 1436 567 1485 oportet
585 1436 633 1470 ut
655 1428 826 1471 dicam?
849 1428 1080 1480 Quomodo
1103 1444 1195 1472 eam
1220 1432 1568 1488 quaero?Utrum

183 1512 258 1555 per
276 1495 620 1540 recordationem
644 1506 853 1556 tanquam
874 1512 967 1540 eam
991 1497 1152 1541 oblitus
1175 1499 1270 1552 sim,
1293 1499 1568 1560 oblitumque

182 1581 252 1609 me
276 1582 364 1610 esse
387 1567 529 1610 adhuc
551 1576 747 1622 teneam3
773 1582 827 1610 an
848 1582 924 1626 per
943 1568 1183 1626 appetitum
1203 1568 1396 1613 discendi
1415 1571 1568 1629 incog-

181 1637 334 1690 nitam3
355 1637 442 1680 sive
460 1652 592 1696 quam
610 1653 838 1697 nunquam
855 1638 1042 1693 scierim,
1069 1639 1158 1683 sive
1180 1655 1310 1698 quam
1329 1640 1385 1683 sic
1409 1640 1568 1685 oblitus

182 1705 337 1749 fuerim
367 1715 415 1749 ut
437 1721 505 1749 me
527 1721 606 1750 nec
631 1706 816 1750 oblitum
844 1722 934 1751 esse
968 1708 1270 1751 meminerim?
1299 1711 1453 1753 Nonne
1475 1711 1566 1769 ipsa

182 1785 245 1819 est
271 1776 393 1819 beata
423 1776 511 1819 vita
536 1791 669 1835 quam
696 1791 846 1820 omnes
864 1776 1019 1820 volunt
1036 1812 1046 1831 ‚
1072 1787 1115 1821 et
1144 1778 1323 1822 omnino
1358 1780 1434 1838 qui
1457 1780 1566 1824 nolit

183 1861 311 1889 nemo
332 1847 428 1888 est?
451 1846 533 1889 Ubi
555 1854 770 1889 noverunt
793 1861 886 1889 eam
903 1881 914 1899 ‚
939 1845 1059 1905 quod
1081 1847 1140 1891 sic
1162 1847 1318 1891 volunt
1339 1863 1431 1892 eam
1447 1851 1465 1892 P
1481 1850 1564 1893 Ubi

181 1915 401 1969 viderunt,
418 1924 467 1958 ut
484 1925 678 1958 amarent
699 1930 793 1958 eam
809 1916 825 1956 ⁶?
844 1916 1058 1959 Nimirum
1073 1916 1284 1961 habemus
1305 1933 1396 1960 eam
1422 1920 1564 1964 nescio
1628 1933 1631 1934 ’

182 1984 419 2044 quomodo.
446 1988 502 2029 Et
523 1994 584 2028 est
606 1985 714 2028 alius
746 1985 923 2045 quidam
946 1986 1125 2042 modus,
1149 2003 1238 2047 quo
1260 1989 1443 2048 quisque
1464 2004 1563 2034 cum
1631 2037 1633 2041 ,

180 2055 314 2099 habet
346 2070 439 2098 eam
458 2089 469 2109 ‚
494 2064 597 2099 tunc
620 2056 770 2099 beatus
793 2064 856 2099 est
878 2074 886 2100 z
921 2064 964 2100 et
980 2065 1081 2100 sunt
1108 2058 1182 2116 qui
1204 2072 1278 2116 spe
1306 2058 1422 2102 beati
1444 2068 1561 2104 sunt.

183 2123 393 2168 Inferiore
414 2123 544 2169 modo
566 2125 634 2169 isti
656 2125 821 2169 habent
842 2140 936 2168 eam
958 2141 1090 2184 quam
1116 2125 1180 2169 illi
1203 2127 1279 2186 qui
1296 2128 1386 2187 jam
1409 2143 1455 2171 re
1473 2130 1565 2187 ipsa

184 2195 300 2238 beati
321 2203 449 2251 sunt3
474 2194 548 2238 sed
569 2203 716 2238 tamen
739 2195 938 2239 meliores
967 2211 1098 2254 quam
1126 2195 1188 2239 illi
1211 2197 1288 2255 qui
1311 2213 1391 2242 nec
1420 2214 1466 2242 re
1487 2214 1567 2243 nec

183 2280 257 2323 spe
281 2264 395 2309 beati
412 2274 527 2309 suut.
551 2265 632 2318 Qui
654 2274 800 2309 tamen
822 2266 950 2310 etiam
973 2266 1053 2325 ipsi
1070 2267 1151 2311 nisi
1168 2267 1316 2327 aliquo
1339 2267 1470 2313 modo
1485 2270 1566 2314 ha-

184 2335 338 2378 berent
360 2350 469 2389 eam,
490 2336 652 2380 nonita
671 2334 832 2379 vellent
853 2335 969 2379 beati
991 2352 1096 2392 esse,
1111 2337 1232 2396 quod
1249 2353 1320 2382 eos
1340 2337 1452 2383 velle
1473 2354 1567 2383 cer-

184 2404 396 2448 tissimum
429 2414 506 2448 est.
538 2406 689 2450 Nescio
717 2405 942 2465 quomodo
971 2416 1189 2451 noverunt
1221 2422 1337 2462 eam,
1378 2408 1565 2469 ideoque

183 2475 346 2518 habent
361 2490 453 2518 eam
477 2475 522 2519 in
540 2476 682 2520 nescio
703 2492 790 2536 qua
812 2477 987 2532 notitia,
1011 2476 1066 2521 de
1087 2493 1175 2537 qua
1189 2488 1336 2536 satago
1351 2487 1501 2524 utrum
1518 2481 1564 2524 in

186 2545 390 2589 memoria
407 2545 461 2589 sit
481 2564 489 2589 z
513 2545 615 2604 quia
636 2545 669 2589 si
682 2545 744 2590 ibi
765 2555 850 2603 est,
870 2548 960 2606 jam
977 2546 1091 2592 beati
1113 2546 1275 2593 fuimus
1295 2547 1532 2608 aliquando
1550 2570 1561 2606 ς
