1871 3162
560 238 906 274 confassmiwm,
941 237 1023 263 Lis.
1061 238 1158 264 xm.
1463 229 1546 268 399

169 304 339 363 opeiis:
360 311 403 347 et
425 301 585 361 gaudet
614 303 673 346 eis
704 303 806 362 quia
837 301 1181 361 repullularunt,
1204 316 1292 346 non
1328 304 1409 346 sibi
1446 306 1548 363 quia

168 375 258 434 ejus
270 373 521 447 indigentiae
543 373 854 418 subvenerunt.
878 372 982 417 Ideo
996 381 1168 417 secutus
1182 373 1261 416 ait:
1279 391 1298 414 «
1318 375 1415 417 Non
1429 374 1550 433 quod

168 462 189 486 )›
216 427 326 488 desit
348 442 512 503 aliquid
534 442 660 488 dico:
683 459 764 502 ego
778 443 892 486 enim
917 442 1067 498 didici,
1082 443 1127 486 in
1141 442 1298 502 quibus
1316 457 1411 486 sum
1428 444 1550 492 suffi—

170 533 190 556 »
216 515 332 559 ciens
362 529 477 572 esse,
506 515 592 559 scio
614 523 658 558 et
676 514 819 558 minus
841 514 1024 568 habere,
1050 514 1138 557 scio
1160 522 1203 557 et
1225 512 1480 571 abundare3
1505 514 1549 557 in

168 602 189 626 »
215 585 417 629 omnibus
433 585 536 629 etin
554 585 699 629 omnia
712 584 907 629 imbutus
925 599 1018 628 sum
1031 619 1041 639 ,
1063 592 1106 628 et
1119 583 1284 639 satiari,
1303 592 1346 628 et
1360 584 1521 641 esurire
1536 620 1546 639 ,

169 673 190 697 »
215 664 259 700 et
280 655 524 711 abundare,
545 664 588 700 et
603 655 830 715 penuriam
846 655 937 714 pati
959 673 967 700 :
988 655 1131 699 omnia
1153 670 1328 715 possum
1342 655 1388 700 in
1405 670 1457 701 eo
1473 655 1551 716 qui

168 743 190 768 n
214 740 283 769 me
304 725 523 770 confortat
543 728 573 768 ¹.
604 742 624 767 »

222 799 316 841 XL.
353 795 479 841 Unde
508 811 611 855 ergo
642 796 688 839 in
717 796 918 840 omnibus
940 795 1100 854 gaudes
1116 831 1126 851 ,
1152 811 1179 840 o
1201 795 1335 840 Paule
1356 799 1551 856 magne?

165 867 291 911 Unde
309 866 485 926 gaudes,
505 866 622 910 unde
640 867 840 926 pasceris,
856 866 989 911 horno
1004 875 1209 911 renovate
1221 867 1266 910 in
1283 867 1549 925 agnitionem

164 937 242 982 Dei
258 938 501 981 secundum
515 937 749 996 imaginem
773 938 863 997 ejus
880 936 955 996 qui
972 937 1133 982 creavit
1155 946 1197 982 te
1208 973 1218 993 ,
1235 947 1278 982 et
1294 938 1438 982 anima
1452 938 1548 982 viva

163 1017 283 1052 tanta
296 1008 561 1053 continentia
573 1043 583 1062 ,
601 1017 643 1052 et
658 1006 806 1066 lingua
819 1007 1005 1052 volatilis
1022 1007 1205 1068 loquens
1220 1009 1454 1066 mysteria?
1468 1012 1550 1053 Ta-

162 1078 279 1124 libus
298 1079 461 1139 quippe
481 1079 772 1123 animantibus
789 1094 884 1123 esca
901 1079 979 1123 ista
997 1078 1198 1123 debetur.
1219 1080 1332 1132 Quid
1349 1089 1413 1124 est
1429 1079 1551 1140 quod

162 1158 207 1194 te
228 1150 394 1208 pascit?
415 1149 598 1193 Laetitia.
633 1148 758 1202 Quod
780 1149 975 1208 sequitur
997 1148 1238 1193 audiamus.
1266 1169 1287 1192 «
1312 1152 1548 1195 Verumta-

165 1237 186 1262 »
213 1235 336 1275 men,
357 1220 522 1280 inquit,
548 1220 660 1263 bene
682 1218 841 1263 fecistis
858 1255 868 1274 ,
889 1221 1259 1268 communicantes
1276 1220 1550 1266 tribulationi

166 1309 186 1332 »
213 1305 335 1334 meae.
363 1309 383 1331 »
412 1291 524 1335 Hinc
547 1290 729 1349 gaudet,
754 1290 856 1334 hinc
879 1292 1084 1349 pascitur,
1107 1291 1210 1350 quia
1232 1291 1294 1335 illi
1310 1292 1422 1336 bene
1439 1291 1549 1337 fece-

165 1371 269 1405 runt
283 1397 293 1417 ,
314 1378 401 1405 non
425 1362 527 1422 quia
547 1363 637 1421 ejus
660 1361 855 1419 angustia
877 1361 1064 1406 relaxata
1087 1372 1176 1417 est,
1202 1364 1278 1422 qui
1300 1363 1406 1408 dicit
1437 1364 1516 1408 tibi
1535 1400 1546 1419 ,

166 1451 186 1474 »
214 1435 265 1476 In
302 1431 584 1477 tribulatione
616 1432 804 1476 dilatasti
836 1433 971 1476 mihi2
994 1453 1002 1478 :
1026 1452 1045 1474 »
1072 1433 1173 1493 quia
1198 1443 1241 1478 et
1263 1434 1484 1478 abundare
1507 1444 1549 1479 et

163 1503 389 1562 penuriam
401 1503 489 1562 pati
504 1502 626 1546 novit
643 1502 744 1546 inte
757 1503 834 1562 qui
847 1502 1065 1547 confortas
1079 1518 1196 1547 eum.
1219 1524 1237 1544 «
1259 1504 1382 1548 Scitis
1401 1505 1515 1549 enim
1534 1541 1544 1560 ,

166 1591 187 1614 »
212 1573 375 1632 inquit,
395 1581 436 1616 et
451 1588 526 1616 vos
546 1571 864 1631 Philippenses,
882 1574 1087 1632 quoniam
1111 1574 1155 1617 in
1170 1575 1382 1634 principio
1400 1579 1546 1620 Evan-

166 1661 187 1684 »
215 1641 335 1701 gelii,
372 1657 472 1686 cum
504 1658 555 1685 ex
588 1642 844 1686 Macedonia
879 1658 972 1686 sum
1009 1642 1229 1702 profectus
1243 1679 1253 1699 ,
1288 1644 1408 1689 nulla
1443 1647 1549 1690 mihi

166 1731 186 1754 »
213 1712 404 1756 Ecclesia
437 1712 774 1757 communicavit
801 1713 846 1755 in
868 1713 1034 1756 ratione
1056 1704 1146 1757 dati
1177 1723 1220 1757 et
1252 1717 1445 1774 accepti,
1468 1717 1549 1761 nisi

167 1801 187 1825 »
213 1799 289 1828 vos
312 1783 412 1837 soli,
440 1784 540 1842 quia
575 1792 618 1826 et
651 1782 1018 1837 Thessalonicam,
1045 1794 1087 1827 et
1120 1784 1253 1828 semel
1290 1795 1332 1829 et
1364 1787 1543 1842 iterum,

167 1872 188 1896 »
214 1855 362 1899 usibus
384 1855 489 1898 meis
509 1854 677 1897 misistis
696 1855 726 1896 3.
746 1872 765 1894 »
787 1855 855 1898 Ad
872 1855 965 1898 haec
988 1855 1102 1899 bona
1126 1871 1255 1915 opera
1279 1872 1350 1901 eos
1374 1846 1547 1902 rediisse

166 1940 284 1969 nunc
299 1924 478 1982 gaudet,
502 1934 543 1968 et
558 1922 840 1983 repullulasse
853 1924 1027 1969 laetatur
1043 1935 1251 1986 tanquam
1265 1928 1549 1973 revirescente

166 1994 388 2040 fertilitate
412 1996 516 2054 agri.

224 2068 339 2110 XLI.
374 2065 598 2125 Numquid
617 2072 794 2124 propter
815 2079 918 2108 usus
941 2080 1039 2109 suos
1055 2100 1064 2118 ,
1090 2066 1192 2125 quia
1216 2066 1324 2112 dixit
1350 2087 1356 2113 :
1385 2069 1549 2114 Usibus

168 2138 274 2181 meis
295 2137 465 2181 misistis
478 2136 720 2195 ‘lnumquid
738 2146 963 2195 propterea
978 2135 1136 2195 gaudet
1159 2156 1167 2182 ε
1188 2141 1284 2183 Non
1303 2149 1544 2199 propterea.

170 2209 226 2251 Et
243 2208 326 2251 hoc
341 2206 459 2251 unde
473 2206 655 2251 seimus?
669 2206 882 2259 Quoniam
897 2206 987 2265 ipse
1003 2207 1198 2266 sequitur
1214 2207 1360 2253 dicens.
1383 2229 1391 2255 2
1416 2230 1436 2253 «
1452 2213 1549 2257 Non

171 2298 190 2321 n
217 2279 319 2339 quia
336 2294 485 2339 quaero
506 2277 674 2331 datum,
697 2276 773 2321 sed
795 2278 969 2337 requiro
994 2278 1227 2323 fructum&
1250 2299 1269 2321 »
1284 2281 1421 2326 Didici
1444 2298 1467 2326 a
1491 2293 1546 2339 te,

169 2354 282 2395 Deus
299 2365 435 2404 meus,
453 2351 565 2394 inter
589 2348 741 2392 datum
760 2358 802 2391 et
824 2347 1015 2393 fructum
1034 2349 1289 2394 discernere.
1306 2354 1462 2396 Datum
1488 2363 1552 2398 est

169 2437 234 2466 res
255 2423 346 2482 ipsa
366 2436 494 2481 quam
520 2419 614 2474 dat,
640 2419 715 2480 qui
737 2418 983 2478 impertitur
1004 2420 1098 2464 haec
1123 2423 1356 2466 necessaria
1374 2458 1384 2477 ,
1410 2424 1545 2469 veluti

169 2503 232 2538 est
254 2507 481 2546 nummus,
500 2492 620 2536 cibus
636 2526 646 2546 ,
673 2500 824 2550 potUS,
844 2491 1151 2535 vestimentum
1168 2527 1178 2546 ,
1203 2501 1367 2538 tectum
1381 2529 1392 2549 ,
1418 2494 1547 2555 adju-

215 2580 228 2600 ¹
246 2578 355 2620 Philip.
373 2588 415 2619 iv,
435 2577 549 2610 10-13.
571 2593 611 2599 —
633 2583 644 2599 ²
661 2576 738 2608 Psal.
753 2587 795 2617 iv,
817 2585 848 2608 2.
870 2593 910 2599 —
928 2573 940 2598 3
959 2575 1071 2618 Philip.
1093 2587 1135 2618 iv,
1161 2576 1282 2619 14-16.
1308 2596 1347 2602 —
1362 2577 1377 2604 ὃ
1395 2579 1475 2612 lbid.
1496 2592 1546 2623 17·
