1871 3162
286 207 366 243 :372
721 216 753 243 s.
791 218 1019 245 ,mensum
1053 219 1228 245 EPISCOP}

282 297 376 324 sum
399 281 510 324 imus
548 280 602 324 ad
631 296 778 340 pacem
809 281 1074 336 Jerusalem,
1105 301 1125 323 «
1150 281 1363 334 Quoniam
1386 281 1654 340 jucundatus

283 370 302 392 »
339 367 434 395 sum
464 351 507 394 in
528 351 592 394 his
613 352 688 411 qui
716 351 916 395 dixerunt
944 352 1075 406 mihi,
1107 352 1153 394 in
1175 352 1355 396 domum
1379 351 1550 394 Domini
1571 351 1658 394 ibi-

284 441 303 463 »
341 436 434 465 mus
453 424 480 464 ¹.
511 439 530 461 »
557 421 625 464 Ibi
643 436 719 465 nos
738 419 966 465 collocavit
984 421 1184 465 voluntas
1206 422 1320 465 bona
1343 456 1352 475 ‚
1378 430 1427 464 ut
1457 420 1564 464 nihil
1582 436 1657 465 ve-

277 491 406 536 limus
429 491 545 535 aliud
568 506 699 551 quam
717 506 968 550 permanere
993 491 1081 535 illie
1098 491 1142 535 in
1161 501 1391 536 aeternum.

281 682 311 696 ,κ
391 681 455 696 m.
532 680 597 695 u„
604 681 668 695 w„
679 680 1586 696 mmummmm=m2mwmmwummwm
1594 681 1658 697 vm

832 829 1046 877 CAPUT
1076 831 1135 876 X.

681 1003 768 1050 Ex
789 1003 915 1049 dono
935 1002 1034 1048 Dec·
1061 1005 1241 1049 omnia.

330 1169 408 1210 XI.
427 1169 571 1210 BEATA
590 1174 786 1210 creatura
803 1182 902 1226 quae
919 1181 1008 1211 non
1027 1166 1148 1210 novit
1168 1165 1303 1222 aliud,
1322 1181 1424 1210 cum
1440 1175 1549 1210 esset
1564 1166 1656 1225 ipsa

271 1237 412 1293 aliud,
433 1237 514 1281 nisi
535 1236 652 1281 dono
679 1246 755 1281 tuo
778 1238 898 1297 quod
919 1236 1188 1297 superfertur
1211 1252 1339 1297 super
1361 1252 1489 1282 omne
1512 1245 1654 1281 muta-

271 1309 380 1363 bile,
405 1324 503 1353 mox
523 1318 572 1352 ut
595 1306 709 1352 facta
732 1317 794 1352 est
810 1344 820 1364 ‚
855 1308 1125 1353 attolleretur
1148 1308 1269 1352 nullo
1292 1308 1520 1353 intervallo
1540 1317 1654 1352 tem-

270 1380 385 1439 poris
407 1380 451 1423 in
473 1396 520 1423 ea
542 1379 769 1424 vocatione
798 1394 884 1438 qua
906 1378 1048 1423 dixisti
1077 1398 1085 1423 ;
1113 1398 1132 1419 «
1158 1379 1253 1422 Fiat
1272 1377 1345 1421 lux
1362 1381 1400 1433 ²,
1424 1397 1443 1419 »
1473 1386 1516 1421 et
1538 1379 1660 1422 fieret

269 1450 360 1494 lux.
397 1453 447 1493 In
471 1450 596 1494 nobis
617 1450 733 1492 enim
769 1448 1050 1508 distinguitur
1077 1459 1296 1508 tempore,
1322 1448 1442 1507 quod
1465 1449 1657 1492 tenebrae

268 1522 453 1576 fuimus,
474 1530 517 1564 et
539 1520 610 1564 lux
633 1520 890 1564 officiium-³.
916 1523 963 1563 Iu
981 1520 1054 1564 illa
1073 1536 1170 1564 vero
1193 1520 1362 1563 dietum
1383 1529 1445 1562 est
1465 1520 1572 1578 quid
1592 1535 1658 1563 es-

269 1602 332 1636 set
354 1592 432 1635 nisi
453 1590 772 1634 illuminaretur
792 1611 802 1647 3
827 1600 870 1634 et
887 1590 946 1634 ita
967 1589 1131 1634 dictum
1157 1599 1244 1644 est,
1271 1589 1393 1649 quasi
1416 1590 1535 1648 prius
1557 1589 1658 1633 fue-

272 1663 326 1707 rit
349 1662 467 1705 ssuxa
489 1671 532 1704 et
554 1660 811 1718 tenebrosa3
833 1669 880 1703 ut
902 1670 1128 1719 appareret
1149 1675 1275 1704 causa
1298 1676 1383 1720 qua
1409 1660 1573 1703 factum
1596 1669 1660 1704 est

275 1744 322 1777 ut
340 1733 461 1776 aliter
478 1740 602 1786 esset,
623 1730 667 1774 id
680 1740 764 1785 est,
784 1740 831 1774 ut
852 1729 906 1773 ad
925 1729 1075 1774 lumen
1089 1729 1339 1773 indeficiens
1361 1745 1567 1774 conversa
1584 1730 1660 1774 lux

273 1812 396 1847 esset.
422 1802 506 1854 Qui
530 1810 698 1860 potest,
724 1798 967 1858 intelligatj
997 1809 1040 1844 et
1062 1800 1137 1859 qui
1164 1815 1252 1844 nou
1273 1809 1442 1859 potest,
1468 1816 1491 1844 a
1514 1810 1556 1845 te
1581 1816 1659 1860 pe-

274 1883 349 1918 tat.
379 1875 434 1916 Ut
456 1871 562 1931 quid
585 1871 690 1914 mihi
714 1870 920 1914 molestus
942 1880 1029 1925 est,
1055 1870 1176 1930 quasi
1200 1885 1278 1928 ego
1300 1869 1544 1915 illuminem
1567 1886 1657 1915 om-

276 1960 376 1990 nem
398 1944 620 1987 hominem
637 1943 883 2009 veniente-m
903 1942 948 1985 in
972 1942 1090 1986 hunc
1111 1942 1325 1985 mundum
1347 1944 1361 1966 ⁴
1379 1943 1397 1985 ἑ)

327 2049 335 2064 ¹
358 2041 436 2073 Psal.
457 2051 540 2081 cxxi,
564 2052 592 2071 1.
609 2057 639 2061 —
669 2045 681 2061 2
701 2042 780 2072 Gen.
800 2050 825 2079 1,
842 2039 870 2071 3.
887 2055 928 2060 —
948 2035 961 2061 3
981 2036 1094 2080 EpheS.
1118 2048 1152 2078 v,
1172 2037 1204 2069 8.
1228 2054 1264 2059 —-
1279 2036 1293 2061 4
1312 2039 1402 2069 Joan.
1423 2049 1445 2077 1,
1461 2048 1494 2078 9.
