1871 3162
305 246 388 285 530
735 257 768 283 s.
805 253 1039 284 Auonsnm
1070 255 1254 284 EPISCOPI

300 321 578 367 aedificandas
598 329 642 366 et
662 319 922 381 plantandos
948 321 1097 366 hortos
1118 331 1162 366 et
1181 322 1369 367 vineas1.
1388 324 1491 367 Post
1506 330 1682 382 septua-

297 395 417 453 ginta
443 401 588 437 autem
610 407 746 436 annos
767 392 1038 451 promittitur
1058 393 1117 436 eis
1134 392 1189 436 ab
1206 391 1279 436 illa
1300 392 1551 451 captivitate
1571 392 1684 437 libe-

292 464 417 508 ratio.
461 465 554 507 Hoc
585 472 728 506 autem
766 471 909 506 totum
940 462 1123 520 figurate
1149 463 1419 521 significabat
1442 462 1682 508 Ecclesiam

293 534 453 580 Christi
473 533 520 576 in
542 532 746 577 omnibus
767 531 924 575 sanctis
947 532 1053 591 ejus,
1087 533 1162 591 qui
1185 541 1285 576 sunt
1307 533 1423 577 cives
1444 532 1683 577 Jerusalem

290 603 495 658 coelestis,
515 603 770 647 servituram
788 602 920 646 fuisse
937 602 1020 646 sub
1038 601 1213 661 regibus
1237 603 1367 662 hujus
1384 601 1546 646 saeculi.
1570 602 1686 646 Dicit

290 674 405 718 enim
428 682 470 716 et
487 671 722 731 apostolica
738 671 936 716 doctrina
954 687 963 713 ε
989 691 1009 714 «
1031 674 1088 716 Ut
1103 672 1245 716 omnis
1263 673 1404 715 anima
1422 671 1684 715 sublimiori-

294 762 315 785 »
350 744 432 787 bus
465 743 752 802 potestatibus
793 742 967 787 subdita
1003 743 1058 787 sit
1077 762 1086 787 :
1127 760 1147 783 »
1192 751 1250 797 et,
1290 762 1310 784 «
1344 745 1402 787 Ut
1442 742 1682 787 reddantur

291 833 312 857 η
348 814 551 858 omnibus
580 812 746 866 omnia,
772 812 840 856 cui
866 812 1082 856 tributum
1104 813 1321 857 tributum
1339 848 1349 868 ,
1388 813 1459 857 cui
1496 811 1683 871 vectigal

293 902 314 926 »
349 883 534 942 vectigal
551 885 584 940 ²3
618 902 638 923 »
666 892 709 927 et
730 892 886 927 caetera
907 898 1006 943 quae
1023 882 1141 926 salvo
1158 884 1234 926 Dei
1253 884 1389 927 nostri
1411 882 1551 938 cultu,
1577 898 1684 928 con-

290 955 524 1000 stitutionis
547 955 750 998 humanae
773 953 1044 1013 principibus
1066 951 1312 1010 reddimu83
1336 953 1514 1012 quando
1532 963 1576 998 et
1594 955 1684 1013 ipse

288 1027 514 1081 Dominus,
547 1033 596 1068 nt
619 1024 745 1068 nobis
774 1025 904 1084 hujus
927 1039 1041 1068 sanae
1063 1024 1274 1068 doctrinae
1297 1023 1516 1082 praeberet
1540 1038 1685 1068 exeme-

287 1097 428 1157 plum,
455 1112 533 1156 pro
557 1096 696 1155 capite
713 1095 900 1139 hominis
923 1110 1012 1156 quo
1034 1103 1127 1139 erat
1146 1093 1343 1149 indutus,
1367 1094 1585 1138 tributum
1601 1094 1686 1139 sol-

285 1183 387 1212 vere
425 1183 513 1211 non
549 1166 808 1225 dedignatus
841 1168 946 1210 est3.
983 1165 1204 1210 Jubentur
1238 1174 1386 1209 autem
1421 1165 1551 1209 etiam
1573 1166 1686 1210 servi

287 1238 522 1284 Christiani
569 1247 612 1282 et
662 1238 767 1281 boni
813 1236 966 1281 fideles
1016 1236 1205 1281 dominis
1244 1237 1331 1280 suis
1378 1235 1690 1295 temporalibus

288 1308 592 1367 aequanimiter
608 1307 885 1368 fideliterque
906 1308 1109 1363 servire4,
1131 1323 1241 1368 quos
1256 1307 1495 1368 judicaturi
1516 1316 1634 1362 sunt,
1654 1308 1687 1351 si

289 1394 429 1439 usque
450 1380 496 1422 in
519 1379 652 1422 finem
675 1378 847 1438 iniquos
866 1378 1127 1432 invenerint,
1147 1387 1221 1422 ant
1239 1393 1340 1422 cum
1358 1378 1518 1437 quibus
1536 1392 1687 1436 aequa-

288 1450 388 1495 liter
424 1449 648 1508 regnaturi
674 1458 801 1504 sunt,
837 1449 872 1493 si
905 1458 950 1493 et
982 1448 1045 1492 illi
1075 1449 1130 1493 ad
1152 1463 1307 1492 verum
1330 1451 1469 1492 Deum
1494 1449 1689 1493 conversi

289 1521 468 1565 fuerint.
495 1519 710 1563 Omnibus
746 1528 892 1563 tamen
920 1519 1171 1578 praecipitur
1195 1518 1354 1563 servire
1382 1519 1585 1562 humanis
1606 1534 1689 1577 po-

290 1592 518 1637 testatibus
541 1599 674 1648 atque
696 1591 900 1643 terrenis,
917 1605 1006 1648 quo
1024 1604 1163 1648 usque
1184 1599 1282 1647 post
1304 1598 1480 1647 tempus
1497 1589 1689 1648 praefini-

292 1671 405 1714 tum,
443 1658 565 1719 quod
595 1658 844 1716 significant
873 1658 1147 1716 septuaginta
1170 1658 1288 1713 anni,
1315 1658 1371 1702 ab
1395 1658 1516 1702 istius
1544 1659 1690 1703 saeculi

292 1729 550 1776 confusione
567 1737 775 1786 tanquam
796 1727 851 1771 dc
865 1727 1116 1787 captivitate
1134 1727 1407 1785 Babyloniae,
1434 1729 1545 1773 sicut
1567 1731 1690 1774 Jeru-

291 1800 424 1845 salem
458 1798 671 1842 liberetur
705 1796 914 1841 Ecclesia.
941 1800 1007 1842 Ex
1028 1798 1151 1858 cujus
1185 1798 1445 1858 captivitatis
1464 1799 1689 1844 occasione

291 1871 374 1930 ipsi
395 1869 525 1914 etiam
547 1868 709 1912 terreni
738 1883 859 1926 reges
881 1867 1061 1912 desertis
1087 1868 1231 1923 idolis,
1256 1884 1337 1928 pro
1357 1869 1519 1928 quibus
1540 1885 1687 1928 perse-

292 1941 544 2002 quebantur
570 1938 855 1993 Christianos,
894 1954 1033 1982 unum
1063 1953 1215 1984 verum
1241 1941 1380 1983 Deum
1404 1948 1447 1983 et
1467 1940 1688 1985 Christum

293 2012 530 2059 Dominum
564 2019 868 2070 cognoverunt
902 2020 945 2055 et
978 2011 1146 2066 colunt,
1183 2027 1262 2070 pro
1286 2011 1449 2071 quibus
1468 2013 1688 2071 apostolus

296 2083 456 2129 Paulus
473 2083 600 2142 jubet
621 2082 751 2137 orari,
773 2082 902 2126 etiam
927 2098 1028 2126 cum
1049 2092 1415 2142 persequerentur
1431 2083 1683 2127 Ecclesiam.

298 2157 366 2201 Sic
388 2155 503 2199 enim
521 2153 652 2198 dicit:
679 2172 698 2195 «
715 2153 908 2198 Obsecro
925 2154 1074 2214 itaque
1097 2155 1287 2213 primum
1304 2154 1397 2197 fieri
1415 2153 1687 2213 deprecatio—

298 2244 318 2268 »
354 2240 445 2279 nes,
479 2224 768 2279 adorationes,
803 2223 1190 2283 interpellationes,
1223 2224 1453 2282 gratia-rum
1482 2225 1683 2281 actiones,

299 2315 319 2338 »
354 2312 434 2356 pro
451 2295 640 2353 regibus,
661 2310 740 2354 pro
756 2295 960 2339 omnibus
977 2295 1249 2349 hominibus,
1269 2304 1313 2338 et
1328 2294 1533 2339 omnibus
1549 2295 1685 2355 quiin

298 2385 318 2408 »
353 2365 620 2410 sublimitate
637 2375 754 2419 sunt,
779 2374 829 2409 ut
850 2380 1047 2410 securam
1071 2374 1114 2410 et
1135 2363 1413 2425 tranquillam
1434 2364 1567 2409 vitam
1589 2381 1685 2424 aga-

300 2456 319 2479 »
357 2453 452 2482 mus
473 2454 573 2482 cum
591 2439 709 2482 omni
741 2438 897 2497 pietate
919 2447 963 2482 et
984 2438 1234 2482 charitatef’.
1258 2455 1277 2477 »
1300 2439 1452 2496 Itaque
1474 2452 1550 2496 per
1568 2437 1682 2496 ipsos

342 2525 354 2543 ¹
380 2526 497 2555 Jerem.
518 2535 607 2565 xxrx,
627 2523 658 2565 4.
673 2541 714 2545 -
732 2530 743 2545 ²
764 2526 854 2555 Rom.
877 2535 944 2563 rm,
968 2535 1038 2566 1—7.
1066 2540 1108 2545 --
1132 2521 1144 2545 3
1158 2513 1282 2554 'Matth
1304 2531 1453 2564 xv11‚9.7.
1477 2539 1517 2545 —
1535 2522 1548 2552 4
1564 2522 1678 2565 EpheS.

298 2589 341 2616 vi,
363 2577 394 2609 5.
411 2575 478 2599 ——5
504 2577 664 2615 1Ti1n.n‚
688 2588 759 2609 1-2.

1805 1715 1815 1795 i
