1871 3162
298 227 381 267 178
737 242 770 268 s.
807 238 1036 268 AUGUSTINI
1069 240 1249 268 EPlSCOPI

289 307 447 365 jugum
473 304 634 351 Christi
654 304 717 349 tui
746 304 897 349 missus
923 313 1057 359 esset,
1082 304 1191 362 regis
1223 302 1369 361 magni
1404 302 1675 361 provincialis

294 375 501 420 effectus¹
509 375 635 435 ,ipse
651 389 827 435 quoque
843 389 893 418 ex
907 374 1048 433 priore
1067 372 1197 419 Saulo
1215 371 1373 420 Paulus
1391 372 1537 418 vocari
1557 387 1674 417 ama-

292 445 381 501 vit,
414 444 471 489 ob
504 453 593 489 tam
625 459 795 502 magnae
827 443 996 503 insigne
1030 443 1237 491 victoriae.
1264 443 1366 491 Plus
1399 443 1515 488 enim
1541 443 1675 488 hostis

290 515 480 560 vincitur
501 514 547 557 in
569 528 620 558 eo
651 527 782 574 quem
805 512 903 573 plus
925 522 1064 569 tenet,
1096 523 1139 558 et
1161 515 1215 558 de
1247 529 1336 573 quo
1362 513 1506 574 plures
1536 521 1669 560 tenet.

294 584 394 629 Plus
416 593 560 628 autem
592 584 801 643 superbos
824 592 944 628 tenet
964 549 1140 629 noniine
1161 583 1399 628 nobilitatis
1415 618 1426 638 ,
1462 593 1505 627 et
1536 584 1590 627 de
1607 584 1674 628 his

290 655 435 713 plures
456 654 632 700 nomine
658 655 941 700 auctoritatis.
975 657 1149 708 Quanto
1167 654 1298 713 igitur
1329 655 1491 713 gratius
1513 655 1674 713 cogita—

288 725 417 769 batur
438 725 651 770 Victorini
673 735 846 785 pectus,
871 723 993 784 quod
1015 734 1224 784 tanquam
1247 723 1584 783 inexpugnabile
1602 740 1674 768 re-

219 820 241 833 f
288 797 564 855 ceptaculum
579 796 777 841 diabolus
798 796 1048 841 obtinuerat
1063 831 1074 851 ,
1095 805 1138 840 et
1159 795 1368 839 Victorini
1393 794 1558 854 lingua,
1584 809 1673 854 quo

286 865 373 911 telo
396 866 548 926 grandi
571 876 614 911 et
635 877 763 912 acuto
777 865 937 911 multos
954 874 1216 926 peremerat3
1234 875 1355 910 tanto
1378 864 1673 909 abundantius

286 935 479 981 exultare
500 937 696 995 oportuit
716 936 826 981 filios
844 945 959 991 tuos,
981 936 1084 996 quia
1104 939 1195 981 Rex
1214 946 1359 982 noster
1376 934 1568 993 alligavit
1584 933 1674 978 for-

284 1015 392 1062 tem,
428 1016 471 1051 et
502 1007 712 1051 videbant
740 1022 840 1051 vasa
875 1008 968 1066 ejus
1001 1015 1152 1065 erepta
1184 1006 1415 1050 mundari2
1460 1014 1504 1049 et
1534 1005 1672 1064 aptari

282 1078 327 1121 in
359 1079 570 1123 honorem
592 1088 745 1133 tuum,
769 1087 813 1122 et
846 1078 941 1122 fieri
967 1076 1092 1122 utilia
1114 1079 1299 1123 Domino
1331 1075 1385 1122 ad
1407 1091 1536 1122 omne
1563 1091 1673 1136 opus

281 1149 449 1194 bonum
459 1151 475 1175 3
483 1183 493 1192 .

282 1292 1669 1312 mmmmmmmmmmmmmmmmmm

819 1414 1037 1464 CAPUT
1089 1416 1129 1462 V
1140 1451 1150 1461 .

437 1560 558 1620 Quae
592 1556 966 1603 remorabantur
994 1572 1101 1602 eum
1129 1572 1162 1601 α
1194 1557 1515 1602 conversione.

333 1696 389 1738 X.
418 1695 502 1740 SED
533 1693 611 1737 ubi
633 1693 741 1737 mihi
763 1693 896 1737 homo
918 1701 1019 1736 tuus
1043 1692 1347 1752 SimpliCIanus
1369 1692 1424 1738 de
1441 1692 1666 1738 Victorino

274 1766 355 1810 ista
388 1763 579 1809 narravit
595 1798 606 1819 ,
632 1763 768 1807 exarsi
791 1762 847 1807 ad
875 1761 1152 1807 imitandum.
1177 1762 1247 1808 Ad
1274 1764 1357 1808 hoc
1379 1764 1492 1808 enim
1521 1773 1565 1808 et
1591 1763 1665 1808 ille

273 1845 535 1882 narraverat.
579 1838 865 1894 Posteaquam
887 1849 989 1879 vero
1012 1842 1056 1878 et
1078 1833 1186 1879 illud
1208 1834 1378 1880 addidit
1395 1870 1405 1890 ‚
1430 1835 1550 1895 quod
1573 1838 1664 1880 Im-

273 1908 481 1968 peratoris
493 1909 517 1951 J
522 1906 656 1950 uliani
670 1905 941 1965 temporibus
952 1904 1047 1964 lege
1066 1906 1167 1950 data
1184 1906 1392 1966 prohibiti
1406 1915 1509 1951 sunt
1522 1907 1665 1953 Chris-

276 1979 381 2025 tiani
402 1979 558 2024 docere
585 1977 874 2022 litteraturam
905 1985 950 2022 et
972 1977 1227 2033 oratoriam,
1253 1993 1387 2038 quam
1415 1977 1557 2037 legem
1590 1977 1664 2023 ille

273 2050 494 2110 amplexus
511 2085 522 2105 ‚
542 2049 771 2110 loquacem
793 2047 986 2093 scholam
1000 2047 1197 2092 deserere
1219 2047 1395 2104 maluit,
1410 2064 1543 2109 quam
1560 2064 1660 2094 ver-

278 2123 387 2167 bum
419 2131 546 2166 tuum
575 2136 665 2180 quo
696 2120 867 2179 linguas
899 2118 1134 2164 infantium
1167 2119 1271 2165 facis
1300 2118 1505 2164 disertas4
1533 2139 1542 2165 ε
1573 2135 1663 2166 non

277 2194 382 2238 mihi
400 2191 551 2237 fortior
567 2207 699 2252 quam
724 2190 891 2235 felicior
911 2191 1026 2235 visus
1048 2199 1133 2246 est,
1158 2191 1261 2251 quia
1282 2191 1449 2237 invenit
1471 2192 1662 2237 occasio-

277 2280 377 2310 nem
406 2263 590 2309 vacandi
613 2263 709 2308 tibi.
746 2264 829 2308 Cui
855 2262 915 2306 rei
948 2276 1027 2320 ego
1060 2262 1330 2322 suspirabam
1355 2262 1536 2322 ligatus,
1571 2279 1662 2308 non

277 2338 392 2381 ferro
412 2336 553 2380 alieno
571 2370 582 2390 ‚
607 2334 683 2379 sed
701 2349 797 2378 mea
817 2333 957 2377 ferrea
973 2333 1212 2378 voluntate.
1232 2333 1354 2378 Velle
1369 2350 1516 2378 meum
1538 2343 1662 2379 tene-

281 2408 354 2450 bat
369 2407 584 2461 inimicus,
600 2415 643 2450 et
660 2405 761 2449 inde
779 2405 887 2448 mihi
902 2414 1099 2449 catenam
1120 2404 1302 2460 fecerat,
1327 2414 1370 2450 et
1391 2405 1660 2450 constrinxe-

279 2488 342 2521 rat
365 2493 447 2520 me.
470 2478 641 2536 Quippe
659 2492 709 2520 ex
725 2475 949 2520 voluntate
968 2491 1161 2534 perversa
1180 2510 1189 2529 ,
1216 2474 1329 2519 facta
1351 2485 1412 2519 est
1429 2475 1580 2520 libido.
1605 2479 1661 2521 Et

328 2579 419 2606 'Act
438 2585 506 2612 xm,
530 2583 547 2614 7
568 2577 656 2605 εἰη.
682 2589 703 2595 ·-
719 2579 732 2595 ²
756 2572 876 2605 Matth.
897 2582 1068 2614 x11,29.—
1090 2572 1102 2594 3
1126 2581 1144 2603 2
1160 2574 1239 2604 Tim.
1260 2583 1294 2612 ιι,
1309 2571 1438 2605 2ι.-4
1463 2574 1536 2615 Sap.
1556 2583 1589 2615 x,
1604 2581 1660 2606 21.
