1871 3162
607 239 948 275 CONFESSIONUM‚
983 239 1064 265 Lus.
1101 241 1178 266 vn.
1487 235 1568 272 163

198 299 454 344 dubitabam
475 315 563 344 esse
581 301 651 344 cui
675 302 934 345 cohaererem
950 336 960 356 ,
986 303 1061 345 sed
1079 302 1276 346 nondum
1299 318 1387 347 esse
1405 321 1474 349 me
1496 309 1573 367 qui

197 369 458 413 cohaererem
472 387 482 413 ι
497 370 735 422 «Quoniam
748 385 904 428 corpus
915 370 1035 430 quod
1049 372 1357 430 corrumpitur,
1370 386 1573 432 aggravat

199 457 218 479 »
254 439 456 492 animam,
482 448 524 482 et
544 439 745 497 deprimit
767 448 935 484 terrena
959 441 1218 485 inhabitatio
1241 457 1413 486 sensum
1436 443 1573 488 multa

199 527 217 548 »
253 508 559 565 cogitantem1.
581 527 600 548 »
627 511 844 568 Eramque
876 511 1151 565 certissimus,
1190 511 1308 570 quod
1345 513 1575 558 invisibilia

196 585 269 620 tua
282 593 305 619 a
321 577 628 621 constitutione
645 578 799 621 mundi
820 594 895 637 per
912 594 960 622 ea
977 595 1076 638 quae
1090 579 1201 624 facta
1220 591 1337 635 sunt,
1356 581 1576 626 intellecta

193 647 536 705 conspiciuntur,
557 648 815 706 sempiterna
832 665 1009 708 quoque
1026 651 1162 694 virtus
1178 661 1219 694 et
1237 652 1436 695 divinitas
1454 662 1529 696 tua
1541 657 1573 697 2.

194 719 402 769 Quaerens
433 717 548 759 enim
571 717 688 760 unde
719 718 1003 777 approbarem
1026 719 1398 778 pulchritudinem
1421 738 1580 782 corpo-

194 802 290 829 rum
312 787 400 830 sive
418 786 662 830 coelestium
684 787 771 830 sive
792 789 1080 845 terrestrium,
1105 799 1147 832 et
1170 790 1276 849 quid
1295 791 1400 851 mihi
1419 803 1575 850 praesto

194 865 303 899 esset
318 857 485 915 integre
508 857 563 900 de
583 856 868 900 mutabilibus
885 858 1102 917 judicanti
1125 870 1168 903 et
1186 861 1349 904 dicenti
1369 881 1376 905 :
1405 865 1497 906 Hoc
1519 864 1578 907 ita

193 941 282 970 esse
303 926 453 981 debet,
478 926 590 969 illud
611 942 701 970 non
723 927 804 982 ita,
825 928 908 971 hoc
929 943 1031 986 ergo
1052 944 1251 988 quaerens
1273 929 1391 974 unde
1406 932 1580 991 judica-

193 1011 283 1040 rem
315 998 416 1040 cum
449 997 508 1040 ita
536 997 792 1056 judicarem,
834 998 1085 1043 inveneram
1108 1000 1508 1046 incommutabilem
1538 1013 1582 1047 et

192 1082 337 1110 veram
359 1067 549 1111 veritatis
564 1068 851 1111 aeternitatem
868 1084 997 1127 supra
1015 1079 1206 1113 mentem
1222 1086 1364 1114 meam
1382 1087 1581 1117 commu-

191 1136 386 1180 tabilem.
413 1140 558 1196 Atque
579 1137 637 1180 ita
661 1136 874 1194 gradatim
897 1154 921 1181 a
941 1139 1199 1196 corporibus
1234 1140 1288 1183 ad
1321 1143 1580 1187 sentientem

191 1222 268 1265 per
299 1221 455 1265 corpus
486 1207 700 1263 animam,
733 1216 865 1266 atque
899 1207 1000 1251 inde
1023 1209 1079 1251 ad
1099 1209 1189 1268 ejus
1218 1210 1462 1256 interiorem
1490 1214 1581 1257 vim

191 1277 262 1321 cui
292 1291 439 1320 sensus
470 1277 660 1335 corporis
694 1277 907 1322 exteriora
941 1279 1236 1333 annuntiaret,
1273 1290 1317 1324 et
1349 1298 1579 1344 quousque

191 1356 371 1407 possunt
397 1347 572 1402 bestiae,
604 1355 736 1406 atque
765 1347 868 1390 inde
893 1363 1039 1391 rursus
1062 1347 1117 1392 ad
1143 1350 1471 1396 ratiocinantem
1495 1369 1578 1413 po-

191 1418 369 1462 tentiam
403 1417 456 1460 ad
485 1432 617 1476 quam
650 1415 836 1460 refertur
860 1417 1167 1495 judicandum,
1201 1421 1320 1478 quod
1345 1423 1530 1467 sumitur
1551 1441 1576 1469 a

191 1489 384 1532 sensibus
404 1488 609 1546 corporis.
635 1491 740 1540 Quae
758 1502 802 1530 se
819 1503 995 1546 quoque
1020 1488 1065 1531 in
1086 1503 1156 1532 me
1174 1492 1442 1549 comperiens
1470 1509 1572 1538 mu-

189 1556 382 1612 tabilem,
405 1558 538 1601 erexit
558 1572 603 1600 se
624 1557 679 1601 ad
697 1555 1027 1614 intelligentiam
1049 1574 1196 1615 suam,
1235 1570 1277 1604 et
1299 1561 1479 1606 abduxit
1497 1581 1574 1609 co-

191 1629 442 1687 gitationem
461 1644 484 1671 a
498 1626 830 1682 consuetudine,
845 1627 1104 1671 subtrahens
1115 1644 1159 1672 se
1174 1631 1571 1680 contradicentibus

191 1699 328 1742 turbis
346 1699 714 1758 phantasmatum,
736 1707 786 1741 ut
810 1698 1022 1742 inveniret
1034 1715 1123 1758 quo
1137 1698 1304 1744 lumine
1321 1717 1570 1761 aspergere-

189 1779 262 1813 tur
297 1784 397 1813 cum
426 1769 516 1812 sine
543 1768 631 1812 ulla
665 1767 936 1812 dubitatione
970 1769 1178 1813 clamaret
1212 1771 1568 1820 incommutabile

190 1838 510 1899 praeferendum
523 1854 613 1882 esse
629 1838 852 1895 mutabili,
872 1838 989 1882 unde
1006 1849 1150 1884 nosset
1166 1842 1307 1900 ipsum
1324 1843 1564 1889 incommu-v

191 1909 339 1963 tabile,
377 1907 498 1969 quod
533 1908 613 1951 nisi
643 1907 790 1966 aliquo
819 1907 950 1952 modo
978 1918 1136 1963 nosset,
1161 1909 1284 1954 nullo
1306 1914 1437 1956 modo
1461 1913 1570 1959 illud

190 1979 391 2023 mutabili
412 1987 530 2021 certo
552 1986 836 2037 praeponeret.
869 1980 925 2021 Et
948 1979 1144 2036 pelvenit
1167 1979 1221 2023 ad
1243 1979 1287 2023 id
1305 1983 1424 2040 quod
1441 1993 1505 2027 est
1525 1984 1572 2028 in

192 2051 280 2093 ictu
303 2048 558 2108 trepidantis
575 2056 800 2106 aspectus.
802 2051 936 2091 Tunc
958 2063 1059 2092 vero
1076 2049 1306 2094 invisibilia
1328 2060 1401 2096 tua
1425 2068 1500 2111 per
1522 2070 1572 2098 ea

192 2136 291 2180 quae
312 2119 424 2164 facta
446 2128 564 2173 sunt,
589 2117 807 2163 intellecta
830 2119 1050 2178 conspexi,
1065 2108 1148 2163 sed
1170 2121 1303 2164 aciem
1325 2123 1456 2181 figere
1483 2141 1573 2169 non

193 2190 355 2247 evalui,
377 2199 420 2233 et
441 2204 687 2265 repercussa
705 2189 956 2232 infirmitate
979 2188 1177 2233 redditus
1197 2190 1347 2246 solitis,
1374 2208 1461 2237 non
1480 2210 1572 2238 me-

193 2274 293 2303 cum
316 2258 506 2302 ferebam
537 2258 616 2301 nisi
646 2267 859 2301 amantem
885 2259 1154 2313 memoriam,
1193 2269 1235 2303 et
1263 2263 1383 2319 quasi
1415 2262 1574 2309 olfacta

193 2323 508 2373 desiderantem
527 2343 625 2386 quae
640 2326 867 2372 comedere
887 2328 1084 2372 nondum
1104 2343 1289 2387 possem.

239 2424 353 2465 'Sap
367 2434 444 2465 ix,1
432 2423 484 2455 1.5
499 2401 645 2455 —L‘Rom
668 2435 693 2465 1,
711 2432 763 2455 20

1301 2597 1366 2636 11.
