1871 3162
552 265 870 294 CONFESSIONUM
881 281 892 303 ‚
927 265 1010 293 ΜΒ.
1046 265 1143 292 xm.
1442 256 1491 293 37
1501 257 1523 293 53·

161 458 186 473 b!
192 457 537 474 mmwwxwwwxbvuvmx
540 457 607 473 Nm*
611 457 676 473 Nm
682 457 747 473 tm
752 457 818 473 ww
823 455 1174 472 m¹ml·mm¹m
1180 454 1244 471 Wu
1248 454 1387 471 ’ΜΑΛΑΑ
1393 455 1456 470 Mi
1460 455 1528 470 &MK

675 592 889 640 CAPUT
928 593 1018 638 XI.

432 749 468 796 S
475 747 653 795 z'mbola
684 747 936 794 Trinitatis
964 748 1012 793 ιή
1036 747 1239 793 lzomz'ne.

205 912 307 955 XII.
333 913 607 954 TmmTA-rmt
625 910 969 969 omnipotentem
987 909 1082 969 quis
1099 907 1334 968 intelligit?
1355 909 1411 952 Et
1432 906 1527 967 quis

147 997 236 1026 non
256 981 451 1040 loquitur
473 997 567 1026 eam
584 1017 594 1036 ‚
621 981 655 1026 si
676 990 821 1026 tamen
844 983 968 1025 eam?
987 984 1099 1024 Rara
1123 981 1284 1034 anima,
1310 995 1409 1040 quae
1427 995 1527 1024 cum

147 1052 202 1096 de
223 1051 295 1097 illa
320 1052 514 1112 loquitur
528 1088 538 1107 ‚
572 1053 650 1097 scit
667 1051 776 1112 quid
797 1052 1004 1112 loquitur.
1031 1055 1087 1095 Et
1108 1050 1381 1095 contendunt
1399 1060 1442 1094 et
1459 1050 1529 1095 di-

145 1123 332 1178 micant,
367 1133 409 1167 et
430 1139 559 1168 nemo
577 1124 668 1167 sine
690 1139 795 1183 pace
816 1123 934 1168 videt
952 1124 1077 1167 istam
1109 1123 1334 1168 visionem.
1362 1121 1528 1166 Vellem

144 1202 194 1237 ut
215 1194 308 1237 haec
337 1194 416 1237 tria
448 1195 686 1252 cogitarent
714 1195 910 1238 homines
938 1194 984 1236 in
1014 1209 1057 1238 se
1083 1194 1196 1252 ipsis.
1231 1197 1378 1251 Longe
1408 1192 1528 1238 aliud

144 1273 245 1308 sunt
261 1264 339 1308 ista
354 1265 433 1308 tria
448 1254 579 1325 qnam
597 1263 669 1309 illa
690 1265 873 1308 Trinitas
890 1264 989 1309 :sed
1006 1263 1103 1310 dico
1124 1264 1201 1308 ubi
1223 1279 1266 1308 se
1283 1273 1525 1318 exerceant,

144 1343 186 1379 et
208 1334 418 1394 probent,
444 1344 487 1378 et
509 1336 696 1379 sentiant
713 1351 843 1395 quam
863 1335 992 1394 longe
1010 1344 1124 1380 sunt.
1147 1336 1250 1380 Dico
1268 1344 1413 1379 autem
1433 1336 1527 1379 haee.

145 1406 245 1458 tria,
271 1421 361 1449 esse
378 1441 388 1459 ‚
413 1421 536 1449 nosse
553 1441 564 1460 ‚
584 1405 709 1450 velle.
732 1408 834 1450 Sum
858 1407 973 1449 enim
990 1442 1000 1461 ‚
1021 1415 1064 1450 et
1081 1407 1199 1461 novi,
1225 1415 1267 1450 et
1290 1406 1404 1459 volo,
1431 1422 1524 1449 sum

141 1476 277 1519 sciens
293 1511 303 1529 ‚
329 1486 368 1522 et
393 1475 570 1533 volens;
595 1485 638 1519 et
661 1477 748 1520 scio
770 1491 859 1519 esse.
878 1491 948 1519 me
963 1512 973 1530 ‚
999 1486 1042 1519 et
1063 1477 1197 1534 velle3
1221 1486 1264 1520 et
1287 1476 1385 1520 volo
1408 1493 1523 1529 esse,

141 1555 183 1589 et
206 1547 328 1590 scire.
357 1549 407 1589 In
434 1546 498 1590 his
521 1546 654 1604 igitur
683 1546 823 1589 tribus
853 1561 985 1606 quam
1011 1548 1064 1590 sit
1086 1547 1378 1605 inseparabilis
1408 1548 1492 1591 vita
1511 1582 1522 1599 ‚

140 1626 183 1661 et
204 1634 289 1661 una
317 1618 402 1661 vita
421 1654 431 1672 ,
470 1627 512 1661 et
540 1633 628 1662 una
649 1633 770 1662 mens
787 1653 798 1673 ,
834 1627 875 1662 et
898 1633 983 1661 una
1006 1618 1188 1662 essentia
1205 1653 1216 1671 ‚
1240 1633 1372 1678 quam
1396 1619 1523 1661 deni-

140 1703 226 1747 que
251 1687 545 1746 inseparabilis
567 1687 787 1732 distinctio
802 1723 812 1743 ,
838 1697 881 1732 et
910 1700 1056 1731 tamen
1078 1687 1296 1732 distinctio
1313 1723 1324 1743 ‚
1349 1688 1520 1742 videat,

140 1758 215 1817 qui
234 1767 389 1817 potest.
411 1760 539 1802 Certe
560 1773 705 1802 coram
723 1773 766 1802 se
788 1769 851 1802 est
868 1793 880 1812 ,
907 1758 1103 1802 attendat
1124 1758 1168 1801 in
1188 1773 1231 1802 se
1254 1793 1264 1813 ,
1288 1767 1331 1802 et
1347 1758 1492 1802 videat
1509 1794 1520 1814 ‚

140 1837 183 1872 et
199 1827 315 1872 dicat
336 1829 458 1871 mihi.
488 1827 570 1872 Sed
592 1844 692 1872 cum
710 1829 925 1872 invenerit
945 1829 990 1871 in
1011 1828 1077 1872 his
1095 1828 1262 1889 aliquid
1279 1838 1321 1873 et
1339 1828 1519 1884 dixerit,

140 1913 228 1942 non
243 1900 333 1957 jam
351 1914 394 1941 se
407 1907 530 1957 putet
547 1898 759 1942 invenisse
774 1898 885 1942 illud
903 1898 1024 1959 quod
1040 1915 1168 1958 supra
1186 1900 1265 1943 ista
1283 1908 1344 1944 est
1361 1900 1523 1944 incom-

139 1969 351 2013 mutabile
369 2004 379 2023 ‚
406 1969 525 2029 quod
548 1979 610 2014 est
633 1969 1071 2024 incommutabiliter,
1097 1980 1140 2015 et
1156 1969 1214 2031 Ξῖ
1231 1971 1523 2016 incommuta-

143 2039 285 2083 biliter
299 2049 342 2084 et.
359 2039 454 2083 vult
471 2040 883 2084 incommutabiliter
895 2061 905 2097 3
925 2050 968 2085 et
982 2049 1131 2085 utrum
1145 2051 1323 2101 propter
1335 2043 1415 2086 tria
1429 2044 1523 2086 haec

140 2119 184 2154 et
203 2110 263 2153 ibi
285 2111 468 2155 Trinitas
488 2132 498 2167 3
519 2126 574 2154 an
596 2112 640 2154 in
672 2111 850 2169 singulis
872 2112 967 2156 haec
985 2112 1066 2156 tria
1081 2147 1091 2166 ‚
1111 2122 1161 2156 ut
1189 2122 1311 2157 terna
1333 2113 1523 2172 singulo-

140 2195 239 2224 rum
256 2181 366 2236 sint3
387 2197 441 2224 an
463 2192 699 2240 utrumque
721 2181 838 2225 miris
861 2180 1000 2226 modis
1032 2181 1283 2242 simpliciter
1305 2193 1348 2228 et
1368 2185 1522 2228 multi-

141 2251 309 2310 pliciter
330 2252 501 2295 infinito
523 2252 569 2294 in
591 2252 721 2296 sesibi
736 2252 822 2296 fine
841 2268 928 2312 quo
946 2262 1024 2308 est,
1046 2262 1089 2297 et
1109 2254 1188 2298 sibi
1214 2264 1366 2299 notum
1384 2265 1462 2309 est,
1479 2265 1522 2300 et

140 2323 220 2366 sibi
239 2322 397 2366 sufficit
410 2322 822 2367 incommutabiliter
835 2323 1022 2383 idipsum
1039 2326 1209 2385 copiosa
1222 2327 1396 2370 unitatis
1410 2342 1524 2384 magu,

140 2391 338 2436 nitudine
356 2427 366 2446 ‚
392 2392 614 2451 quisfacile
642 2393 923 2450 cogitaverit?
943 2395 1039 2453 quis
1062 2394 1152 2440 ullo
1176 2396 1307 2440 niodo
1335 2396 1486 2440 dixerit
1506 2402 1522 2438 ζ)

140 2463 236 2522 quis
264 2461 605 2521 quolibetmodo
631 2473 790 2507 temere
812 2465 1185 2521 pronuntiaverit?
