1871 3162
331 234 416 278 494
772 251 803 278 s.
841 248 1071 277 AUGUsTnss
1104 249 1281 277 muscom

326 325 468 361 tamen
490 315 596 360 boni
614 316 691 375 qui
712 316 931 360 habentur
954 324 1084 375 atque
1102 314 1376 374 appellantur
1398 313 1677 358 Grammatici
1692 347 1704 368 ‚

325 385 381 430 ad
416 385 607 445 aliquam
643 387 876 432 utilitatem
912 384 1071 430 referre
1107 395 1346 440 conantur,
1382 398 1633 444 quanquam
1666 382 1710 427 et

321 457 460 515 ipsam
480 472 637 502 vanam
667 465 711 500 et
745 456 917 500 avidam
953 458 1113 516 saginae
1149 455 1364 502 saecularis
1397 474 1406 499 :
1444 463 1610 515 quanto
1631 468 1710 498 nos

323 526 449 572 decet
469 542 558 572 esse
579 527 815 581 cautiores,
835 542 891 570 ne
905 526 980 571 illa
1000 543 1100 586 quae
1115 542 1217 572 vera
1238 524 1480 580 narramus,
1501 525 1591 568 sine
1610 539 1710 568 sua-

321 613 420 642 rum
435 613 664 642 causarum
685 596 930 642 redditione
947 597 1128 656 digesta,
1146 606 1221 641 aut
1241 597 1362 641 inani
1383 596 1608 650 suavitate,
1635 603 1710 639 aut

321 668 451 712 etiam
470 668 713 727 perniciosa
734 667 973 727 cupiditate
996 666 1245 712 credantur.
1269 669 1367 712 Non
1392 675 1538 710 tamen
1561 665 1620 710 sic
1641 680 1709 710 as-

320 752 511 782 seramus
532 738 611 782 has
631 752 798 794 causas,
818 747 869 783 ut
885 739 1037 784 relicto
1053 738 1312 783 narrationis
1334 746 1491 792 tractu,
1512 752 1588 782 cor
1607 752 1709 781 nos-

315 818 433 854 trum
450 818 494 854 et
514 808 665 868 lingua
693 809 742 854 in
762 809 902 854 nodos
928 809 1186 854 difficilioris
1215 808 1522 868 disputationis
1552 823 1708 853 excur—

314 888 411 937 rat3
444 877 520 924 sed
552 879 644 939 ipsa
672 879 830 924 veritas
862 878 1073 924 adhibitae
1096 879 1302 934 rationis,
1328 878 1451 939 quasi
1473 892 1630 922 aurum
1654 878 1709 921 sit
1761 931 1764 933 q

317 964 590 1009 gemmarum
608 949 807 995 ordinem
829 949 988 1009 ligans,
1007 965 1098 995 non
1118 958 1266 995 tamen
1289 949 1533 994 ornamenti
1554 948 1706 993 seriem

314 1017 405 1066 ulla
420 1020 785 1069 immoderatione
805 1020 1086 1080 perturbans.

319 1200 388 1218 ww
391 1199 531 1217 mm
534 1199 746 1217 mm
1176 1195 1708 1219 mmmmm

820 1335 1038 1384 CAPUT
1085 1335 1198 1383 VII.

433 1491 753 1550 Resurrectio,
765 1491 1023 1557 judicium,
1049 1502 1096 1538 et
1115 1492 1219 1538 αἷιά
1236 1491 1461 1552 quaedam
1479 1503 1589 1554 post

686 1565 1020 1611 narrationem
1041 1563 1330 1610 intimanda.

371 1724 448 1766 XI.
473 1724 757 1768 NARRAHONE
785 1722 908 1766 finita
926 1756 938 1777 ,
973 1736 1069 1781 spes
1100 1722 1425 1768 resurrectionis
1456 1723 1702 1769 intimanda

314 1802 377 1837 est
392 1828 403 1849 ‚
431 1802 476 1837 et
497 1808 576 1853 pro
592 1793 830 1853 capacitate
847 1808 895 1838 ac
917 1792 1086 1837 viribus
1108 1792 1324 1838 audientis
1341 1829 1351 1849 ‚
1377 1809 1544 1855 proque
1571 1795 1705 1854 ipsius

314 1863 520 1923 temporis
541 1863 743 1919 modulo,
766 1862 970 1908 adversus
992 1879 1123 1909 vanas
1144 1863 1357 1908 irrisiones
1382 1865 1626 1909 infidelium
1646 1864 1701 1909 de

314 1934 505 1993 corporis
528 1934 843 1978 resurrectione
861 1934 1154 1989 tractandum,
1171 1943 1215 1978 et
1229 1933 1367 1978 futuri
1388 1934 1532 1979 ultimi
1549 1935 1703 1995 judicii

313 2006 510 2050 bonitate
532 2006 579 2049 in
597 2006 751 2060 bonos,
771 2006 996 2050 severitate
1017 2006 1062 2049 in
1078 2005 1213 2050 malos
1229 2041 1240 2061 ‚
1266 2006 1447 2050 veritate
1463 2007 1508 2050 in
1530 2021 1704 2064 omnes3

313 2077 750 2136 commemoratisque
767 2091 869 2120 cum
892 2076 1180 2120 detestatione
1203 2085 1246 2119 et
1268 2077 1446 2120 horrore
1463 2077 1604 2135 poenis
1626 2078 1704 2119 im-

313 2149 486 2207 piorum
502 2182 513 2201 ‚
539 2162 723 2206 regnum
748 2148 969 2207 justorum
991 2156 1123 2206 atque
1144 2145 1339 2190 fidelium
1361 2155 1403 2190 et
1420 2162 1608 2206 superna
1629 2146 1703 2191 illa

313 2218 463 2263 civitas
486 2218 666 2278 ejusque
689 2216 899 2276 gaudium
916 2232 1017 2261 cum
1035 2216 1249 2261 desiderio
1267 2215 1599 2277 praedicandum
1620 2226 1697 2261 est.

314 2293 427 2335 Tum
449 2306 550 2335 vero
581 2289 838 2334 instruenda
859 2299 902 2334 et
931 2288 1162 2334 animanda
1185 2298 1249 2333 est
1266 2289 1491 2333 infirmitas
1513 2290 1702 2334 hominis

313 2361 517 2405 adversus
549 2360 810 2405 tentationes
832 2369 876 2404 et
903 2359 1128 2414 scandala,
1156 2360 1243 2404 sive
1275 2357 1379 2403 foris
1410 2359 1499 2404 sive
1534 2360 1580 2403 in
1612 2360 1701 2419 ipsa

312 2431 430 2476 intus
459 2430 654 2476 Ecclesia
678 2446 687 2472 :
714 2429 819 2475 foris
844 2431 1049 2475 adversus
1072 2429 1262 2474 Gentiles
1279 2465 1290 2484 ,
1315 2430 1384 2474 vel
1402 2432 1426 2474 J
1432 2429 1577 2474 udaeos
1595 2465 1606 2485 ,
1632 2429 1702 2474 vcl

313 2502 565 2559 haereticos3
594 2502 711 2547 intus
731 2511 878 2546 autem
898 2501 1102 2547 adversus
1125 2516 1235 2545 areae
1257 2500 1488 2546 dominicae
1509 2501 1694 2561 paleam.

313 2575 412 2620 Non
441 2582 492 2618 ut
528 2582 679 2618 contra
712 2571 880 2631 singula
900 2587 1204 2631 perversorum
1233 2586 1388 2631 genera
1427 2571 1695 2632 disputetur,
