1871 3162
264 199 346 244 27‘8
696 217 730 245 S.
767 217 998 247 Aueusnm
1030 220 1211 248 1121500121

261 273 440 342 propter
461 296 546 338 me,
572 282 647 327 sed
668 291 845 343 propter
866 285 1051 344 proximi
1069 285 1300 330 utilitatem
1321 288 1486 332 moveri
1508 304 1641 349 opor-

260 363 366 408 tere.
387 356 444 398 Et
466 363 615 398 utrum
639 355 700 399 ita
727 355 780 398 sit
808 355 966 400 nescio.
992 357 1136 401 Minus
1156 358 1262 401 mihi
1283 359 1329 402 in
1348 359 1429 403 hac
1445 375 1492 403 re
1511 370 1642 407 notus

261 439 359 468 sum
390 426 480 484 ipse
507 440 638 484 quam
661 434 725 469 tu.
751 424 940 470 Obsecro
965 435 1021 481 te,
1043 430 1158 472 Deus
1186 443 1323 484 meus,
1347 438 1390 473 et
1411 444 1480 474 me
1500 431 1643 490 ipsum

257 495 365 539 mihi
392 496 552 551 indica⁷
577 504 626 540 ut
655 496 864 541 confitear
892 497 1075 541 oraturis
1104 514 1184 558 pro
1203 514 1274 543 me
1302 499 1506 545 fratribus
1540 504 1644 547 meis

255 565 377 625 quod
405 566 452 610 in
485 581 555 610 mc
588 567 780 611 saucium
814 582 1080 627 comperero.
1114 572 1279 614 Iterum
1303 586 1371 614 me
1394 570 1644 630 diligentius

257 637 537 696 interrogem.
565 637 607 682 Si
625 637 811 682 utilitate
828 639 1010 698 proximi
1031 654 1208 684 moveor
1229 641 1275 684 in
1295 640 1498 685 laudibus
1517 643 1640 698 meis,

261 724 339 753 cur
362 709 505 752 minus
527 724 718 764 moveor,
743 710 777 753 si
799 710 1029 771 quisquam
1049 710 1156 755 alius
1178 712 1336 771 injuste
1354 712 1641 772 vituperetur,

263 794 395 837 quam
413 780 445 822 si
459 782 563 837 ego?
576 794 654 823 cur
670 794 720 823 ea
733 781 997 826 contumelia
1011 782 1145 840 magis
1162 783 1365 827 mordeor
1381 799 1480 842 quae
1494 783 1539 826 in
1556 799 1641 839 me,

260 864 393 908 quam
414 865 513 908 quae
541 850 587 893 in
622 849 755 893 alium
777 850 928 894 eadem
951 852 1180 912 iniquitate
1200 868 1344 897 coram
1367 868 1438 897 me
1455 854 1646 913 jacitur?

258 923 323 964 An
347 929 390 963 et
413 921 494 964 hoc
511 922 684 965 nescio?
710 922 928 966 Etiam-ne
946 922 992 966 id
1008 932 1139 968 restat
1155 934 1204 968 ut
1224 924 1315 983 ipse
1333 940 1403 968 me
1422 924 1642 981 seducam,

259 999 302 1034 et
335 1006 488 1034 verum
522 1007 610 1036 non
643 991 797 1036 faciam
826 1008 971 1036 coram
1004 1002 1046 1036 te
1076 994 1122 1036 in
1148 993 1278 1038 corde
1295 1003 1337 1038 et
1353 994 1501 1053 lingua
1525 998 1647 1039 mea?

263 1063 479 1106 Insaniam
509 1063 652 1117 istam,
691 1064 886 1119 Domine,
920 1064 1049 1123 longe
1071 1064 1140 1109 fac
1158 1082 1180 1109 a
1199 1081 1282 1119 me,
1306 1081 1360 1109 ne
1386 1065 1531 1110 oleum
1549 1081 1648 1125 pec-

263 1135 421 1177 catoris
459 1134 566 1178 mihi
601 1135 655 1178 sit
697 1150 744 1179 os
793 1150 939 1179 meum
993 1135 1047 1179 ad
1094 1136 1459 1195 impinguandum
1511 1147 1647 1196 caput

263 1207 451 1248 meum1.

276 1365 334 1387 ἎΛΊ
339 1373 476 1388 mm
480 1374 618 1389 mm
623 1374 688 1390 Μ
692 1374 972 1390 mmmm
981 1374 1255 1391 ᾺὪἋΝᾺΜΛ-ΜΊ
1261 1376 1325 1391 §ARN
1328 1377 1648 1393 ΜΑᾹἎΜΜΝῚΜΜ

694 1508 907 1555 CAPUT
941 1509 1229 1555 XXXHH.

495 1662 540 1708 E
545 1674 561 1708 t
583 1664 747 1708 virtuti
761 1663 1024 1723 periculum
1047 1681 1078 1709 α
1096 1681 1226 1709 vana
1248 1664 1421 1727 gloria.

285 1852 293 1855 -
326 1824 486 1866 LXIII.
523 1825 699 1866 Ecmws
714 1831 934 1881 et-pauper
951 1837 1029 1880 ego
1050 1838 1162 1876 sum,
1184 1833 1227 1867 et
1245 1822 1396 1867 melior
1413 1823 1459 1867 in
1478 1824 1652 1870 occulto

269 1894 432 1951 gemitu
460 1892 692 1951 displicens
723 1892 843 1947 mihi,
878 1902 920 1936 et
942 1908 1140 1952 quaerens
1168 1894 1504 1938 misericordiam
1532 1904 1651 1939 tuam

267 1964 406 2007 donec
436 1964 652 2007 reficiatur
684 1962 880 2007 defectus
911 1979 1046 2017 meus,
1082 1973 1124 2007 et
1157 1964 1402 2021 perficiatur
1437 1981 1575 2024 usque
1607 1966 1650 2008 in

270 2049 417 2093 pacem
446 2051 576 2094 quam
611 2035 744 2078 nescit
779 2035 1017 2092 arrogantis
1039 2033 1203 2078 oculus.
1233 2037 1381 2093 Sermo
1404 2044 1547 2078 autem
1580 2051 1652 2079 ore

269 2105 531 2164 procedens,
559 2116 601 2150 et
632 2106 744 2150 facta
770 2122 868 2165 quae
894 2107 1172 2149 innotescunt
1193 2106 1458 2160 hominibus,
1489 2107 1654 2150 habent

268 2177 553 2220 ‘tentationem
590 2175 990 2234 periculosissimam
1024 2176 1078 2219 ab
1113 2192 1258 2220 amore
1291 2176 1449 2230 laudis,
1485 2177 1561 2237 qui
1597 2176 1652 2220 ad

268 2248 477 2306 privatam
522 2248 756 2306 quamdam
798 2247 1095 2291 excellentiam
1128 2248 1345 2292 contrahit
1380 2248 1650 2292 emendicata

267 2318 493 2376 suffragia3
519 2327 656 2362 tentat
674 2328 834 2362 etcum
859 2335 880 2362 a
905 2334 973 2361 me
996 2319 1040 2361 in
1058 2334 1126 2362 me
1149 2319 1359 2377 arguitur,
1386 2335 1437 2363 eo
1452 2319 1546 2378 ipso
1562 2334 1650 2378 quo

263 2391 474 2445 arguitur,
505 2399 548 2433 et
575 2405 687 2449 saepe
723 2391 853 2433 homo
877 2389 930 2433 de
952 2390 1045 2447 ipso
1067 2405 1191 2433 vanae
1221 2389 1366 2447 gloriae
1395 2399 1651 2449 contemptu

264 2460 415 2503 vanius
449 2460 677 2517 gloriatum
716 2460 903 2520 ideoque
940 2476 1030 2505 non
1059 2461 1150 2519 jam
1187 2459 1241 2504 de
1274 2460 1365 2519 ipso
1395 2469 1650 2520 contemptu

317 2559 323 2575 ¹
344 2556 421 2587 psal.
442 2568 489 2596 ιι,
511 2557 541 2587 5.
