1871 3162
264 226 348 267 438
692 240 724 268 s.
760 238 990 269 Aueusnm
1021 241 1202 270 muscum

270 399 371 416 Um

937 403 1643 423 mmmmmmmm

756 535 974 584 CAPUT
1016 538 1153 587 XIV.

327 688 453 748 Ipsa
475 689 731 749 Sapientia
754 688 971 736 medetur
992 689 1139 736 oculis
1155 726 1166 747 ‚
1189 700 1239 735 ut
1255 689 1411 736 videri
1418 692 1582 750 possit.

322 846 544 890 XXIV.A.
569 848 633 890 ET
649 846 733 892 alio
754 847 825 892 die
846 867 855 892 :
876 851 937 894 Da
952 882 962 902 ,
982 863 1152 908 quaem,
1176 852 1378 907 inquam,
1397 850 1486 909 jam
1507 848 1543 892 si
1567 862 1647 906 po-

262 923 324 958 tes
338 915 463 959 illum
484 917 697 962 ordinem,
719 921 813 964 Duc
830 935 910 978 age
922 936 1009 979 qua
1020 921 1100 974 vis,
1117 935 1193 979 per
1209 936 1309 979 quae
1325 921 1404 975 vis,
1424 918 1648 979 quomodo

262 985 340 1028 vis.
367 988 535 1045 Impera
557 989 722 1047 quaevis
749 989 880 1045 dura,
906 990 1113 1049 quaelibet
1135 989 1292 1044 ardua,
1314 1005 1414 1049 quae
1437 998 1582 1033 tamen
1602 989 1647 1032 in

263 1070 360 1098 mea
380 1065 589 1113 potestate
610 1058 717 1111 sint,
742 1074 819 1117 per
840 1076 941 1118 quae
961 1075 1032 1103 me
1053 1076 1141 1120 quo
1162 1059 1382 1114 desidero,
1408 1069 1647 1118 perventu-

264 1141 359 1168 rum
383 1141 583 1171 essenon
605 1128 820 1172 dubitem.
847 1132 900 1172 R.
938 1131 1086 1173 Unum
1124 1139 1188 1173 est
1215 1130 1335 1189 quod
1362 1129 1441 1173 tibi
1473 1144 1647 1188 possum

263 1196 523 1255 praecipere,
558 1197 669 1241 nihil
690 1198 787 1257 plus
809 1199 911 1243 novi
940 1201 971 1242 1.
1000 1201 1176 1243 Penitus
1197 1214 1287 1243 esse
1315 1200 1396 1243 ista
1429 1199 1647 1244 sensibilia

262 1265 492 1324 fugienda,
517 1268 849 1329 cavendumque
868 1284 1130 1329 magnopere
1148 1269 1256 1313 dum
1276 1270 1360 1313 hoc
1381 1284 1538 1328 corpus
1554 1270 1647 1328 agi-

262 1352 358 1380 mus
369 1372 380 1390 ,
396 1353 451 1380 ne
472 1354 561 1397 quo
575 1354 726 1383 eorum
742 1340 859 1384 visco
876 1355 1032 1399 penuae
1053 1350 1212 1385 nostrae
1230 1339 1538 1399 impediantur,
1554 1341 1649 1399 qui-

263 1406 344 1450 bus
362 1408 540 1466 integris
564 1408 852 1468 perfectisque
879 1425 988 1468 opus
1009 1419 1094 1465 est,
1120 1419 1169 1453 ut
1198 1410 1254 1453 ad
1282 1409 1401 1453 illam
1423 1409 1564 1453 lucem
1594 1411 1647 1453 ab

262 1476 329 1519 his
350 1477 539 1520 tenebris
567 1478 809 1522 evolemus:
835 1495 934 1537 quae
956 1494 999 1522 se
1021 1494 1075 1522 ne
1097 1477 1325 1522 ostendere
1352 1477 1532 1537 quidem
1553 1478 1648 1536 dig-

263 1555 392 1589 natur
412 1546 457 1590 in
480 1547 560 1591 hac
583 1563 712 1591 cavea
740 1547 916 1592 inclusis
932 1583 943 1603 ‚
962 1548 1044 1592 nisi
1072 1548 1178 1592 tales
1203 1547 1366 1592 fuerint
1393 1557 1443 1592 ut
1470 1549 1551 1592 ista
1578 1549 1649 1593 vel

262 1615 439 1659 effracta
456 1617 525 1659 vel
545 1616 752 1660 dissoluta
773 1618 938 1676 possint
961 1618 1005 1660 in
1026 1633 1150 1661 auras
1165 1632 1261 1661 suas
1277 1618 1475 1662 evadere.
1495 1621 1648 1678 Itaque

262 1685 439 1743 quando
456 1684 588 1730 suerit
599 1687 695 1730 talis
710 1697 760 1730 ut
775 1687 886 1730 nihil
902 1698 944 1732 te
963 1703 1138 1745 prorsus
1151 1697 1423 1731 terrenorum
1435 1686 1645 1744 delectet,

263 1754 368 1796 mihi
391 1753 518 1798 crede
540 1790 551 1808 ,
583 1756 737 1798 eodem
770 1766 994 1800 momento
1013 1790 1024 1808 ‚
1049 1755 1203 1800 eodem
1236 1765 1401 1815 puncto
1441 1759 1649 1817 temporis

261 1824 426 1868 videbis
441 1824 561 1884 quod
570 1825 706 1883 cupis.
724 1828 776 1869 A.
795 1825 983 1878 Quando
1000 1824 1116 1870 istud
1132 1826 1232 1880 erit,
1245 1841 1321 1871 oro
1336 1836 1379 1871 te
1392 1828 1517 1872 ?N0n
1532 1828 1647 1872 enim

261 1904 370 1953 puto
381 1911 504 1954 posse
521 1896 629 1938 mihi
639 1896 733 1940 haec
754 1896 799 1938 in
820 1911 1040 1940 summum
1051 1897 1199 1941 venire
1221 1907 1546 1957 contemptum,
1566 1900 1647 1944 nisi

262 1963 412 2008 videro
435 1963 546 2008 illud
561 1964 607 2007 in
629 1965 752 2023 cujus
774 1967 1098 2024 comparatione
1116 1966 1196 2010 ista
1218 1965 1484 2011 sordescant.

321 2036 459 2078 XXV.
494 2037 548 2077 R.
574 2037 668 2079 Hoc
688 2035 820 2079 modo
848 2045 992 2094 posset
1017 2044 1060 2079 et
1080 2037 1161 2079 iste
1185 2037 1338 2080 oculus
1359 2038 1550 2095 corporis
1576 2037 1646 2082 di-

262 2119 373 2148 cere.
400 2106 510 2147 Tum
532 2105 732 2148 tenebras
754 2120 843 2149 non
864 2106 1021 2149 amabo
1042 2120 1144 2149 cum
1165 2105 1299 2149 solem
1321 2106 1487 2150 videro.
1514 2107 1648 2152 Vide-

262 2183 334 2217 tur
352 2173 466 2216 enim
489 2174 611 2232 quasi
633 2182 676 2216 et
696 2174 779 2218 hoc
800 2173 855 2218 ad
887 2175 1084 2218 ordinem
1107 2175 1323 2233 pertinere
1338 2209 1348 2229 ,
1374 2176 1495 2234 quod
1516 2176 1646 2235 longe

262 2252 326 2287 est
358 2258 494 2287 secus.
520 2247 649 2287 Amat
685 2245 800 2287 enim
828 2245 1027 2288 tenebras
1043 2279 1054 2299 ,
1084 2260 1135 2288 eo
1156 2243 1278 2303 quod
1298 2259 1426 2289 sanus
1446 2261 1536 2290 non
1553 2257 1640 2303 est,

263 2312 394 2356 solem
415 2321 559 2356 autem
590 2313 670 2356 nisi
692 2328 820 2357 sanus
840 2313 987 2357 videre
1015 2329 1104 2358 non
1122 2324 1277 2373 potest.
1309 2317 1366 2359 Et
1385 2316 1431 2359 in
1458 2331 1510 2360 eo
1530 2332 1644 2376 saepe

264 2380 428 2425 fallitur
445 2383 635 2436 animus,
662 2392 712 2425 ut
734 2398 887 2426 sanum
910 2398 953 2426 se
974 2392 1100 2442 putet
1119 2393 1162 2427 et
1182 2399 1271 2427 sese
1288 2385 1423 2443 jactet
1450 2404 1458 2429 ;
1479 2394 1521 2429 et
1543 2386 1643 2445 quia

265 2451 462 2495 nondum
484 2452 624 2507 videt,
649 2451 784 2496 veluti
800 2454 897 2512 jure
919 2453 1215 2512 conqueritur.
1252 2454 1379 2497 Novit
1403 2463 1546 2498 autem
1572 2455 1643 2499 illa

314 2552 323 2568 ¹
347 2557 359 2576 ι
381 2548 522 2577 Retract.
543 2556 614 2586 cap.
636 2557 681 2586 iv,
699 2557 732 2576 n.
749 2546 780 2577 3.
