1871 3162
283 257 364 296 146
711 271 744 299 s.
781 272 1011 299 Aueusnm
1045 273 1225 300 Erlscom
1844 149 1852 425 Ι

1842 549 1846 573 ι

813 585 1030 634 CAPUT
1066 586 1126 633 V.

334 738 520 801 choerz't
540 739 715 784 iter-am
736 737 864 785 ande
884 737 1085 797 malam,
1110 749 1155 785 et
1176 755 1285 799 qace
1306 737 1453 784 radix
1476 738 1593 801 ejus.
1840 768 1843 775 =
1862 761 1867 791 4

329 896 426 938 VII.
451 895 788 954 Etr-{quaerebam
814 894 933 940 unde
950 895 1120 941 malum
1139 932 1150 952 ‚
1168 907 1215 942 et
1241 897 1353 941 male
1370 897 1623 957 quaerebam
1644 918 1656 956 3

269 974 313 1010 et
328 965 375 1008 in
395 964 487 1024 ipsa
507 965 791 1024 inquisitione
807 980 904 1010 mea
923 981 1014 1011 non
1035 966 1240 1012 videbam
1256 968 1437 1012 malum.
1463 971 1520 1013 Et
1539 983 1657 1012 cons·

268 1036 482 1081 tituebam
503 1036 550 1080 in
570 1046 808 1095 conspectu
824 1037 1001 1097 spiritus
1023 1038 1110 1082 mei
1130 1039 1377 1083 universam
1396 1048 1656 1094 creaturam,

262 1105 481 1167 quidquid
496 1106 544 1150 in
564 1120 614 1151 ea
633 1121 810 1150 cernere
824 1121 1071 1166 possumus3
1086 1108 1214 1153 sicuti
1236 1118 1298 1152 est
1310 1118 1439 1164 terra,
1464 1119 1507 1153 et
1522 1124 1658 1164 mare,

261 1186 305 1222 et
340 1181 412 1222 aer
426 1211 438 1233 ‚
460 1186 505 1221 et
536 1176 700 1233 sidera,
733 1188 777 1222 et
802 1179 1004 1234 arbores,
1043 1187 1086 1222 et
1121 1178 1325 1224 animalia
1365 1179 1593 1236 mortalia3
1617 1189 1661 1224 et

257 1246 476 1308 quidquid
493 1248 540 1291 in
566 1262 617 1291 ea
645 1262 736 1293 non
767 1247 991 1303 videmus,
1022 1248 1136 1292 sicut
1168 1248 1495 1293 firmamentum
1527 1249 1656 1303 coeli,

258 1320 434 1378 insuper
463 1328 508 1363 et
538 1332 692 1362 omnes
725 1316 916 1376 Angelos
952 1328 996 1362 et
1017 1328 1176 1362 cuncta
1196 1318 1402 1377 spiritalia
1426 1321 1516 1377 ejus
1541 1340 1552 1376 3
1581 1317 1656 1362 sed
1830 1315 1834 1380 Ι
1857 1327 1859 1379 ζ

260 1389 389 1433 etiam
405 1388 513 1447 ipsa,
537 1388 662 1447 quasi
692 1398 877 1446 corpora
908 1396 1066 1442 essent,
1103 1387 1209 1432 locis
1238 1397 1282 1431 et
1308 1387 1415 1432 loeis
1441 1388 1659 1432 ordinavit
1847 1379 1858 1434 l

255 1459 509 1519 imaginatio
531 1473 629 1503 mea
655 1477 664 1503 :
704 1467 748 1503 et
763 1458 850 1502 feci
872 1474 1008 1503 unam
1030 1472 1214 1502 massam
1236 1458 1446 1517 grandem
1468 1459 1656 1504 distinc-

254 1540 343 1576 tam
364 1530 596 1589 generibus
622 1544 857 1588 sorporum
878 1539 1128 1573 creaturam
1147 1538 1268 1573 tuam
1286 1549 1298 1587 3
1317 1529 1409 1574 sive
1436 1545 1537 1589 quae
1557 1545 1659 1575 vera

255 1615 438 1661 corpora
472 1608 596 1644 erant
611 1633 623 1655 ‚
642 1600 730 1644 sive
761 1615 861 1659 quae
882 1600 974 1658 ipse
1002 1614 1080 1658 pro
1113 1600 1336 1658 spiritibus
1358 1600 1566 1644 finxeram
1585 1620 1594 1644 :
1616 1610 1660 1645 et

252 1687 347 1717 eam
366 1671 451 1716 feci
468 1669 683 1731 grandem
695 1705 706 1726 ,
725 1685 816 1715 non
829 1678 1049 1730 quantum
1063 1668 1294 1729 erat-quod
1307 1670 1415 1714 scire
1432 1686 1523 1715 non
1539 1680 1660 1730 pote-

251 1757 370 1801 ram3
404 1741 479 1786 sed
506 1750 728 1802 quantum
750 1741 885 1785 libuit
921 1740 1297 1801 undiqueversum
1325 1756 1428 1785 sane
1470 1742 1654 1786 finitam.

254 1815 313 1857 Te
344 1821 516 1868 autem,
563 1811 775 1867 Domine,
822 1826 877 1855 ex
907 1811 1028 1856 omni
1051 1820 1174 1871 parte
1208 1811 1474 1855 ambientem
1496 1826 1592 1855 eam
1614 1820 1660 1856 et

254 1890 556 1943 penetrantem
572 1916 584 1937 ,
620 1880 698 1927 sed
728 1896 1048 1942 usquequaque
1081 1881 1306 1925 infinitum
1343 1900 1353 1926 ι
1395 1890 1607 1941 tanquam
1627 1882 1661 1925 si

257 1969 374 1999 mare
388 1963 498 1998 esset
513 1954 679 2013 ubique
693 1962 737 1997 et
751 1951 948 2012 undique
963 1967 1040 2011 per
1059 1952 1271 1996 immensa
1287 1952 1423 2010 spatia
1442 1951 1663 1996 infinitum

259 2025 402 2070 solum
416 2039 554 2079 mare,
578 2033 622 2068 et
645 2023 825 2068 haberet
846 2024 961 2067 intra
981 2038 1025 2066 se
1040 2022 1270 2081 spongiam
1283 2021 1526 2082 quamlibet
1546 2037 1664 2082 mag-

262 2112 387 2153 nam,
415 2097 491 2141 sed
511 2096 681 2140 finitam
703 2105 876 2139 tamen:
902 2094 1035 2154 plena
1066 2103 1177 2138 esset
1201 2094 1356 2154 utique
1386 2096 1562 2153 spongia
1589 2094 1664 2138 illa

266 2184 320 2214 ex
335 2168 454 2213 omni
475 2181 552 2211 sua
572 2175 694 2225 parte
722 2181 772 2209 ex
792 2165 1003 2209 immenso
1020 2164 1128 2208 mari
1155 2182 1164 2208 ι
1185 2164 1245 2208 sie
1266 2172 1506 2207 creaturam
1546 2174 1665 2208 tuam

265 2240 451 2294 finitam,
474 2247 519 2282 et
538 2238 710 2281 infinito
730 2236 906 2296 plenam
936 2236 1164 2296 putabam,
1200 2246 1243 2280 et
1277 2234 1475 2279 dicebam
1510 2254 1519 2279 :
1552 2238 1664 2280 Ecce

268 2314 404 2366 Deus,
428 2318 473 2354 et
493 2322 593 2353 ecce
605 2323 706 2368 quae
726 2307 892 2351 creavit
913 2310 1027 2350 Deus
1041 2340 1052 2362 ‚
1076 2315 1120 2350 et
1135 2306 1277 2350 bonus
1291 2315 1356 2350 est
1372 2309 1509 2361 Deus,
1532 2315 1663 2365 atque

271 2383 337 2427 his
372 2380 632 2427 validissime
674 2378 1012 2438 longissimeque
1047 2377 1320 2437 praestantior
1347 2397 1357 2433 3
1400 2376 1477 2420 sed
1518 2387 1664 2421 tamen

277 2453 419 2497 bonus
434 2452 551 2496 bona
572 2450 756 2504 creavit,
779 2458 823 2493 et
843 2463 943 2493 ecce
964 2447 1188 2508 quomodo
1205 2447 1343 2491 ambit
1357 2457 1488 2506 atque
1513 2448 1664 2506 implet

275 2539 338 2568 ea.
370 2523 451 2567 Ubi
475 2538 581 2581 ergo
597 2520 762 2565 malum
778 2555 790 2575 ,
815 2529 858 2563 et
878 2520 1018 2573 unde,
1043 2528 1086 2562 et
1104 2533 1191 2577 qua
1212 2518 1299 2561 hue
1330 2518 1528 2576 irrepsit?
1556 2520 1662 2570 Quae

279 2595 402 2638 radix
419 2595 510 2654 ejus
524 2628 536 2648 ‚
561 2602 604 2636 et
625 2590 745 2652 quod
772 2606 919 2634 semen
936 2591 1053 2649 ejus?
1075 2594 1142 2633 An
1158 2589 1338 2634 omnino
1359 2604 1447 2633 non
1465 2591 1554 2633 est?
1575 2592 1663 2634 Cur
