1871 3162
555 242 607 268 nE
639 237 967 273 cATEcfflzANDIS
1000 241 1193 267 nummis.
1477 232 1550 269 501

182 306 316 360 exitu,
349 305 437 349 sive
464 313 612 348 utrum
649 312 876 349 occurrant
909 318 989 363 pro
1025 304 1263 358 sententia,
1293 306 1380 349 sive
1412 314 1560 349 utrum

182 376 452 435 accipiantur
472 375 652 433 utiliter3
672 376 740 420 vel
753 375 856 434 quia
870 374 944 419 illa
966 389 1065 434 quae
1089 372 1271 417 rudibus
1287 376 1563 420 insinuantur

180 461 231 491 eo
249 445 369 505 quod
390 445 515 489 nobis
531 446 749 489 notissima
772 453 889 499 sunt,
914 453 956 488 et
980 446 1203 504 provectui
1217 454 1364 489 nostro
1374 447 1461 504 jam
1475 462 1562 490 non

180 516 418 560 necessaria
432 550 443 571 ,
466 516 585 575 piget
617 515 672 560 ad
700 531 748 559 ea
767 515 999 574 saepissime
1027 516 1168 558 redire
1186 549 1198 570 ‚
1229 529 1310 558 nec
1332 515 1376 557 in
1398 517 1456 559 eis
1475 526 1564 560 tam

180 586 345 630 usitatis
366 595 410 630 et
427 595 634 646 tanquam
649 585 922 629 infantilibus
943 600 1044 629 cum
1066 583 1212 644 aliqua
1230 583 1455 643 voluptate
1473 588 1562 644 jam

178 657 508 716 grandiusculus
533 658 700 701 animus
731 657 939 716 graditur.
977 656 1097 700 Facit
1119 655 1249 699 etiam
1269 654 1468 715 loquenti
1483 665 1563 700 tae-

179 728 300 772 dium
314 727 826 781 auditorimmobilis,vel
837 727 938 786 quia
962 742 1051 771 non
1072 735 1273 771 movetur
1296 726 1472 781 affectu,
1496 728 1565 771 vel

177 798 278 858 quia
294 798 417 842 nullo
432 808 553 842 motu
574 796 939 855 corporisindicat
957 812 999 840 se
1020 796 1261 854 intelligere
1278 795 1347 840 vel
1368 796 1448 840 sibi
1470 796 1557 855 pla-

177 882 272 911 cere
283 884 381 927 quae
395 867 603 911 dicuntur
616 882 724 911 :non
738 868 839 926 quia
852 868 1056 910 humanae
1070 866 1210 910 laudis
1224 882 1301 910 nos
1316 882 1405 910 esse
1417 868 1564 912 avidos

178 937 319 991 decet,
345 938 418 981 sed
443 938 543 997 quia
566 953 614 980 ea
638 952 738 996 quae
757 937 1070 992 ministramus,
1094 937 1170 980 Dei
1190 946 1314 994 sunt3
1340 945 1382 980 et
1399 947 1564 996 quanto

178 1008 309 1065 magis
348 1008 566 1065 diligimus
601 1023 671 1051 eos
709 1007 867 1066 quibus
898 1007 1146 1067 loquimur,
1181 1016 1302 1052 tanto
1334 1009 1470 1066 magis
1505 1009 1563 1052 eis

177 1078 375 1136 cupimus
391 1086 439 1120 ut
462 1080 677 1136 placeant,
701 1093 799 1137 quae
817 1077 872 1120 ad
887 1093 1036 1121 eorum
1052 1079 1338 1137 porriguntur
1353 1078 1536 1123 salutem
1552 1099 1560 1123 :

176 1148 296 1207 quod
318 1148 350 1189 si
369 1163 455 1191 non
475 1147 686 1202 succedit,
708 1148 1028 1202 contristamur,
1047 1158 1090 1192 et
1111 1149 1156 1191 in
1182 1149 1276 1207 ipso
1297 1163 1424 1192 cursu
1444 1148 1564 1192 debi-

175 1218 352 1261 litamur
374 1227 416 1261 et
438 1217 696 1276 frangimur,
720 1219 842 1277 quasi
877 1216 1032 1261 frustra
1061 1234 1235 1277 operam
1268 1228 1559 1264 conteramus.

175 1290 499 1347 Nonnunquam
531 1287 660 1330 etiam
697 1302 796 1331 cum
819 1288 1056 1331 avertimur
1091 1288 1146 1332 ab
1176 1289 1323 1349 aliqua
1346 1305 1407 1343 re,
1431 1305 1564 1350 quam

175 1357 466 1401 desideramus
490 1373 635 1415 agere,
661 1367 704 1401 et
725 1360 846 1417 cujus
867 1359 978 1402 actio
1002 1367 1077 1402 aut
1099 1357 1346 1404 delectabat
1368 1375 1462 1415 nos,
1489 1369 1564 1404 aut

176 1428 310 1485 magis
338 1428 462 1470 nobis
495 1427 731 1471 necessaria
770 1427 1014 1483 videbatur,
1050 1438 1092 1472 et
1114 1430 1310 1487 cogimur
1339 1439 1415 1473 aut
1440 1431 1563 1489 jussu

175 1500 264 1558 ejus
287 1513 417 1557 quem
437 1497 663 1541 offendere
686 1497 914 1552 nolumus,
943 1509 1018 1543 aut
1048 1499 1297 1560 aliquorum
1326 1501 1563 1545 inevitabili

174 1568 378 1611 instantia
404 1568 669 1611 catechizare
692 1568 880 1627 aliquem
895 1603 904 1621 ,
931 1570 1020 1627 jam
1043 1570 1293 1613 conturbati
1317 1572 1563 1614 accedimus

176 1638 230 1682 ad
248 1639 490 1696 negotium,
511 1639 582 1682 cui
612 1654 768 1696 magna
797 1639 1113 1698 tranquillitate
1141 1655 1250 1698 opus
1267 1649 1345 1694 est,
1366 1641 1562 1686 dolentes

175 1709 294 1768 quod
324 1723 468 1768 neque
497 1707 694 1752 ordinem
727 1709 947 1751 actionum
984 1710 1111 1753 nobis
1131 1711 1387 1755 conceditur
1415 1721 1562 1756 tenere

176 1794 307 1838 quem
331 1778 550 1832 volumus,
576 1793 655 1821 nec
678 1779 875 1822 sufficere
907 1779 1110 1822 omnibus
1142 1795 1369 1837 possumus
1395 1803 1406 1838 3
1432 1792 1562 1841 atque

176 1853 235 1894 ita
253 1865 303 1893 ex
321 1850 412 1908 ipsa
431 1849 601 1893 tristitia
623 1864 763 1892 sermo
782 1849 1019 1907 procedens
1036 1850 1180 1894 minus
1196 1861 1341 1908 gratus
1359 1861 1438 1906 est,
1459 1854 1560 1912 quia

177 1920 231 1963 de
250 1920 446 1963 ariditate
468 1919 683 1962 moestitiae
705 1919 848 1962 minus
867 1919 1088 1963 exuberat.
1114 1920 1362 1980 Aliquando
1384 1922 1487 1965 item
1509 1938 1561 1966 ex

178 1988 323 2048 aliquo
344 1987 547 2032 scandalo
571 2003 732 2032 moeror
756 1997 905 2046 pectus
929 1988 1119 2043 obsedit,
1145 1999 1188 2034 et
1209 1999 1315 2034 tunc
1339 1991 1464 2035 nobis
1491 1991 1562 2035 di-

176 2060 289 2102 citur
316 2078 324 2102 :
351 2058 478 2112 Veni,
504 2057 682 2117 loquere
708 2058 825 2111 huic,
853 2058 1121 2102 Christianus
1145 2059 1240 2103 vult
1261 2061 1369 2103 fieri.
1396 2061 1561 2105 Dicitur

178 2128 290 2170 enim
309 2128 364 2170 ab
381 2127 686 2185 ignorantibus
702 2126 809 2186 quid
828 2143 906 2171 nos
923 2127 1119 2171 clausum
1137 2130 1252 2173 intus
1268 2139 1419 2174 exurat
1438 2150 1447 2176 ε
1468 2131 1561 2191 qui-

180 2198 260 2240 bus
282 2197 316 2240 si
337 2197 543 2240 affectum
566 2206 763 2240 nostrum
787 2197 951 2256 aperire
972 2213 1061 2241 non
1078 2208 1265 2258 oportet,
1305 2200 1560 2259 suscipimus

179 2267 386 2325 ingratius
409 2268 528 2326 quod
551 2267 705 2310 volunt
733 2287 742 2311 z
768 2276 809 2310 et
831 2267 1028 2326 profecto
1049 2268 1279 2327 languidus
1301 2280 1344 2314 et
1372 2271 1559 2316 insuavis

179 2338 250 2381 ille
272 2352 412 2381 sermo
433 2340 512 2381 erit
528 2332 603 2396 per
621 2353 774 2381 venam
797 2339 937 2383 cordis
959 2348 1215 2384 aestuantem
1228 2341 1559 2402 fumantemque

179 2409 397 2467 trajectus.
427 2410 507 2452 Tot
528 2408 660 2465 igitur
682 2423 731 2451 ex
754 2410 912 2464 causis,
939 2410 1148 2469 quaelibet
1185 2427 1332 2455 earum
1354 2413 1560 2457 serenita-

180 2487 267 2522 tem
287 2488 444 2522 nostroe
460 2479 614 2522 mentis
628 2478 873 2533 obnubilet,
900 2479 1139 2524 secundum
1158 2484 1295 2525 Deum
1313 2492 1414 2526 sunt
1435 2498 1558 2542 quae-

181 2547 315 2592 renda
338 2548 543 2604 remedia,
566 2549 726 2609 quibus
761 2549 974 2595 relaxetur
1002 2549 1074 2595 illa
1110 2553 1349 2598 contractio
1369 2588 1379 2608 ,
1402 2562 1445 2597 et
1469 2552 1558 2596 fer-
