1871 3162
536 245 908 282 soLlLoQUiomJM,
944 244 1026 269 Lm.
1063 245 1109 269 ιι.
1413 233 1496 272 445

649 551 867 600 CAPUT
907 552 970 599 II.

576 703 778 750 Veritas
794 712 1049 763 perpetua.

181 862 239 903 II.
274 863 327 904 A.
354 862 761 905 MAmFEsnssva
785 859 984 904 ordinem
1006 858 1136 904 video
1159 867 1290 918 atque
1314 858 1511 902 brevissi-

121 944 257 973 mum.
283 932 336 973 R.
359 930 439 974 Hic
458 945 561 988 ergo
583 939 674 975 esto
696 946 830 984 nunc,
851 939 901 974 ut
916 931 1202 988 interroganti
1224 938 1350 973 caute
1369 931 1512 973 firme-

120 1015 207 1059 que
241 1000 518 1058 respondeas.
555 1004 607 1044 A.
649 1002 781 1044 Isthic
815 1017 925 1044 sum.
968 1005 1021 1044 R.
1061 1000 1104 1045 Si
1126 1000 1319 1043 manebit
1343 1014 1511 1058 semper

121 1068 312 1113 mundus
334 1069 430 1121 iste,
450 1085 603 1113 verum
624 1079 689 1113 est
703 1070 920 1113 muudum
938 1085 1107 1128 semper
1126 1084 1379 1113 mansurum
1399 1071 1512 1112 esse?

121 1142 174 1184 A.
201 1140 306 1191 Quis
330 1140 413 1183 hoc
435 1138 640 1184 dubitet?
662 1143 715 1183 R.
741 1140 859 1192 Quid
876 1139 910 1182 si
930 1155 1020 1183 non
1048 1139 1259 1193 manebit,
1285 1155 1432 1183 nonne
1455 1140 1515 1183 ita

120 1224 273 1254 verum
291 1218 355 1253 est
369 1208 585 1252 mundum
608 1225 697 1253 non
721 1225 808 1252 esse
832 1199 1114 1253 mensurum?
1136 1212 1190 1253 A.
1210 1209 1328 1252 Nihil
1345 1210 1511 1253 resisto.

123 1282 177 1323 R.
213 1278 327 1332 Quid
348 1294 448 1323 cum
470 1278 702 1332 interierit,
740 1279 773 1322 si
795 1279 1049 1323 interiturus
1071 1288 1150 1333 est,
1183 1294 1330 1322 nonne
1348 1288 1453 1323 tunc
1471 1279 1518 1322 id

124 1348 205 1392 erit
222 1363 391 1402 verum,
415 1348 634 1392 mundum
651 1348 874 1392 interisse?
898 1351 1009 1393 Nam
1031 1348 1230 1408 quandiu
1251 1363 1404 1392 verum
1427 1364 1517 1392 non

123 1427 202 1473 est,
228 1417 444 1462 mundum
479 1418 707 1473 occidisse,
743 1434 832 1463 non
855 1419 1042 1463 occidit:
1067 1428 1283 1478 repugnat
1311 1419 1447 1477 igitur
1470 1428 1519 1462 ut

125 1488 318 1532 mundus
351 1488 576 1542 occiderit,
602 1497 645 1532 et
665 1503 817 1532 verum
847 1504 938 1532 non
964 1489 1018 1532 sit
1048 1488 1267 1532 mundum
1299 1488 1516 1533 occidisse.

126 1562 177 1603 A.
205 1561 263 1602 Et
275 1559 359 1602 hoc
376 1559 585 1603 concedo.
612 1561 665 1602 R.
693 1558 809 1610 Quid
830 1558 970 1601 illud?
994 1557 1254 1601 Videtur-ne
1270 1558 1349 1601 tibi
1368 1573 1522 1603 verum

127 1628 294 1689 aliquid
326 1643 414 1673 esse
449 1644 587 1687 posse,
623 1637 673 1673 ut
707 1628 864 1673 veritas
891 1643 982 1672 non
1011 1628 1089 1672 sit?
1124 1631 1176 1673 A.
1210 1627 1342 1673 Nullo
1370 1628 1518 1672 modo.

129 1703 182 1743 R.
219 1699 315 1743 Erit
341 1699 474 1757 igitur
494 1700 668 1753 veritas,
694 1700 861 1743 etiamsi
884 1700 1075 1743 mundus
1096 1700 1296 1743 intereat.
1341 1702 1394 1743 A.
1434 1702 1524 1744 Ne-

130 1785 231 1829 gare
250 1785 340 1814 non
361 1785 553 1829 possum.
587 1773 641 1812 R.
678 1769 795 1820 Quid
813 1769 847 1811 si
868 1768 960 1827 ipsa
981 1769 1139 1811 veritas
1161 1769 1347 1822 occidat,
1378 1783 1526 1813 nonne

132 1857 282 1885 verum
305 1841 386 1884 erit
412 1841 638 1885 veritatem
662 1839 893 1883 occidisse?
931 1842 982 1882 A.
1021 1841 1078 1882 Et
1102 1838 1219 1882 istud
1242 1839 1338 1898 quis
1366 1842 1528 1896 negat?

131 1914 185 1955 R.
215 1914 375 1955 Verum
390 1919 537 1954 autem
550 1925 639 1953 non
654 1918 914 1967 potestesse,
931 1909 964 1951 si
976 1908 1132 1952 veritas
1148 1923 1237 1952 non
1254 1909 1322 1952 sit.
1348 1912 1399 1952 A.
1430 1911 1455 1951 J
1459 1925 1529 1953 am

132 1982 216 2025 hoc
240 1980 373 2039 paulo
398 1989 499 2023 ante
526 1979 734 2024 concessi.
776 1982 828 2022 R.
867 1977 998 2023 Nullo
1029 1977 1161 2021 modo
1193 1977 1325 2035 igitur
1357 1977 1529 2022 occidet

133 2051 305 2094 veritas.
332 2053 384 2094 A.
413 2053 548 2108 Perge
568 2058 618 2093 ut
639 2048 824 2108 coepisti,
846 2063 948 2092 nam
970 2047 1050 2092 ista
1070 2047 1326 2092 collectione
1341 2047 1452 2092 nihil
1466 2057 1531 2094 est

134 2136 295 2167 verius.

354 2634 527 2664 cxxxii.
1324 2622 1374 2659 29
