1871 3162
557 206 901 244 CONFESSIONUM‚
935 206 1019 233 Lm.
1054 205 1147 231 xm.
1446 194 1528 232 371

160 400 1512 421 WUMMNWVUWWWWWVWWWWWWWWWRMNWWWWWWVUWWWWM

665 559 881 607 CAPUT
930 561 1016 607 IX.

209 727 307 772 Car
325 726 452 772 solus
477 727 684 787 Spiritus
704 735 902 771 sanctus
924 723 1318 786 superferebatur
1340 739 1484 783 saper
1521 754 1525 756 -

753 812 926 854 aquas.

213 959 268 1000 X.
294 958 505 1011 Numqmn
534 965 609 1000 aut
630 959 756 1000 Pater
787 963 863 998 aut
895 953 1032 998 Filius
1062 969 1151 998 non
1182 951 1535 1013 superferebatur

155 1042 284 1086 super
303 1029 466 1086 aquas?
497 1027 540 1071 Si
560 1033 768 1085 tanquam
790 1025 887 1069 loco
907 1025 1015 1069 sicut
1041 1040 1221 1084 corpus,
1247 1039 1328 1068 nec
1354 1024 1537 1082 Spiritus

154 1107 341 1141 sanctus.
376 1097 418 1141 Si
456 1105 602 1140 autem
636 1093 1003 1139 incommutabilis
1029 1094 1269 1138 Divinitatis
1302 1094 1535 1138 eminentia

153 1182 283 1226 super
303 1181 433 1211 omne
455 1165 686 1219 mutabile,
713 1174 757 1209 et
773 1168 898 1209 Pater
918 1174 961 1208 et
985 1164 1120 1208 Filius
1141 1173 1185 1207 et
1208 1164 1390 1223 Spiritus
1412 1179 1533 1210 sanc·

154 1246 223 1281 tus
235 1235 588 1295 superferebatur
601 1250 731 1294 super
742 1250 892 1294 aquas,
909 1250 986 1279 cur
1002 1250 1105 1294 ergo
1118 1244 1290 1280 tantum
1304 1235 1358 1279 de
1374 1235 1535 1294 Spiritu

154 1316 231 1352 tuo
252 1307 420 1351 dictum
439 1314 503 1349 est
527 1306 638 1349 hoc?
655 1320 733 1349 cur
754 1305 809 1350 de
828 1305 904 1350 illo
923 1315 1091 1349 tantum
1114 1305 1281 1350 dietum
1296 1308 1385 1350 est?
1406 1307 1536 1360 Quasi

152 1376 274 1421 locus
294 1377 356 1420 ibi
376 1384 486 1419 esset
503 1375 579 1435 qui
598 1390 688 1419 non
711 1383 775 1419 est
795 1374 917 1420 locus
935 1410 946 1430 ,
966 1375 1022 1419 de
1044 1391 1133 1435 quo
1153 1375 1247 1421 solo
1271 1376 1439 1422 dictum
1473 1386 1535 1421 est

151 1445 272 1505 quod
294 1446 348 1490 sit
369 1446 535 1489 donum
558 1453 701 1489 tuum.
729 1448 781 1488 In
803 1444 920 1489 dono
942 1455 1018 1490 tuo
1046 1446 1354 1506 requiescimus
1372 1468 1383 1505 3
1408 1447 1469 1491 ibi
1491 1456 1534 1491 te

151 1517 353 1561 fruimur.
379 1516 566 1574 Requies
589 1524 735 1559 nostra
755 1514 876 1560 locus
902 1525 1062 1560 noster.
1091 1520 1225 1560 Amor
1245 1518 1350 1562 illuc
1376 1518 1534 1563 attollit

150 1603 229 1632 nos
246 1621 257 1641 ‚
282 1596 326 1630 et
348 1586 531 1646 Spiritus
555 1595 656 1629 tuus
678 1586 820 1630 bonus
841 1586 1000 1630 exaltat
1023 1587 1312 1632 humilitatem
1341 1599 1533 1634 nostram

151 1658 205 1701 de
227 1658 361 1716 portis
380 1658 568 1701 mortis¹.
598 1659 648 1699 In
668 1656 781 1700 bona
799 1656 1026 1701 voluntate
1048 1673 1128 1717 pax
1146 1659 1272 1703 nobis
1294 1668 1358 1703 est
1374 1663 1406 1704 ¹2.
1425 1663 1533 1706 Cor-

150 1745 230 1788 pus
249 1729 439 1787 pondere
462 1744 540 1771 suo
562 1728 715 1771 nititur
738 1728 791 1771 ad
822 1728 968 1773 locum
996 1744 1139 1772 suum.
1164 1731 1338 1775 Pondus
1360 1748 1448 1777 non
1477 1735 1531 1778 ad

150 1800 234 1843 ima
259 1808 426 1843 tantum
444 1808 522 1852 est,
541 1797 616 1841 sed
639 1797 693 1841 ad
710 1797 856 1842 locum
878 1813 1020 1843 suum.
1047 1801 1164 1858 Ignis
1185 1816 1355 1846 sursum
1377 1804 1529 1860 tendit,

149 1869 352 1913 deorsum
374 1868 497 1927 lapis.
520 1868 789 1911 Ponderibus
811 1868 897 1911 suis
919 1878 1124 1927 aguntur,
1140 1870 1234 1915 loca
1257 1887 1331 1916 sua
1358 1884 1528 1931 petunt.

150 1939 306 1984 Oleum
321 1938 430 1982 infra
449 1953 607 1997 aquam
623 1936 792 1991 fus-um,
823 1954 953 1997 supra
980 1955 1137 1998 aquam
1160 1942 1393 2001 attollitur3
1421 1961 1532 2004 aqua

151 2026 280 2069 supra
302 2010 448 2054 oleum
476 2008 570 2052 fusa
587 2042 597 2062 ‚
621 2008 734 2052 infra
770 2009 913 2056 oleum
939 2010 1233 2069 demergitur3
1263 2012 1529 2071 ponderibus

153 2081 236 2124 suis
255 2087 442 2137 aguntur
462 2113 472 2132 ‚
494 2077 587 2121 loca
620 2093 695 2121 sua
727 2087 897 2136 petunt.
919 2079 1064 2123 Minus
1092 2080 1307 2137 ordinata,
1333 2083 1527 2144 inquieta

150 2158 251 2194 sunt
265 2184 275 2201 ‚
301 2148 557 2192 ordinantur
573 2157 616 2192 et
630 2148 874 2207 quiescunt.
895 2149 1070 2192 Pondus
1089 2165 1234 2194 meum
1253 2167 1373 2197 amor
1389 2170 1527 2212 meus,

151 2234 203 2263 eo
225 2218 340 2262 feror
356 2232 634 2277 quocumque
652 2216 781 2261 feror.
809 2220 931 2262 Dono
954 2227 1031 2262 tuo
1047 2220 1325 2265 accendimur
1340 2257 1351 2277 ‚
1376 2234 1419 2267 et
1435 2241 1530 2269 sur-

150 2304 245 2334 sum
267 2289 462 2332 ferimur.
489 2287 802 2332 Inardescimus
819 2322 829 2342 ‚
850 2298 893 2333 et
914 2289 1040 2333 imus.
1067 2290 1351 2337 Ascendimus
1375 2310 1528 2340 ascen—

149 2359 288 2404 siones
311 2358 356 2402 in
379 2357 530 2401 corde³
549 2393 559 2412 ‚
593 2366 634 2400 et
657 2366 879 2402 cantamus
916 2359 1134 2404 canticum
1156 2361 1385 2420 graduum.
1419 2369 1526 2425 Igne

150 2438 227 2474 tuo
247 2463 258 2483 ,
290 2429 389 2486 igne
413 2437 488 2472 tuo
515 2428 633 2472 bono
653 2427 962 2472 inardescimus
979 2438 1023 2472 et
1041 2430 1174 2485 imus,
1200 2434 1403 2491 quoniam
1428 2451 1525 2481 sur..

196 2527 208 2549 ¹
229 2525 369 2566 Psal.1x,
393 2524 443 2556 15.
469 2540 500 2548 -
517 2531 529 2547 ¹
549 2525 627 2557 Luc.
648 2534 682 2563 n,
702 2525 752 2566 14.
776 2541 814 2547 --
836 2523 848 2547 3
869 2524 949 2557 Psal.
971 2527 1151 2567 Lxxx111‚6.

1301 2583 1365 2625 24.
