1871 3162
247 200 331 238 442
453 241 462 250 ·
627 202 629 205 ’
677 208 709 235 s.
746 208 977 235 Auensnm
1009 209 1189 235 Episcopi

244 275 422 319 tortasse
443 275 625 333 amplius
646 288 904 333 quaererem.
929 276 982 316 R.
1012 272 1174 316 Saltem
1195 274 1272 317 ubi
1294 288 1383 316 non
1403 275 1478 328 sit,
1506 282 1627 332 potes

244 346 532 404 cognoscere?
553 348 606 388 A.
634 345 676 388 Si
697 357 1024 397 commemores,
1044 342 1224 387 fortasse
1239 352 1407 402 potero.
1443 346 1496 387 R.
1530 346 1628 389 Non

243 423 307 458 est
327 423 442 458 certe
463 416 508 458 in
531 414 662 457 rebus
683 411 958 456 mortalibus.
991 412 1216 472 Quidquid
1237 413 1353 456 enim
1374 421 1453 467 est,
1477 412 1524 456 in
1546 411 1627 456 ali-

243 499 331 542 quo
353 499 442 528 non
462 492 605 542 potest
626 497 816 535 manere,
853 481 888 525 si
919 496 1008 524 non
1036 490 1210 525 maneat
1230 481 1341 525 illud
1361 482 1406 525 in
1429 496 1518 540 quo
1546 490 1624 525 est.

241 556 417 598 Manere
435 562 596 607 autem,
617 552 747 596 etiam
765 551 895 594 rebus
912 550 1024 593 veris
1041 549 1378 605 intereuntibus,
1403 551 1627 595 veritatem

242 623 373 682 paulo
394 633 494 667 ante
515 637 770 667 concessum
793 630 871 665 est.
899 623 996 666 Non
1018 621 1152 679 igitur
1174 630 1238 665 est
1259 621 1416 665 veritas
1436 621 1482 664 in
1501 620 1629 664 rebus

242 693 512 738 mortalibus.
539 696 615 736 Est
637 702 784 736 autem
804 693 977 745 veritas,
1002 699 1044 734 et
1065 706 1154 734 non
1178 700 1243 734 est
1264 705 1496 751 nusquam.
1520 693 1631 735 Sunt

241 764 372 821 igitur
404 778 469 807 res
502 761 781 806 immortales.
817 760 934 805 Nihil
956 769 1103 804 autem
1124 775 1277 804 verum
1298 761 1344 804 in
1364 776 1454 820 quo
1475 760 1629 804 veritas

240 848 333 877 non
364 842 442 876 est.
467 833 709 877 Conficitur
729 831 879 889 itaque
902 845 992 873 non
1021 845 1112 874 esse
1143 845 1261 885 vera,
1292 830 1374 874 nisi
1402 845 1502 889 quae
1529 840 1631 874 sunt

240 901 514 947 immortalia.
533 904 591 946 Et
607 901 748 945 omnis
763 899 871 944 falsa
891 900 1034 954 arbor,
1050 914 1142 944 non
1163 908 1228 943 est
1249 899 1395 954 arbor,
1413 907 1457 942 et
1473 898 1628 943 falsum

238 972 408 1032 lignum
436 987 528 1016 non
549 980 612 1015 est
632 970 821 1029 lignum,
845 978 889 1013 et
912 967 1070 1013 falsum
1091 976 1323 1027 argentum
1350 983 1441 1012 non
1469 977 1534 1012 est
1564 983 1633 1012 ar-

240 1051 438 1102 gentum,
459 1050 503 1086 et
524 1041 704 1086 omnino
724 1039 945 1099 quidquid
974 1038 1134 1083 falsum
1162 1047 1244 1092 est,
1279 1053 1371 1082 non
1392 1046 1470 1082 est.
1491 1039 1632 1082 Omne

240 1122 386 1157 autem
404 1110 526 1172 quod
546 1125 699 1155 verum
715 1124 805 1154 non
821 1118 902 1163 est,
927 1108 1087 1153 salsum
1108 1117 1189 1152 est.
1213 1107 1343 1153 Nulla
1365 1107 1499 1166 igitur
1516 1116 1632 1151 recte

238 1183 446 1227 dicuntur
467 1196 572 1235 esse,
601 1181 682 1224 nisi
703 1178 980 1224 immortalia.
1009 1181 1133 1223 Hanc
1155 1187 1204 1222 tu
1231 1187 1379 1222 tecum
1402 1178 1632 1222 ratiuncu-

239 1252 328 1297 lam
348 1252 577 1310 diligenter
599 1249 841 1304 considera,
874 1263 930 1292 ne
950 1247 1058 1308 quid
1082 1247 1162 1292 tibi
1186 1247 1519 1292 concedendum
1542 1263 1632 1292 non

240 1338 329 1367 esse
345 1322 560 1367 videatur.
584 1321 627 1365 Si
644 1320 760 1364 enim
782 1328 874 1363 rata
893 1327 972 1372 est,
994 1326 1135 1362 totum
1153 1318 1377 1375 negotium
1394 1332 1505 1376 pene
1523 1333 1631 1362 con-

238 1391 436 1447 fecimus,
453 1390 575 1451 quod
591 1392 636 1434 in
653 1389 738 1434 alio
750 1389 931 1433 fortasse
945 1387 1057 1432 libro
1070 1387 1224 1431 melius
1237 1387 1479 1446 apparebit.

298 1464 439 1506 XXX.
474 1466 526 1506 Α.
554 1461 707 1505 Habeo
724 1460 920 1516 gratiam,
941 1467 984 1502 et
1000 1459 1078 1502 ista
1098 1473 1270 1502 mecum
1290 1466 1421 1516 atque
1437 1456 1548 1502 adeo
1565 1467 1630 1501 te-

239 1549 339 1578 cum
362 1532 541 1592 quando
562 1532 607 1574 in
628 1529 800 1574 silentio
823 1543 988 1582 sumus,
1019 1527 1250 1586 diligenter
1271 1537 1488 1586 cauteque
1511 1536 1627 1572 trac-

240 1606 358 1658 tabo,
383 1604 417 1646 si
439 1602 573 1646 nullae
594 1616 638 1644 se
660 1601 854 1644 tenebrae
882 1599 1135 1651 immittant,
1161 1599 1313 1656 suique
1335 1599 1481 1652 etiam,
1506 1601 1626 1657 quod

238 1675 516 1718 vehementer
537 1670 742 1722 formido,
762 1669 867 1712 mihi
882 1669 1044 1712 saciant
1059 1667 1410 1711 delectationem.
1430 1670 1485 1710 R.
1506 1669 1625 1712 Con-

238 1752 401 1788 stanter
423 1745 512 1785 Deo
534 1739 677 1791 crede,
695 1738 823 1796 eique
844 1745 886 1779 te
907 1745 1048 1779 totum
1071 1736 1294 1779 committe
1311 1745 1525 1794 quantum
1543 1752 1625 1794 po-

238 1823 317 1857 tes.
343 1811 441 1856 Noli
463 1824 551 1854 esse
572 1807 684 1851 velle
705 1807 827 1867 quasi
851 1806 1049 1864 proprius
1072 1814 1115 1848 et
1137 1806 1181 1848 in
1204 1814 1277 1848 tua
1298 1814 1524 1864 potestate,
1548 1807 1625 1851 sed

238 1886 329 1943 ejus
361 1878 682 1926 clementissimi
715 1885 757 1920 et
789 1876 1001 1919 utilissimi
1034 1875 1207 1919 Domini
1242 1884 1284 1918 te
1312 1891 1485 1920 servum
1517 1892 1622 1930 esse,

238 1954 455 2013 profitere.
476 1953 541 1994 Ita
558 1948 671 1991 enim
691 1956 732 1990 te
750 1946 803 1989 ad
816 1961 860 1989 se
877 1944 1103 1989 sublevare
1120 1960 1209 1988 non
1226 1945 1409 1998 desinet,
1428 1945 1625 2004 nihilque

237 2025 318 2069 tibi
332 2023 503 2068 evenire
517 2018 754 2079 permittet,
768 2017 848 2060 nisi
861 2015 980 2075 quod
996 2015 1074 2059 tibi
1089 2015 1237 2073 prosit,
1253 2016 1380 2058 etiam
1394 2016 1428 2058 si
1443 2016 1618 2059 nescias.

239 2100 291 2141 A.
327 2092 486 2146 Audio,
511 2089 658 2142 credo,
685 2097 728 2131 et
754 2095 969 2146 quantum
989 2099 1163 2143 possum
1185 2086 1456 2144 obtempero,
1481 2085 1622 2143 pluri-

239 2178 449 2223 mumque
471 2162 612 2220 ipsum
634 2157 859 2216 deprecor,
883 2164 930 2198 ut
952 2154 1189 2213 plurimum
1214 2154 1388 2212 possim,
1415 2155 1496 2197 nisi
1514 2154 1621 2214 quid

240 2236 351 2280 forte
365 2231 548 2291 amplius
566 2245 588 2274 a
601 2244 669 2272 me
683 2226 912 2270 desideras.
933 2228 987 2268 R.
1008 2227 1123 2267 Bene
1136 2224 1269 2267 habet
1286 2224 1475 2277 interim,
1492 2222 1621 2268 facies

241 2314 386 2364 postea
401 2299 617 2362 quidquid
628 2299 717 2358 jam
732 2297 845 2340 visus
862 2297 950 2354 ipse
968 2294 1235 2353 praeceperit.

824 2490 1031 2505 --eeoaoe-
