1871 3162
521 208 575 233 DE
606 204 934 236 cATEcmzAnms
967 210 1160 236 nummus.
1437 197 1518 237 491

150 283 268 313 more
290 270 507 329 subjugati
525 281 640 317 sunt.
661 270 910 317 Secundum
928 272 1040 315 hanc
1055 281 1200 316 autem
1222 272 1526 328 manifestatio·

150 352 249 381 nem
272 338 502 398 spiritales,
528 349 571 383 et
593 349 699 387 tunc
721 340 880 400 quibus
911 341 982 399 pie
1012 339 1283 399 pulsantibus
1304 343 1433 386 etiam
1452 358 1526 386 oc-

149 407 266 452 culta
284 418 519 467 patuerunt
533 444 545 465 ‚
583 419 627 453 et
648 426 766 455 nunc
790 411 866 470 qui
888 427 977 455 non
999 410 1184 470 superbe
1215 422 1419 469 quaerunt
1434 447 1447 467 ‚
1471 428 1527 455 ne

116 513 118 517 .
149 478 277 522 etiam
305 489 452 538 aperta
473 477 760 538 claudantur,
789 480 1037 540 spiritaliter
1057 479 1346 539 intelligentes
1367 481 1527 525 donata

145 549 351 595 charitate
372 545 543 594 liberati
565 560 682 596 sunt.
704 550 815 604 Quia
832 567 935 611 ergo
958 551 1158 595 charitati
1180 549 1291 593 nihil
1310 550 1528 595 adversius

146 634 277 678 quam
296 619 559 665 invidentia:
586 630 723 665 mater
752 631 898 666 autem
921 619 1172 665 invidentiae
1193 620 1396 679 superbia
1424 629 1487 664 est
1515 637 1526 664 :

147 688 262 733 idem
290 691 499 735 Dominus
520 694 644 736 Jesus
681 692 897 744 Christus,
931 694 1045 734 Deus
1067 690 1221 744 homo,
1244 699 1288 734 et
1309 689 1467 734 divinae
1485 691 1528 734 in

146 773 224 803 nos
245 758 488 805 dilectionis
507 761 717 805 indicium
741 769 820 815 est,
845 769 888 804 et
901 760 1106 804 humanae
1123 761 1241 819 apud
1258 775 1336 805 nos
1352 759 1531 804 humili-

149 828 244 872 tatis
262 831 507 890 exemplum
525 866 537 886 ‚
561 840 612 876 ut
634 847 818 890 magnus
836 840 982 876 tumor
1004 840 1150 876 noster
1170 832 1333 890 majore
1350 839 1530 875 contra-

147 899 209 943 ria
227 900 441 945 medicina
457 911 694 946 sanaretur.
707 905 866 961 Magna
886 911 951 947 est
973 899 1294 957 enim'miseria,
1315 903 1530 961 superbus

147 970 278 1014 homo
298 989 308 1015 ι
332 971 409 1015 sed
438 973 575 1031 major
611 972 924 1026 misericordia,
949 971 1124 1016 humilis
1149 975 1278 1016 Deus.
1306 975 1398 1017 Hac
1427 988 1532 1031 ergo

144 1038 375 1085 dilectione
392 1041 473 1086 tibi
493 1051 704 1101 tanquam
723 1043 809 1086 fine
832 1043 1071 1101 proposito,
1093 1058 1183 1101 quo
1205 1041 1363 1086 referas
1385 1043 1530 1087 omnia

143 1125 241 1169 quae
262 1109 389 1166 dicis,
414 1111 632 1172 quidquid
654 1128 802 1156 narras
823 1113 881 1156 ita
906 1128 1032 1156 narra
1049 1146 1060 1166 ,
1082 1120 1132 1156 ut
1152 1111 1226 1155 ille
1247 1112 1316 1155 cui
1339 1111 1531 1173 loqueris

147 1179 364 1225 audiendo
379 1182 527 1226 credat
543 1216 555 1237 ,
580 1180 799 1241 credendo
816 1191 981 1241 speret,
1001 1181 1217 1241 sperando
1239 1192 1371 1227 amet.

149 1360 644 1379 mmmmm

929 1363 1531 1380 mmmmmmmwum

686 1494 900 1542 CAPUT
936 1495 994 1540 V.

146 1644 397 1690 Accedens
414 1644 485 1690 ad
503 1645 848 1690 catechismum
869 1645 1158 1692 scrutandus
1180 1662 1274 1705 qao
1284 1649 1393 1708 fine
1423 1647 1536 1692 velit

597 1718 719 1778 fieri
741 1716 1060 1762 Christianus.

212 1878 288 1920 IX.
307 1880 371 1921 DE
388 1877 478 1935 ipsa
500 1876 630 1920 etiam
647 1875 873 1920 severitate
893 1876 1000 1930 Dei,
1024 1890 1111 1935 qua
1132 1874 1262 1919 corda
1285 1875 1534 1919 mortalium

151 1948 435 1993 saluberrimo
457 1957 620 1992 terrore
649 1946 933 2006 quatiuntur,
953 1946 1138 1990 charitas
1159 1945 1418 1990 aedificanda
1440 1956 1533 2001 est,

151 2028 203 2064 ut
224 2019 278 2063 ab
299 2034 350 2063 eo
373 2033 504 2079 quem
526 2018 670 2072 timet,
706 2016 840 2060 amari
861 2031 905 2060 se
937 2015 1130 2074 gaudens
1147 2050 1158 2071 ‚
1184 2031 1287 2060 eum
1311 2015 1537 2060 redamare

154 2091 333 2145 audeat,
356 2091 537 2149 ejusque
557 2089 602 2132 in
631 2103 674 2132 se
692 2087 942 2142 dilectioni,
971 2087 1137 2132 etiamsi
1158 2087 1339 2147 impune
1361 2097 1504 2147 posset
1519 2123 1535 2143 ,

152 2171 301 2206 tamen
315 2160 540 2221 displicere
556 2168 772 2205 vereatur,
798 2158 1030 2202 Rarissime
1045 2158 1210 2218 quippe
1233 2157 1406 2214 accidit,
1432 2159 1538 2204 imo-

153 2248 256 2277 vero
273 2247 500 2292 nunquam
515 2265 526 2285 ,
551 2239 602 2274 ut
623 2229 854 2289 quisquam
873 2229 1022 2273 veniat
1041 2228 1191 2273 volens
1213 2229 1306 2272 fieri
1328 2229 1538 2274 Christia-

152 2319 235 2348 nus
253 2338 265 2358 ,
289 2302 469 2363 quinon
485 2302 538 2345 sit
560 2300 706 2360 aliquo
725 2300 803 2343 Dei
827 2300 984 2343 timore
1002 2298 1239 2357 perculsus.
1265 2299 1308 2344 Si
1324 2299 1440 2343 enim
1461 2299 1539 2344 ali-

151 2373 273 2433 quod
308 2371 593 2417 commodum.
613 2369 882 2430 expectando
905 2369 964 2414 ab
984 2369 1239 2414 hominibus
1257 2404 1268 2424 ‚
1299 2370 1461 2430 quibus
1494 2387 1539 2417 se

151 2444 275 2490 aliter
296 2443 558 2503 placiturum
580 2457 670 2487 non
701 2449 828 2501 putat
845 2475 857 2495 ,
882 2449 958 2485 aut
988 2440 1169 2500 aliquod
1195 2441 1250 2485 ab
1286 2441 1539 2487 homi-nibus

150 2513 481 2560 incommodum
499 2510 750 2567 devitando,
770 2526 960 2572 quorum
976 2511 1265 2557 offensionem
1285 2520 1365 2559 aut
1385 2512 1539 2558 inimi-
