1871 3162
564 235 940 272 soLILOQUIORUM‚
976 234 1059 259 Lm.
1096 235 1142 260 11.
1458 222 1541 262 449

166 299 198 341 si
229 307 382 358 potest.
408 301 460 343 Α.
485 297 624 343 Video
656 299 876 344 robustius
907 296 1085 357 quidem
1119 312 1210 340 esse
1231 297 1396 343 factum
1422 301 1541 359 quod

159 370 249 427 jam
279 369 533 414 conclusum
568 378 679 423 erat,
706 368 782 413 sed
802 368 907 412 nihil
930 369 1012 412 hac
1045 366 1286 426 adjectione
1316 372 1539 428 promovi*

164 455 272 483 mus.
294 439 583 484 Nihilominus
612 439 729 482 enim
750 447 896 482 manet
931 437 1041 482 illud
1062 437 1182 498 quod
1215 436 1452 496 plurimum
1474 455 1543 483 me

163 519 332 564 movet,
371 510 487 554 nasci
521 509 685 554 animas
718 518 761 553 et
797 508 993 564 interire,
1028 517 1160 568 atque
1189 517 1239 551 ut
1281 523 1371 552 non
1404 509 1543 553 desint

162 580 348 635 mundo,
372 597 461 625 non
489 596 637 625 earum
672 579 1018 634 immortalitate,
1043 579 1118 623 sed
1149 579 1416 623 successione
1442 595 1544 638 pro-

160 651 321 694 venire.

218 723 293 765 VI.
321 725 373 765 R.
400 721 694 765 Videntur-ne
716 721 797 765 tibi
813 735 1001 780 quaeque
1029 734 1250 779 corporea,
1269 719 1314 763 id
1336 729 1415 774 est,
1441 735 1539 764 sen-

157 790 295 835 sibilia
331 791 556 836 intellectu
578 805 700 850 posse
735 789 1083 850 comprehendi?
1105 793 1155 834 A.
1193 792 1291 834 Non
1316 789 1536 834 videntur.

156 863 208 904 R.
231 861 345 913 Quid
369 860 478 904 illud
492 896 502 914 ‚
524 860 698 905 videtur
719 861 797 905 tibi
821 860 1016 904 sensibus
1042 860 1107 904 uti
1129 863 1245 904 Deus
1267 859 1322 904 ad
1343 876 1410 904 res
1437 876 1541 919 cog-

154 931 423 975 noscendas?
445 936 495 975 A.
516 932 634 976 Nihil
648 932 789 976 audeo
807 932 954 975 dehac
971 947 1016 974 re
1033 940 1196 975 temere
1213 932 1444 986 affirmare,
1465 933 1537 975 sed

152 1011 365 1061 quantum
390 1002 601 1061 conjicere
622 1001 777 1056 datur,
813 1001 936 1046 nullo
959 1000 1090 1045 modo
1111 1004 1225 1045 Deus
1247 1003 1385 1045 utitur
1403 1002 1538 1046 sensi·

152 1073 248 1116 bus.
274 1076 326 1116 R.
349 1076 463 1131 Ergo
485 1073 789 1117 concludimus
811 1088 899 1116 non
915 1072 1072 1115 sentire
1091 1087 1214 1130 posse
1230 1072 1312 1115 nisi
1330 1073 1534 1116 animam.

150 1148 200 1188 Α.
224 1145 639 1189 Concludeinterim
662 1153 877 1203 quantum
898 1141 1185 1201 probabiliter
1203 1143 1318 1186 licet.
1341 1147 1393 1186 R.
1421 1143 1537 1196 Quid

149 1214 276 1270 illud,
303 1215 457 1259 das-ne
479 1216 609 1259 istum
633 1215 866 1273 parietem,
887 1214 919 1257 si
942 1229 1067 1258 verus
1090 1213 1228 1273 paries
1250 1230 1338 1258 non
1361 1215 1430 1267 sit,
1448 1230 1535 1258 non

150 1300 238 1329 esse
273 1287 508 1344 parietem?
531 1290 581 1328 A.
615 1284 733 1329 Nihil
755 1285 838 1328 hoc
872 1283 1040 1327 facilius
1073 1282 1282 1327 dederim.
1305 1287 1358 1326 R.
1384 1287 1536 1343 Neque

148 1354 386 1414 quidquam
425 1356 458 1397 si
481 1369 633 1398 verum
655 1369 811 1412 corpus
841 1369 929 1397 non
952 1353 1004 1396 sit
1027 1368 1183 1411 corpus
1206 1355 1326 1397 esse?
1347 1356 1398 1397 Α.
1434 1353 1535 1397 Tale

147 1426 272 1468 etiam
299 1426 380 1469 hoc
407 1435 483 1469 est.
516 1429 566 1468 R.
597 1427 711 1482 Ergo
733 1425 767 1467 si
798 1423 908 1468 nihil
931 1439 1082 1467 verum
1105 1432 1168 1467 est
1185 1459 1195 1477 ‚
1223 1424 1302 1467 nisi
1323 1424 1380 1467 ita
1412 1424 1464 1467 sit
1485 1433 1535 1467 ut

145 1494 338 1552 videtin-3
364 1512 442 1539 nec
461 1495 702 1555 quidquam
721 1510 979 1553 corporeum
994 1495 1130 1538 videri
1144 1494 1225 1538 nisi
1244 1495 1438 1538 sensibus
1456 1510 1535 1553 po-

145 1575 227 1609 test
246 1587 256 1622 3
280 1582 360 1609 nec
384 1568 541 1609 sentire
562 1565 643 1609 nisi
666 1566 825 1618 anima,
843 1580 923 1609 nec
941 1565 975 1608 si
996 1579 1149 1608 verum
1172 1580 1329 1623 corpus
1347 1580 1435 1609 non
1460 1566 1529 1618 sit,

145 1650 301 1694 corpus
324 1651 433 1691 esse3
459 1643 591 1680 restat
612 1643 662 1678 ut
684 1650 842 1694 corpus
866 1650 955 1679 esse
977 1650 1068 1678 non
1089 1634 1253 1693 possit,
1286 1634 1366 1678 nisi
1389 1635 1527 1678 anima

145 1706 288 1750 fuerit.
317 1710 366 1750 Α.
394 1707 529 1751 Nimis
551 1721 678 1763 urges
694 1741 705 1761 ‚
730 1714 774 1749 et
794 1706 904 1764 quid
921 1705 1114 1750 resistam
1131 1721 1221 1749 non
1238 1705 1393 1749 habeo.

145 1885 212 1900 &m
217 1885 283 1900 Ἁὶἱ
289 1885 353 1900 ἱιῑὶ
360 1885 425 1900 tn*
431 1884 497 1900 §Mu
504 1883 784 1900 §WMMWVUMM
790 1882 1490 1899 mmnwvbmmwvswvsmmz
1495 1883 1526 1898 §A

680 2019 897 2068 CAPUT
934 2021 993 2067 V.

618 2175 674 2220 V
672 2191 802 2220 erum
832 2175 950 2234 quid
975 2177 1049 2221 sit.

200 2335 298 2376 VII.
326 2336 378 2376 R.
406 2336 610 2377 ATTENDE
632 2333 678 2377 in
699 2334 778 2377 ista
799 2333 1066 2393 diligentius.
1092 2338 1143 2379 Α.
1178 2337 1244 2379 Εη
1274 2334 1441 2379 adsum.
1469 2338 1522 2378 R.

138 2405 267 2447 Certe
290 2402 361 2445 hic
383 2402 488 2461 lapis
506 2412 592 2460 est3
619 2412 661 2447 et
682 2403 740 2447 ita
760 2418 887 2448 verus
904 2413 968 2448 est
983 2440 994 2459 ,
1020 2406 1053 2449 si
1075 2420 1163 2449 non
1186 2420 1229 2448 se
1249 2405 1383 2448 habet
1403 2403 1526 2448 aliter

137 2488 186 2517 ac
210 2472 382 2516 videtur
400 2493 410 2528 3
428 2482 470 2517 et
486 2474 593 2533 lapis
615 2490 705 2519 non
726 2484 813 2530 est,
834 2475 868 2519 si
885 2491 1011 2520 verus
1035 2491 1124 2520 non
1157 2486 1242 2535 est3
1268 2485 1310 2521 et
1333 2491 1422 2519 non
1444 2473 1525 2518 nisi

141 2544 338 2588 sensibus
360 2544 496 2589 videri
517 2555 674 2605 potest.
699 2549 752 2591 Α.
775 2547 934 2593 Etiam.
957 2550 1010 2591 R.
1031 2549 1129 2592 Non
1145 2557 1247 2593 sunt
1268 2548 1400 2607 igitur
1415 2546 1525 2606 lapi-
