<?xml version="1.0" encoding="UTF-8"?>
<!DOCTYPE html PUBLIC "-//W3C//DTD XHTML 1.0 Transitional//EN"
    "http://www.w3.org/TR/xhtml1/DTD/xhtml1-transitional.dtd">
<html xmlns="http://www.w3.org/1999/xhtml" xml:lang="en" lang="en">
 <head>
  <title>
</title>
<meta http-equiv="Content-Type" content="text/html;charset=utf-8" />
  <meta name='ocr-system' content='tesseract 3.04.00' />
  <meta name='ocr-capabilities' content='ocr_page ocr_carea ocr_par ocr_line ocrx_word'/>
</head>
<body>
  <div class='ocr_page' id='page_1' title='image "./operaomniaaccura25auguuoft_0533.png"; bbox 0 0 1871 3162; ppageno 0'>
   <div class='ocr_carea' id='block_1_1' title="bbox 497 237 1502 279">
    <p class='ocr_par' dir='ltr' id='par_1_1' title="bbox 497 237 1502 279">
     <span class='ocr_line' id='line_1_1' title="bbox 497 237 1502 279; baseline 0.004 -5"><span class='ocrx_word' id='word_1_1' title='bbox 497 247 551 274; x_wconf 70' lang='grc' dir='ltr'>ΒΕ</span> <span class='ocrx_word' id='word_1_2' title='bbox 581 243 908 277; x_wconf 75' lang='grc' dir='ltr'><strong>οΑΤΕοΗῙΖΔΝυΙε</strong></span> <span class='ocrx_word' id='word_1_3' title='bbox 940 246 1133 275; x_wconf 74' lang='lat' dir='ltr'>Runnms.</span> <span class='ocrx_word' id='word_1_4' title='bbox 1419 237 1502 279; x_wconf 84' lang='lat'>519</span> 
     </span>
    </p>
   </div>
   <div class='ocr_carea' id='block_1_2' title="bbox 112 308 1504 2595">
    <p class='ocr_par' dir='ltr' id='par_1_2' title="bbox 114 308 1504 1548">
     <span class='ocr_line' id='line_1_2' title="bbox 190 308 1504 371; baseline 0.003 -16"><span class='ocrx_word' id='word_1_5' title='bbox 190 312 376 355; x_wconf 86' lang='lat' dir='ltr'><strong>XXVII.</strong></span> <span class='ocrx_word' id='word_1_6' title='bbox 402 311 482 363; x_wconf 88' lang='lat' dir='ltr'>Qui</span> <span class='ocrx_word' id='word_1_7' title='bbox 503 320 648 356; x_wconf 91' lang='lat' dir='ltr'>autem</span> <span class='ocrx_word' id='word_1_8' title='bbox 667 318 843 370; x_wconf 89' lang='lat' dir='ltr'>propter</span> <span class='ocrx_word' id='word_1_9' title='bbox 862 308 1176 354; x_wconf 85' lang='lat' dir='ltr'>beatitudinem</span> <span class='ocrx_word' id='word_1_10' title='bbox 1198 312 1504 371; x_wconf 86' lang='lat' dir='ltr'>sempiternam</span> 
     </span>
     <span class='ocr_line' id='line_1_3' title="bbox 131 380 1504 442; baseline 0.001 -15"><span class='ocrx_word' id='word_1_11' title='bbox 131 391 175 427; x_wconf 89' lang='lat' dir='ltr'>et</span> <span class='ocrx_word' id='word_1_12' title='bbox 193 390 446 441; x_wconf 88' lang='lat' dir='ltr'>perpetuam</span> <span class='ocrx_word' id='word_1_13' title='bbox 463 382 675 440; x_wconf 84' lang='lat' dir='ltr'><strong>requiem,</strong></span> <span class='ocrx_word' id='word_1_14' title='bbox 691 396 789 442; x_wconf 86' lang='lat' dir='ltr'>quae</span> <span class='ocrx_word' id='word_1_15' title='bbox 800 390 896 439; x_wconf 89' lang='lat' dir='ltr'>post</span> <span class='ocrx_word' id='word_1_16' title='bbox 909 381 1022 426; x_wconf 89' lang='lat' dir='ltr'>hanc</span> <span class='ocrx_word' id='word_1_17' title='bbox 1036 380 1168 426; x_wconf 86' lang='lat' dir='ltr'>vitam</span> <span class='ocrx_word' id='word_1_18' title='bbox 1185 383 1340 427; x_wconf 90' lang='lat' dir='ltr'>sanctis</span> <span class='ocrx_word' id='word_1_19' title='bbox 1356 382 1504 430; x_wconf 88' lang='lat' dir='ltr'>futura</span> 
     </span>
     <span class='ocr_line' id='line_1_4' title="bbox 129 450 1504 511; baseline 0.002 -17"><span class='ocrx_word' id='word_1_20' title='bbox 129 451 424 510; x_wconf 75' lang='lat' dir='ltr'>promittitur,</span> <span class='ocrx_word' id='word_1_21' title='bbox 459 450 555 496; x_wconf 88' lang='lat' dir='ltr'>vult</span> <span class='ocrx_word' id='word_1_22' title='bbox 583 451 677 495; x_wconf 89' lang='lat' dir='ltr'>fieri</span> <span class='ocrx_word' id='word_1_23' title='bbox 706 450 1000 505; x_wconf 85' lang='lat' dir='ltr'>Christianus,</span> <span class='ocrx_word' id='word_1_24' title='bbox 1028 458 1078 494; x_wconf 86' lang='lat' dir='ltr'>ut</span> <span class='ocrx_word' id='word_1_25' title='bbox 1111 464 1202 494; x_wconf 88' lang='lat' dir='ltr'>non</span> <span class='ocrx_word' id='word_1_26' title='bbox 1223 460 1291 494; x_wconf 90' lang='lat' dir='ltr'>eat</span> <span class='ocrx_word' id='word_1_27' title='bbox 1311 452 1504 511; x_wconf 83' lang='lat' dir='ltr'>inignem</span> 
     </span>
     <span class='ocr_line' id='line_1_5' title="bbox 130 518 1504 578; baseline 0.001 -13"><span class='ocrx_word' id='word_1_28' title='bbox 130 530 342 565; x_wconf 87' lang='lat' dir='ltr'>aeternum</span> <span class='ocrx_word' id='word_1_29' title='bbox 358 535 463 564; x_wconf 90' lang='lat' dir='ltr'>cum</span> <span class='ocrx_word' id='word_1_30' title='bbox 477 520 670 575; x_wconf 87' lang='lat' dir='ltr'>diabolo,</span> <span class='ocrx_word' id='word_1_31' title='bbox 686 520 761 564; x_wconf 85' lang='lat' dir='ltr'>sed</span> <span class='ocrx_word' id='word_1_32' title='bbox 773 520 818 563; x_wconf 90' lang='lat' dir='ltr'>in</span> <span class='ocrx_word' id='word_1_33' title='bbox 838 534 1019 578; x_wconf 85' lang='lat' dir='ltr'>regnum</span> <span class='ocrx_word' id='word_1_34' title='bbox 1029 528 1241 564; x_wconf 81' lang='lat' dir='ltr'>aeternum</span> <span class='ocrx_word' id='word_1_35' title='bbox 1254 518 1385 565; x_wconf 82' lang='lat' dir='ltr'>intret</span> <span class='ocrx_word' id='word_1_36' title='bbox 1403 536 1504 566; x_wconf 90' lang='lat' dir='ltr'>cum</span> 
     </span>
     <span class='ocr_line' id='line_1_6' title="bbox 129 589 1504 649; baseline -0.001 -13"><span class='ocrx_word' id='word_1_37' title='bbox 129 591 324 636; x_wconf 90' lang='lat' dir='ltr'>Christo1</span> <span class='ocrx_word' id='word_1_38' title='bbox 337 623 348 645; x_wconf 90' lang='lat'>‚</span> <span class='ocrx_word' id='word_1_39' title='bbox 366 604 467 634; x_wconf 85' lang='lat' dir='ltr'>vere</span> <span class='ocrx_word' id='word_1_40' title='bbox 485 590 574 649; x_wconf 90' lang='lat' dir='ltr'>ipse</span> <span class='ocrx_word' id='word_1_41' title='bbox 598 590 870 636; x_wconf 86' lang='lat' dir='ltr'>Christianus</span> <span class='ocrx_word' id='word_1_42' title='bbox 889 598 976 646; x_wconf 67' lang='lat' dir='ltr'>est,</span> <span class='ocrx_word' id='word_1_43' title='bbox 996 598 1149 634; x_wconf 89' lang='lat' dir='ltr'>cautus</span> <span class='ocrx_word' id='word_1_44' title='bbox 1161 589 1208 633; x_wconf 93' lang='lat' dir='ltr'>in</span> <span class='ocrx_word' id='word_1_45' title='bbox 1220 589 1340 633; x_wconf 90' lang='lat' dir='ltr'>omni</span> <span class='ocrx_word' id='word_1_46' title='bbox 1360 597 1504 635; x_wconf 87' lang='lat' dir='ltr'>tenta-</span> 
     </span>
     <span class='ocr_line' id='line_1_7' title="bbox 126 657 1503 719; baseline 0 -15"><span class='ocrx_word' id='word_1_47' title='bbox 126 660 262 714; x_wconf 91' lang='lat' dir='ltr'>tione,</span> <span class='ocrx_word' id='word_1_48' title='bbox 278 675 334 703; x_wconf 90' lang='lat' dir='ltr'>ne</span> <span class='ocrx_word' id='word_1_49' title='bbox 350 660 561 719; x_wconf 86' lang='lat' dir='ltr'>prosperis</span> <span class='ocrx_word' id='word_1_50' title='bbox 575 661 704 705; x_wconf 87' lang='lat' dir='ltr'>rebus</span> <span class='ocrx_word' id='word_1_51' title='bbox 718 667 1036 718; x_wconf 83' lang='lat' dir='ltr'>corrumpatur,</span> <span class='ocrx_word' id='word_1_52' title='bbox 1053 668 1098 703; x_wconf 87' lang='lat' dir='ltr'>et</span> <span class='ocrx_word' id='word_1_53' title='bbox 1113 674 1168 703; x_wconf 91' lang='lat' dir='ltr'>ne</span> <span class='ocrx_word' id='word_1_54' title='bbox 1181 657 1407 717; x_wconf 86' lang='lat' dir='ltr'>frangatur</span> <span class='ocrx_word' id='word_1_55' title='bbox 1422 659 1503 704; x_wconf 88' lang='lat' dir='ltr'>ad-</span> 
     </span>
     <span class='ocr_line' id='line_1_8' title="bbox 124 727 1504 784; baseline 0.001 -11"><span class='ocrx_word' id='word_1_56' title='bbox 124 729 270 784; x_wconf 89' lang='lat' dir='ltr'>versis,</span> <span class='ocrx_word' id='word_1_57' title='bbox 296 730 398 772; x_wconf 89' lang='lat' dir='ltr'>etin</span> <span class='ocrx_word' id='word_1_58' title='bbox 415 727 682 773; x_wconf 87' lang='lat' dir='ltr'>abundantia</span> <span class='ocrx_word' id='word_1_59' title='bbox 704 730 921 773; x_wconf 88' lang='lat' dir='ltr'>bonorum</span> <span class='ocrx_word' id='word_1_60' title='bbox 939 736 1211 773; x_wconf 86' lang='lat' dir='ltr'>terrenorum</span> <span class='ocrx_word' id='word_1_61' title='bbox 1228 728 1448 774; x_wconf 87' lang='lat' dir='ltr'>modestus</span> <span class='ocrx_word' id='word_1_62' title='bbox 1459 738 1504 774; x_wconf 83' lang='lat' dir='ltr'>et</span> 
     </span>
     <span class='ocr_line' id='line_1_9' title="bbox 123 798 1502 858; baseline 0 -16"><span class='ocrx_word' id='word_1_63' title='bbox 123 807 385 858; x_wconf 84' lang='lat' dir='ltr'>temperans,</span> <span class='ocrx_word' id='word_1_64' title='bbox 408 799 509 843; x_wconf 89' lang='lat' dir='ltr'>etin</span> <span class='ocrx_word' id='word_1_65' title='bbox 520 798 872 844; x_wconf 86' lang='lat' dir='ltr'>tribulationibus</span> <span class='ocrx_word' id='word_1_66' title='bbox 885 798 1007 843; x_wconf 85' lang='lat' dir='ltr'>sortis</span> <span class='ocrx_word' id='word_1_67' title='bbox 1021 807 1065 843; x_wconf 89' lang='lat' dir='ltr'>et</span> <span class='ocrx_word' id='word_1_68' title='bbox 1075 799 1256 858; x_wconf 84' lang='lat' dir='ltr'>patiens.</span> <span class='ocrx_word' id='word_1_69' title='bbox 1272 799 1357 852; x_wconf 88' lang='lat' dir='ltr'>Qui</span> <span class='ocrx_word' id='word_1_70' title='bbox 1370 799 1502 844; x_wconf 85' lang='lat' dir='ltr'>etiam</span> 
     </span>
     <span class='ocr_line' id='line_1_10' title="bbox 122 866 1501 926; baseline 0.002 -16"><span class='ocrx_word' id='word_1_71' title='bbox 122 867 392 926; x_wconf 89' lang='lat' dir='ltr'>proficiendo</span> <span class='ocrx_word' id='word_1_72' title='bbox 423 868 644 926; x_wconf 83' lang='lat' dir='ltr'>perveniet</span> <span class='ocrx_word' id='word_1_73' title='bbox 678 868 733 912; x_wconf 88' lang='lat' dir='ltr'>ad</span> <span class='ocrx_word' id='word_1_74' title='bbox 764 867 895 912; x_wconf 88' lang='lat' dir='ltr'>talem</span> <span class='ocrx_word' id='word_1_75' title='bbox 929 868 1148 923; x_wconf 85' lang='lat' dir='ltr'>animum,</span> <span class='ocrx_word' id='word_1_76' title='bbox 1180 877 1231 912; x_wconf 92' lang='lat' dir='ltr'>ut</span> <span class='ocrx_word' id='word_1_77' title='bbox 1254 866 1353 926; x_wconf 91' lang='lat' dir='ltr'>plus</span> <span class='ocrx_word' id='word_1_78' title='bbox 1385 876 1501 913; x_wconf 86' lang='lat' dir='ltr'>amet</span> 
     </span>
     <span class='ocr_line' id='line_1_11' title="bbox 121 936 1500 997; baseline 0.001 -16"><span class='ocrx_word' id='word_1_79' title='bbox 121 940 260 981; x_wconf 89' lang='lat' dir='ltr'>Deum</span> <span class='ocrx_word' id='word_1_80' title='bbox 282 972 293 993; x_wconf 92' lang='lat'>,</span> <span class='ocrx_word' id='word_1_81' title='bbox 325 953 457 997; x_wconf 88' lang='lat' dir='ltr'>quam</span> <span class='ocrx_word' id='word_1_82' title='bbox 496 938 645 982; x_wconf 87' lang='lat' dir='ltr'>timeat</span> <span class='ocrx_word' id='word_1_83' title='bbox 667 938 910 996; x_wconf 88' lang='lat' dir='ltr'>gehennam</span> <span class='ocrx_word' id='word_1_84' title='bbox 946 956 956 982; x_wconf 73' lang='grc' dir='ltr'>ε</span> <span class='ocrx_word' id='word_1_85' title='bbox 995 946 1044 981; x_wconf 86' lang='lat' dir='ltr'>ut</span> <span class='ocrx_word' id='word_1_86' title='bbox 1081 937 1248 982; x_wconf 84' lang='lat' dir='ltr'>etiamsi</span> <span class='ocrx_word' id='word_1_87' title='bbox 1289 937 1404 982; x_wconf 79' lang='lat' dir='ltr'>dicat</span> <span class='ocrx_word' id='word_1_88' title='bbox 1435 936 1500 982; x_wconf 89' lang='lat' dir='ltr'>illi</span> 
     </span>
     <span class='ocr_line' id='line_1_12' title="bbox 120 1006 1502 1067; baseline 0.002 -16"><span class='ocrx_word' id='word_1_89' title='bbox 120 1010 234 1052; x_wconf 89' lang='lat' dir='ltr'>Deus</span> <span class='ocrx_word' id='word_1_90' title='bbox 258 1026 268 1052; x_wconf 71' lang='grc' dir='ltr'><strong><em>ι</em></strong></span> <span class='ocrx_word' id='word_1_91' title='bbox 293 1010 422 1052; x_wconf 88' lang='lat' dir='ltr'>Utere</span> <span class='ocrx_word' id='word_1_92' title='bbox 446 1006 610 1052; x_wconf 88' lang='lat' dir='ltr'>deliciis</span> <span class='ocrx_word' id='word_1_93' title='bbox 632 1008 878 1054; x_wconf 87' lang='lat' dir='ltr'>carnalibus</span> <span class='ocrx_word' id='word_1_94' title='bbox 897 1008 1167 1067; x_wconf 88' lang='lat' dir='ltr'>sempiternis</span> <span class='ocrx_word' id='word_1_95' title='bbox 1184 1042 1195 1063; x_wconf 80' lang='grc'>,</span> <span class='ocrx_word' id='word_1_96' title='bbox 1219 1017 1270 1055; x_wconf 82' lang='lat' dir='ltr'>et.</span> <span class='ocrx_word' id='word_1_97' title='bbox 1285 1016 1502 1067; x_wconf 85' lang='lat' dir='ltr'>quantum</span> 
     </span>
     <span class='ocr_line' id='line_1_13' title="bbox 119 1077 1500 1136; baseline 0 -15"><span class='ocrx_word' id='word_1_98' title='bbox 119 1086 241 1136; x_wconf 89' lang='lat' dir='ltr'>potes</span> <span class='ocrx_word' id='word_1_99' title='bbox 262 1092 414 1136; x_wconf 87' lang='lat' dir='ltr'>pecca,</span> <span class='ocrx_word' id='word_1_100' title='bbox 439 1092 520 1122; x_wconf 87' lang='lat' dir='ltr'>nec</span> <span class='ocrx_word' id='word_1_101' title='bbox 541 1078 733 1124; x_wconf 88' lang='lat' dir='ltr'>morieris</span> <span class='ocrx_word' id='word_1_102' title='bbox 749 1111 761 1133; x_wconf 91' lang='lat'>,</span> <span class='ocrx_word' id='word_1_103' title='bbox 781 1079 924 1122; x_wconf 91' lang='lat' dir='ltr'>necin</span> <span class='ocrx_word' id='word_1_104' title='bbox 941 1078 1185 1136; x_wconf 78' lang='lat' dir='ltr'>gehennam</span> <span class='ocrx_word' id='word_1_105' title='bbox 1199 1077 1403 1131; x_wconf 84' lang='lat' dir='ltr'>mitteris,</span> <span class='ocrx_word' id='word_1_106' title='bbox 1422 1077 1500 1122; x_wconf 87' lang='lat' dir='ltr'>sed</span> 
     </span>
     <span class='ocr_line' id='line_1_14' title="bbox 119 1147 1499 1203; baseline 0.002 -13"><span class='ocrx_word' id='word_1_107' title='bbox 119 1162 291 1196; x_wconf 87' lang='lat' dir='ltr'>mecum</span> <span class='ocrx_word' id='word_1_108' title='bbox 316 1147 620 1194; x_wconf 83' lang='lat' dir='ltr'>tantummodo</span> <span class='ocrx_word' id='word_1_109' title='bbox 656 1163 746 1193; x_wconf 89' lang='lat' dir='ltr'>non</span> <span class='ocrx_word' id='word_1_110' title='bbox 775 1148 882 1203; x_wconf 78' lang='lat' dir='ltr'>eris;</span> <span class='ocrx_word' id='word_1_111' title='bbox 919 1147 1189 1196; x_wconf 80' lang='lat' dir='ltr'>exhorrescat</span> <span class='ocrx_word' id='word_1_112' title='bbox 1205 1182 1217 1202; x_wconf 87' lang='lat'>,</span> <span class='ocrx_word' id='word_1_113' title='bbox 1250 1156 1295 1192; x_wconf 84' lang='lat' dir='ltr'>et</span> <span class='ocrx_word' id='word_1_114' title='bbox 1320 1147 1499 1193; x_wconf 87' lang='lat' dir='ltr'>omnino</span> 
     </span>
     <span class='ocr_line' id='line_1_15' title="bbox 118 1217 1499 1278; baseline 0 -17"><span class='ocrx_word' id='word_1_115' title='bbox 118 1231 207 1261; x_wconf 91' lang='lat' dir='ltr'>non</span> <span class='ocrx_word' id='word_1_116' title='bbox 229 1227 401 1277; x_wconf 86' lang='lat' dir='ltr'>peccet,</span> <span class='ocrx_word' id='word_1_117' title='bbox 427 1234 516 1265; x_wconf 89' lang='lat' dir='ltr'>non</span> <span class='ocrx_word' id='word_1_118' title='bbox 529 1220 619 1278; x_wconf 84' lang='lat' dir='ltr'>jam·</span> <span class='ocrx_word' id='word_1_119' title='bbox 640 1228 690 1263; x_wconf 88' lang='lat' dir='ltr'>ut</span> <span class='ocrx_word' id='word_1_120' title='bbox 720 1219 764 1262; x_wconf 88' lang='lat' dir='ltr'>in</span> <span class='ocrx_word' id='word_1_121' title='bbox 788 1217 898 1265; x_wconf 80' lang='lat' dir='ltr'>illud</span> <span class='ocrx_word' id='word_1_122' title='bbox 920 1218 1041 1278; x_wconf 83' lang='lat' dir='ltr'>quod</span> <span class='ocrx_word' id='word_1_123' title='bbox 1068 1218 1250 1263; x_wconf 87' lang='lat' dir='ltr'>timebat</span> <span class='ocrx_word' id='word_1_124' title='bbox 1277 1233 1368 1271; x_wconf 83' lang='lat' dir='ltr'>non</span> <span class='ocrx_word' id='word_1_125' title='bbox 1386 1217 1499 1262; x_wconf 89' lang='lat' dir='ltr'>inci-</span> 
     </span>
     <span class='ocr_line' id='line_1_16' title="bbox 119 1287 1500 1348; baseline 0 -16"><span class='ocrx_word' id='word_1_126' title='bbox 119 1287 216 1342; x_wconf 92' lang='lat' dir='ltr'>dat,</span> <span class='ocrx_word' id='word_1_127' title='bbox 241 1288 319 1334; x_wconf 82' lang='lat' dir='ltr'>sed</span> <span class='ocrx_word' id='word_1_128' title='bbox 340 1304 395 1337; x_wconf 78' lang='lat' dir='ltr'>ne</span> <span class='ocrx_word' id='word_1_129' title='bbox 406 1288 531 1333; x_wconf 89' lang='lat' dir='ltr'>illum</span> <span class='ocrx_word' id='word_1_130' title='bbox 553 1305 684 1348; x_wconf 87' lang='lat' dir='ltr'>quem</span> <span class='ocrx_word' id='word_1_131' title='bbox 700 1290 759 1335; x_wconf 86' lang='lat' dir='ltr'>sic</span> <span class='ocrx_word' id='word_1_132' title='bbox 780 1298 896 1334; x_wconf 88' lang='lat' dir='ltr'>amat</span> <span class='ocrx_word' id='word_1_133' title='bbox 912 1288 1107 1334; x_wconf 86' lang='lat' dir='ltr'>offendat</span> <span class='ocrx_word' id='word_1_134' title='bbox 1128 1308 1138 1334; x_wconf 76' lang='grc' dir='ltr'>ι</span> <span class='ocrx_word' id='word_1_135' title='bbox 1156 1289 1203 1332; x_wconf 92' lang='lat' dir='ltr'>in</span> <span class='ocrx_word' id='word_1_136' title='bbox 1220 1304 1309 1348; x_wconf 91' lang='lat' dir='ltr'>quo</span> <span class='ocrx_word' id='word_1_137' title='bbox 1329 1304 1420 1334; x_wconf 89' lang='lat' dir='ltr'>uno</span> <span class='ocrx_word' id='word_1_138' title='bbox 1435 1297 1500 1333; x_wconf 87' lang='lat' dir='ltr'>est</span> 
     </span>
     <span class='ocr_line' id='line_1_17' title="bbox 118 1358 1499 1418; baseline 0 -16"><span class='ocrx_word' id='word_1_139' title='bbox 118 1359 289 1418; x_wconf 82' lang='lat' dir='ltr'>requies</span> <span class='ocrx_word' id='word_1_140' title='bbox 305 1393 315 1413; x_wconf 96' lang='lat'>,</span> <span class='ocrx_word' id='word_1_141' title='bbox 341 1374 471 1418; x_wconf 85' lang='lat' dir='ltr'>quam</span> <span class='ocrx_word' id='word_1_142' title='bbox 505 1359 658 1404; x_wconf 86' lang='lat' dir='ltr'>oculus</span> <span class='ocrx_word' id='word_1_143' title='bbox 682 1374 771 1404; x_wconf 89' lang='lat' dir='ltr'>non</span> <span class='ocrx_word' id='word_1_144' title='bbox 791 1359 921 1414; x_wconf 87' lang='lat' dir='ltr'>vidit,</span> <span class='ocrx_word' id='word_1_145' title='bbox 949 1373 1030 1403; x_wconf 90' lang='lat' dir='ltr'>nec</span> <span class='ocrx_word' id='word_1_146' title='bbox 1067 1359 1182 1406; x_wconf 82' lang='lat' dir='ltr'>auris</span> <span class='ocrx_word' id='word_1_147' title='bbox 1204 1358 1390 1413; x_wconf 83' lang='lat' dir='ltr'>audivit,</span> <span class='ocrx_word' id='word_1_148' title='bbox 1417 1374 1499 1403; x_wconf 90' lang='lat' dir='ltr'>nec</span> 
     </span>
     <span class='ocr_line' id='line_1_18' title="bbox 116 1428 1498 1490; baseline 0.002 -20"><span class='ocrx_word' id='word_1_149' title='bbox 116 1428 162 1470; x_wconf 91' lang='lat' dir='ltr'>in</span> <span class='ocrx_word' id='word_1_150' title='bbox 184 1443 260 1472; x_wconf 89' lang='lat' dir='ltr'>cor</span> <span class='ocrx_word' id='word_1_151' title='bbox 294 1428 480 1472; x_wconf 88' lang='lat' dir='ltr'>hominis</span> <span class='ocrx_word' id='word_1_152' title='bbox 501 1428 694 1474; x_wconf 89' lang='lat' dir='ltr'>ascendit</span> <span class='ocrx_word' id='word_1_153' title='bbox 709 1463 720 1485; x_wconf 89' lang='lat'>,</span> <span class='ocrx_word' id='word_1_154' title='bbox 744 1444 877 1490; x_wconf 90' lang='lat' dir='ltr'>quam</span> <span class='ocrx_word' id='word_1_155' title='bbox 899 1429 1158 1489; x_wconf 82' lang='lat' dir='ltr'>praeparavit</span> <span class='ocrx_word' id='word_1_156' title='bbox 1175 1432 1289 1474; x_wconf 89' lang='lat' dir='ltr'>Deus</span> <span class='ocrx_word' id='word_1_157' title='bbox 1310 1428 1498 1488; x_wconf 80' lang='lat' dir='ltr'>diligen-</span> 
     </span>
     <span class='ocr_line' id='line_1_19' title="bbox 114 1497 928 1548; baseline -0.004 -8"><span class='ocrx_word' id='word_1_158' title='bbox 114 1497 228 1540; x_wconf 89' lang='lat' dir='ltr'>tibus</span> <span class='ocrx_word' id='word_1_159' title='bbox 250 1500 392 1539; x_wconf 72' lang='lat' dir='ltr'>eum2.</span> <span class='ocrx_word' id='word_1_160' title='bbox 925 1546 928 1548; x_wconf 35' lang='grc'>,</span> 
     </span>
    </p>

    <p class='ocr_par' dir='ltr' id='par_1_3' title="bbox 112 1566 1498 2531">
     <span class='ocr_line' id='line_1_20' title="bbox 176 1566 1498 1624; baseline 0.002 -16"><span class='ocrx_word' id='word_1_161' title='bbox 176 1568 385 1609; x_wconf 87' lang='lat' dir='ltr'>XXVIII.</span> <span class='ocrx_word' id='word_1_162' title='bbox 408 1567 469 1608; x_wconf 89' lang='lat' dir='ltr'>De</span> <span class='ocrx_word' id='word_1_163' title='bbox 489 1581 574 1623; x_wconf 86' lang='lat' dir='ltr'>qua</span> <span class='ocrx_word' id='word_1_164' title='bbox 596 1566 744 1624; x_wconf 89' lang='lat' dir='ltr'>requie</span> <span class='ocrx_word' id='word_1_165' title='bbox 765 1566 978 1623; x_wconf 85' lang='lat' dir='ltr'>significat</span> <span class='ocrx_word' id='word_1_166' title='bbox 1003 1567 1222 1624; x_wconf 86' lang='lat' dir='ltr'>Scriptura</span> <span class='ocrx_word' id='word_1_167' title='bbox 1235 1600 1245 1620; x_wconf 90' lang='lat'>,</span> <span class='ocrx_word' id='word_1_168' title='bbox 1264 1575 1308 1609; x_wconf 91' lang='lat' dir='ltr'>et</span> <span class='ocrx_word' id='word_1_169' title='bbox 1323 1581 1412 1610; x_wconf 92' lang='lat' dir='ltr'>non</span> <span class='ocrx_word' id='word_1_170' title='bbox 1433 1575 1498 1610; x_wconf 89' lang='lat' dir='ltr'>ta-</span> 
     </span>
     <span class='ocr_line' id='line_1_21' title="bbox 115 1633 1498 1693; baseline 0 -14"><span class='ocrx_word' id='word_1_171' title='bbox 115 1643 206 1690; x_wconf 92' lang='lat' dir='ltr'>cet,</span> <span class='ocrx_word' id='word_1_172' title='bbox 246 1633 368 1693; x_wconf 90' lang='lat' dir='ltr'>quod</span> <span class='ocrx_word' id='word_1_173' title='bbox 401 1634 455 1677; x_wconf 91' lang='lat' dir='ltr'>ab</span> <span class='ocrx_word' id='word_1_174' title='bbox 478 1634 600 1677; x_wconf 89' lang='lat' dir='ltr'>initio</span> <span class='ocrx_word' id='word_1_175' title='bbox 621 1633 776 1678; x_wconf 90' lang='lat' dir='ltr'>mundi</span> <span class='ocrx_word' id='word_1_176' title='bbox 797 1649 849 1677; x_wconf 83' lang='lat' dir='ltr'>ex</span> <span class='ocrx_word' id='word_1_177' title='bbox 884 1649 973 1693; x_wconf 93' lang='lat' dir='ltr'>quo</span> <span class='ocrx_word' id='word_1_178' title='bbox 993 1634 1099 1677; x_wconf 88' lang='lat' dir='ltr'>fecit</span> <span class='ocrx_word' id='word_1_179' title='bbox 1128 1637 1243 1678; x_wconf 91' lang='lat' dir='ltr'>Deus</span> <span class='ocrx_word' id='word_1_180' title='bbox 1264 1635 1425 1679; x_wconf 86' lang='lat' dir='ltr'>coelum</span> <span class='ocrx_word' id='word_1_181' title='bbox 1455 1645 1498 1680; x_wconf 91' lang='lat' dir='ltr'>et</span> 
     </span>
     <span class='ocr_line' id='line_1_22' title="bbox 114 1703 1493 1761; baseline 0 -14"><span class='ocrx_word' id='word_1_182' title='bbox 114 1713 274 1747; x_wconf 86' lang='lat' dir='ltr'>terram</span> <span class='ocrx_word' id='word_1_183' title='bbox 298 1712 341 1746; x_wconf 92' lang='lat' dir='ltr'>et</span> <span class='ocrx_word' id='word_1_184' title='bbox 358 1703 503 1746; x_wconf 91' lang='lat' dir='ltr'>omnia</span> <span class='ocrx_word' id='word_1_185' title='bbox 526 1717 625 1761; x_wconf 82' lang='lat' dir='ltr'>quae</span> <span class='ocrx_word' id='word_1_186' title='bbox 642 1703 686 1745; x_wconf 92' lang='lat' dir='ltr'>in</span> <span class='ocrx_word' id='word_1_187' title='bbox 705 1703 764 1745; x_wconf 88' lang='lat' dir='ltr'>eis</span> <span class='ocrx_word' id='word_1_188' title='bbox 785 1711 908 1756; x_wconf 86' lang='lat' dir='ltr'>sunt,</span> <span class='ocrx_word' id='word_1_189' title='bbox 929 1717 999 1746; x_wconf 85' lang='lat' dir='ltr'>sex</span> <span class='ocrx_word' id='word_1_190' title='bbox 1021 1703 1176 1746; x_wconf 91' lang='lat' dir='ltr'>diebus</span> <span class='ocrx_word' id='word_1_191' title='bbox 1198 1712 1399 1761; x_wconf 86' lang='lat' dir='ltr'>operatus</span> <span class='ocrx_word' id='word_1_192' title='bbox 1414 1712 1493 1758; x_wconf 88' lang='lat' dir='ltr'>est,</span> 
     </span>
     <span class='ocr_line' id='line_1_23' title="bbox 114 1770 1496 1830; baseline 0 -15"><span class='ocrx_word' id='word_1_193' title='bbox 114 1782 156 1816; x_wconf 91' lang='lat' dir='ltr'>et</span> <span class='ocrx_word' id='word_1_194' title='bbox 186 1771 370 1830; x_wconf 89' lang='lat' dir='ltr'>septimo</span> <span class='ocrx_word' id='word_1_195' title='bbox 410 1770 480 1814; x_wconf 91' lang='lat' dir='ltr'>die</span> <span class='ocrx_word' id='word_1_196' title='bbox 510 1770 766 1829; x_wconf 78' lang='lat' dir='ltr'>requievit³.</span> <span class='ocrx_word' id='word_1_197' title='bbox 800 1773 975 1814; x_wconf 87' lang='lat' dir='ltr'>Poterat</span> <span class='ocrx_word' id='word_1_198' title='bbox 1003 1771 1119 1813; x_wconf 92' lang='lat' dir='ltr'>enim</span> <span class='ocrx_word' id='word_1_199' title='bbox 1148 1772 1424 1829; x_wconf 91' lang='lat' dir='ltr'>omnipotens</span> <span class='ocrx_word' id='word_1_200' title='bbox 1453 1781 1496 1815; x_wconf 93' lang='lat' dir='ltr'>et</span> 
     </span>
     <span class='ocr_line' id='line_1_24' title="bbox 113 1838 1496 1898; baseline -0.001 -13"><span class='ocrx_word' id='word_1_201' title='bbox 113 1856 203 1885; x_wconf 93' lang='lat' dir='ltr'>uno</span> <span class='ocrx_word' id='word_1_202' title='bbox 225 1848 450 1884; x_wconf 89' lang='lat' dir='ltr'>momento</span> <span class='ocrx_word' id='word_1_203' title='bbox 471 1839 676 1898; x_wconf 88' lang='lat' dir='ltr'>temporis</span> <span class='ocrx_word' id='word_1_204' title='bbox 700 1839 844 1883; x_wconf 90' lang='lat' dir='ltr'>omnia</span> <span class='ocrx_word' id='word_1_205' title='bbox 867 1838 1022 1883; x_wconf 88' lang='lat' dir='ltr'>facere.</span> <span class='ocrx_word' id='word_1_206' title='bbox 1043 1841 1141 1884; x_wconf 90' lang='lat' dir='ltr'>Non</span> <span class='ocrx_word' id='word_1_207' title='bbox 1163 1848 1308 1883; x_wconf 86' lang='lat' dir='ltr'>autem</span> <span class='ocrx_word' id='word_1_208' title='bbox 1328 1839 1496 1883; x_wconf 88' lang='lat' dir='ltr'>labora-</span> 
     </span>
     <span class='ocr_line' id='line_1_25' title="bbox 113 1908 1493 1968; baseline -0.001 -14"><span class='ocrx_word' id='word_1_209' title='bbox 113 1919 234 1955; x_wconf 85' lang='lat' dir='ltr'>verat</span> <span class='ocrx_word' id='word_1_210' title='bbox 249 1945 259 1964; x_wconf 94' lang='lat'>,</span> <span class='ocrx_word' id='word_1_211' title='bbox 286 1919 336 1953; x_wconf 89' lang='lat' dir='ltr'>ut</span> <span class='ocrx_word' id='word_1_212' title='bbox 357 1909 644 1968; x_wconf 89' lang='lat' dir='ltr'>requiesceret</span> <span class='ocrx_word' id='word_1_213' title='bbox 659 1943 670 1963; x_wconf 86' lang='lat'>‚</span> <span class='ocrx_word' id='word_1_214' title='bbox 702 1908 880 1967; x_wconf 88' lang='lat' dir='ltr'>quando</span> <span class='ocrx_word' id='word_1_215' title='bbox 898 1942 909 1963; x_wconf 84' lang='lat'>,</span> <span class='ocrx_word' id='word_1_216' title='bbox 939 1926 958 1949; x_wconf 91' lang='lat'>«</span> <span class='ocrx_word' id='word_1_217' title='bbox 978 1908 1094 1952; x_wconf 83' lang='lat' dir='ltr'>Dixit</span> <span class='ocrx_word' id='word_1_218' title='bbox 1111 1942 1122 1962; x_wconf 94' lang='lat'>,</span> <span class='ocrx_word' id='word_1_219' title='bbox 1157 1918 1200 1952; x_wconf 92' lang='lat' dir='ltr'>et</span> <span class='ocrx_word' id='word_1_220' title='bbox 1227 1908 1341 1953; x_wconf 87' lang='lat' dir='ltr'>facta</span> <span class='ocrx_word' id='word_1_221' title='bbox 1362 1918 1463 1954; x_wconf 84' lang='lat' dir='ltr'>sunt</span> <span class='ocrx_word' id='word_1_222' title='bbox 1481 1930 1493 1968; x_wconf 75' lang='lat'>3</span> 
     </span>
     <span class='ocr_line' id='line_1_26' title="bbox 116 1977 1495 2039; baseline 0.001 -18"><span class='ocrx_word' id='word_1_223' title='bbox 116 1997 137 2021; x_wconf 90' lang='lat'>»</span> <span class='ocrx_word' id='word_1_224' title='bbox 172 1978 418 2033; x_wconf 81' lang='lat' dir='ltr'>mandavit,</span> <span class='ocrx_word' id='word_1_225' title='bbox 451 1987 494 2022; x_wconf 88' lang='lat' dir='ltr'>et</span> <span class='ocrx_word' id='word_1_226' title='bbox 515 1987 658 2022; x_wconf 87' lang='lat' dir='ltr'>creata</span> <span class='ocrx_word' id='word_1_227' title='bbox 684 1978 811 2022; x_wconf 74' lang='lat' dir='ltr'>sunt4</span> <span class='ocrx_word' id='word_1_228' title='bbox 834 1996 843 2022; x_wconf 72' lang='grc' dir='ltr'>ε</span> <span class='ocrx_word' id='word_1_229' title='bbox 870 1995 891 2019; x_wconf 87' lang='lat'>»</span> <span class='ocrx_word' id='word_1_230' title='bbox 913 1977 987 2022; x_wconf 89' lang='lat' dir='ltr'>sed</span> <span class='ocrx_word' id='word_1_231' title='bbox 1009 1987 1058 2023; x_wconf 94' lang='lat' dir='ltr'>ut</span> <span class='ocrx_word' id='word_1_232' title='bbox 1079 1978 1360 2036; x_wconf 88' lang='lat' dir='ltr'>significaret,</span> <span class='ocrx_word' id='word_1_233' title='bbox 1393 1980 1495 2039; x_wconf 89' lang='lat' dir='ltr'>quia</span> 
     </span>
     <span class='ocr_line' id='line_1_27' title="bbox 112 2047 1495 2109; baseline 0 -16"><span class='ocrx_word' id='word_1_234' title='bbox 112 2059 209 2109; x_wconf 89' lang='lat' dir='ltr'>post</span> <span class='ocrx_word' id='word_1_235' title='bbox 232 2063 305 2093; x_wconf 83' lang='lat' dir='ltr'>sex</span> <span class='ocrx_word' id='word_1_236' title='bbox 326 2057 474 2093; x_wconf 86' lang='lat' dir='ltr'>aetates</span> <span class='ocrx_word' id='word_1_237' title='bbox 494 2047 649 2092; x_wconf 89' lang='lat' dir='ltr'>mundi</span> <span class='ocrx_word' id='word_1_238' title='bbox 667 2048 796 2107; x_wconf 86' lang='lat' dir='ltr'>hujus</span> <span class='ocrx_word' id='word_1_239' title='bbox 818 2049 997 2107; x_wconf 90' lang='lat' dir='ltr'>septima</span> <span class='ocrx_word' id='word_1_240' title='bbox 1017 2057 1143 2093; x_wconf 87' lang='lat' dir='ltr'>aetate</span> <span class='ocrx_word' id='word_1_241' title='bbox 1165 2057 1373 2109; x_wconf 85' lang='lat' dir='ltr'>tanquam</span> <span class='ocrx_word' id='word_1_242' title='bbox 1402 2064 1495 2108; x_wconf 89' lang='lat' dir='ltr'>sep-</span> 
     </span>
     <span class='ocr_line' id='line_1_28' title="bbox 112 2118 1493 2179; baseline 0.001 -16"><span class='ocrx_word' id='word_1_243' title='bbox 112 2120 219 2163; x_wconf 89' lang='lat' dir='ltr'>timo</span> <span class='ocrx_word' id='word_1_244' title='bbox 252 2119 323 2163; x_wconf 91' lang='lat' dir='ltr'>die</span> <span class='ocrx_word' id='word_1_245' title='bbox 344 2119 620 2177; x_wconf 88' lang='lat' dir='ltr'>requieturus</span> <span class='ocrx_word' id='word_1_246' title='bbox 641 2127 704 2162; x_wconf 90' lang='lat' dir='ltr'>est</span> <span class='ocrx_word' id='word_1_247' title='bbox 724 2119 769 2162; x_wconf 90' lang='lat' dir='ltr'>in</span> <span class='ocrx_word' id='word_1_248' title='bbox 790 2119 947 2164; x_wconf 90' lang='lat' dir='ltr'>sanctis</span> <span class='ocrx_word' id='word_1_249' title='bbox 974 2119 1059 2162; x_wconf 89' lang='lat' dir='ltr'>suis</span> <span class='ocrx_word' id='word_1_250' title='bbox 1084 2136 1094 2163; x_wconf 72' lang='grc' dir='ltr'>ε</span> <span class='ocrx_word' id='word_1_251' title='bbox 1122 2118 1225 2179; x_wconf 88' lang='lat' dir='ltr'>quia</span> <span class='ocrx_word' id='word_1_252' title='bbox 1245 2118 1325 2178; x_wconf 88' lang='lat' dir='ltr'>ipsi</span> <span class='ocrx_word' id='word_1_253' title='bbox 1345 2119 1392 2162; x_wconf 91' lang='lat' dir='ltr'>in</span> <span class='ocrx_word' id='word_1_254' title='bbox 1417 2118 1493 2164; x_wconf 86' lang='lat' dir='ltr'>illo</span> 
     </span>
     <span class='ocr_line' id='line_1_29' title="bbox 112 2188 1493 2250; baseline 0.001 -17"><span class='ocrx_word' id='word_1_255' title='bbox 112 2190 384 2248; x_wconf 89' lang='lat' dir='ltr'>requiescent</span> <span class='ocrx_word' id='word_1_256' title='bbox 405 2198 504 2248; x_wconf 90' lang='lat' dir='ltr'>post</span> <span class='ocrx_word' id='word_1_257' title='bbox 535 2188 678 2233; x_wconf 89' lang='lat' dir='ltr'>omnia</span> <span class='ocrx_word' id='word_1_258' title='bbox 702 2189 818 2233; x_wconf 88' lang='lat' dir='ltr'>bona</span> <span class='ocrx_word' id='word_1_259' title='bbox 842 2204 972 2248; x_wconf 89' lang='lat' dir='ltr'>opera</span> <span class='ocrx_word' id='word_1_260' title='bbox 990 2224 1001 2244; x_wconf 91' lang='lat'>,</span> <span class='ocrx_word' id='word_1_261' title='bbox 1025 2190 1071 2233; x_wconf 92' lang='lat' dir='ltr'>in</span> <span class='ocrx_word' id='word_1_262' title='bbox 1089 2190 1250 2250; x_wconf 91' lang='lat' dir='ltr'>quibus</span> <span class='ocrx_word' id='word_1_263' title='bbox 1273 2188 1311 2233; x_wconf 89' lang='lat' dir='ltr'>ei</span> <span class='ocrx_word' id='word_1_264' title='bbox 1331 2190 1493 2235; x_wconf 87' lang='lat' dir='ltr'>servie-</span> 
     </span>
     <span class='ocr_line' id='line_1_30' title="bbox 112 2259 1490 2320; baseline 0.001 -18"><span class='ocrx_word' id='word_1_265' title='bbox 112 2269 216 2303; x_wconf 88' lang='lat' dir='ltr'>runt</span> <span class='ocrx_word' id='word_1_266' title='bbox 233 2294 244 2314; x_wconf 88' lang='lat'>,</span> <span class='ocrx_word' id='word_1_267' title='bbox 269 2275 367 2318; x_wconf 83' lang='lat' dir='ltr'>quae</span> <span class='ocrx_word' id='word_1_268' title='bbox 389 2259 478 2318; x_wconf 87' lang='lat' dir='ltr'>ipse</span> <span class='ocrx_word' id='word_1_269' title='bbox 499 2260 545 2303; x_wconf 88' lang='lat' dir='ltr'>in</span> <span class='ocrx_word' id='word_1_270' title='bbox 565 2259 649 2303; x_wconf 90' lang='lat' dir='ltr'>illis</span> <span class='ocrx_word' id='word_1_271' title='bbox 675 2269 902 2318; x_wconf 87' lang='lat' dir='ltr'>operatur,</span> <span class='ocrx_word' id='word_1_272' title='bbox 927 2260 1002 2320; x_wconf 92' lang='lat' dir='ltr'>qui</span> <span class='ocrx_word' id='word_1_273' title='bbox 1023 2269 1174 2316; x_wconf 82' lang='lat' dir='ltr'>vocat,</span> <span class='ocrx_word' id='word_1_274' title='bbox 1199 2269 1243 2304; x_wconf 94' lang='lat' dir='ltr'>et</span> <span class='ocrx_word' id='word_1_275' title='bbox 1263 2261 1459 2320; x_wconf 83' lang='lat' dir='ltr'>praecipit</span> <span class='ocrx_word' id='word_1_276' title='bbox 1477 2295 1490 2316; x_wconf 90' lang='lat'>,</span> 
     </span>
     <span class='ocr_line' id='line_1_31' title="bbox 113 2327 1492 2390; baseline 0.002 -18"><span class='ocrx_word' id='word_1_277' title='bbox 113 2338 156 2373; x_wconf 87' lang='lat' dir='ltr'>et</span> <span class='ocrx_word' id='word_1_278' title='bbox 184 2327 343 2373; x_wconf 88' lang='lat' dir='ltr'>delicta</span> <span class='ocrx_word' id='word_1_279' title='bbox 372 2329 590 2387; x_wconf 83' lang='lat' dir='ltr'>praeterita</span> <span class='ocrx_word' id='word_1_280' title='bbox 617 2328 818 2384; x_wconf 89' lang='lat' dir='ltr'>dimittit,</span> <span class='ocrx_word' id='word_1_281' title='bbox 843 2338 886 2374; x_wconf 88' lang='lat' dir='ltr'>et</span> <span class='ocrx_word' id='word_1_282' title='bbox 912 2330 1121 2389; x_wconf 87' lang='lat' dir='ltr'>justificat</span> <span class='ocrx_word' id='word_1_283' title='bbox 1152 2345 1254 2374; x_wconf 88' lang='lat' dir='ltr'>eum</span> <span class='ocrx_word' id='word_1_284' title='bbox 1276 2330 1353 2389; x_wconf 91' lang='lat' dir='ltr'>qui</span> <span class='ocrx_word' id='word_1_285' title='bbox 1374 2330 1492 2390; x_wconf 84' lang='lat' dir='ltr'>prius</span> 
     </span>
     <span class='ocr_line' id='line_1_32' title="bbox 113 2399 1492 2461; baseline 0.001 -17"><span class='ocrx_word' id='word_1_286' title='bbox 113 2408 205 2444; x_wconf 87' lang='lat' dir='ltr'>erat</span> <span class='ocrx_word' id='word_1_287' title='bbox 225 2400 398 2459; x_wconf 78' lang='lat' dir='ltr'>impiuS.</span> <span class='ocrx_word' id='word_1_288' title='bbox 425 2400 545 2445; x_wconf 89' lang='lat' dir='ltr'>Sicut</span> <span class='ocrx_word' id='word_1_289' title='bbox 565 2408 709 2444; x_wconf 88' lang='lat' dir='ltr'>autem</span> <span class='ocrx_word' id='word_1_290' title='bbox 730 2414 831 2444; x_wconf 89' lang='lat' dir='ltr'>cum</span> <span class='ocrx_word' id='word_1_291' title='bbox 847 2399 910 2444; x_wconf 92' lang='lat' dir='ltr'>illi</span> <span class='ocrx_word' id='word_1_292' title='bbox 928 2415 979 2445; x_wconf 85' lang='lat' dir='ltr'>ex</span> <span class='ocrx_word' id='word_1_293' title='bbox 999 2399 1117 2445; x_wconf 91' lang='lat' dir='ltr'>dono</span> <span class='ocrx_word' id='word_1_294' title='bbox 1139 2402 1231 2461; x_wconf 87' lang='lat' dir='ltr'>ejus</span> <span class='ocrx_word' id='word_1_295' title='bbox 1254 2401 1367 2446; x_wconf 88' lang='lat' dir='ltr'>bene</span> <span class='ocrx_word' id='word_1_296' title='bbox 1383 2414 1492 2461; x_wconf 87' lang='lat' dir='ltr'>ope-</span> 
     </span>
     <span class='ocr_line' id='line_1_33' title="bbox 115 2468 1492 2531; baseline 0.002 -19"><span class='ocrx_word' id='word_1_297' title='bbox 115 2478 282 2524; x_wconf 89' lang='lat' dir='ltr'>rantur,</span> <span class='ocrx_word' id='word_1_298' title='bbox 308 2478 423 2513; x_wconf 89' lang='lat' dir='ltr'>recte</span> <span class='ocrx_word' id='word_1_299' title='bbox 443 2468 603 2514; x_wconf 89' lang='lat' dir='ltr'>dicitur</span> <span class='ocrx_word' id='word_1_300' title='bbox 624 2471 715 2529; x_wconf 85' lang='lat' dir='ltr'>ipse</span> <span class='ocrx_word' id='word_1_301' title='bbox 731 2470 924 2530; x_wconf 80' lang='lat' dir='ltr'>operari3</span> <span class='ocrx_word' id='word_1_302' title='bbox 945 2470 1004 2515; x_wconf 91' lang='lat' dir='ltr'>sic</span> <span class='ocrx_word' id='word_1_303' title='bbox 1024 2485 1124 2515; x_wconf 89' lang='lat' dir='ltr'>cum</span> <span class='ocrx_word' id='word_1_304' title='bbox 1146 2470 1192 2515; x_wconf 89' lang='lat' dir='ltr'>in</span> <span class='ocrx_word' id='word_1_305' title='bbox 1207 2469 1283 2515; x_wconf 89' lang='lat' dir='ltr'>illo</span> <span class='ocrx_word' id='word_1_306' title='bbox 1301 2471 1492 2531; x_wconf 87' lang='lat' dir='ltr'>requies-</span> 
     </span>
    </p>

    <p class='ocr_par' dir='ltr' id='par_1_4' title="bbox 161 2551 1443 2595">
     <span class='ocr_line' id='line_1_34' title="bbox 161 2551 1443 2595; baseline 0.003 -13"><span class='ocrx_word' id='word_1_307' title='bbox 161 2558 171 2574; x_wconf 85' lang='lat'>¹</span> <span class='ocrx_word' id='word_1_308' title='bbox 183 2551 301 2584; x_wconf 83' lang='lat' dir='ltr'>Matth.</span> <span class='ocrx_word' id='word_1_309' title='bbox 321 2562 397 2593; x_wconf 81' lang='lat' dir='ltr'>xxv,</span> <span class='ocrx_word' id='word_1_310' title='bbox 411 2551 464 2593; x_wconf 77' lang='lat'>46.</span> <span class='ocrx_word' id='word_1_311' title='bbox 483 2559 547 2577; x_wconf 73' lang='lat'>-2</span> <span class='ocrx_word' id='word_1_312' title='bbox 569 2564 582 2586; x_wconf 91' lang='lat'>1</span> <span class='ocrx_word' id='word_1_313' title='bbox 603 2555 664 2586; x_wconf 87' lang='lat' dir='ltr'>Cor</span> <span class='ocrx_word' id='word_1_314' title='bbox 680 2564 714 2594; x_wconf 76' lang='grc' dir='ltr'>ιι,</span> <span class='ocrx_word' id='word_1_315' title='bbox 733 2564 765 2595; x_wconf 88' lang='lat'>9.</span> <span class='ocrx_word' id='word_1_316' title='bbox 779 2569 821 2578; x_wconf 92' lang='lat'><em>-</em></span> <span class='ocrx_word' id='word_1_317' title='bbox 834 2551 848 2577; x_wconf 84' lang='grc'><strong>3</strong></span> <span class='ocrx_word' id='word_1_318' title='bbox 861 2555 942 2594; x_wconf 88' lang='lat' dir='ltr'>Gen,</span> <span class='ocrx_word' id='word_1_319' title='bbox 956 2563 966 2587; x_wconf 84' lang='lat'>1</span> <span class='ocrx_word' id='word_1_320' title='bbox 980 2557 1013 2587; x_wconf 82' lang='lat' dir='ltr'>et</span> <span class='ocrx_word' id='word_1_321' title='bbox 1029 2565 1068 2588; x_wconf 78' lang='grc' dir='ltr'>ιι.</span> <span class='ocrx_word' id='word_1_322' title='bbox 1082 2552 1152 2584; x_wconf 74' lang='grc'>-4</span> <span class='ocrx_word' id='word_1_323' title='bbox 1165 2553 1244 2588; x_wconf 85' lang='lat' dir='ltr'>Psal.</span> <span class='ocrx_word' id='word_1_324' title='bbox 1266 2563 1396 2595; x_wconf 73' lang='lat' dir='ltr'>oxum,</span> <span class='ocrx_word' id='word_1_325' title='bbox 1411 2553 1443 2586; x_wconf 86' lang='lat'>5.</span> 
     </span>
    </p>
   </div>
  </div>
 </body>
</html>
