1871 3162
559 281 904 318 conrnssmnmu,
939 283 1021 308 Lm.
1058 283 1087 307 1.
1458 272 1510 309 23

141 346 375 405 acquiritur
409 345 655 405 eloquentia
693 347 821 389 rebus
853 344 1161 405 persuadendis
1203 347 1512 405 sententiisque

140 415 401 474 explicandis
420 415 604 459 maxime
626 417 877 460 necessaria.
903 419 969 460 Ita
1000 430 1103 460 vero
1120 431 1208 459 non
1231 431 1513 474 cognoscere-

140 500 235 529 mus
256 485 387 529 verba
409 485 517 541 baec,
541 486 724 529 imbrem
749 501 952 541 aureum,
973 494 1015 529 et
1033 485 1260 544 gremium,
1283 495 1325 529 et
1346 484 1512 537 fucum,

141 564 183 599 et
200 555 362 613 templa
384 555 511 609 coeli,
532 565 576 599 et
597 555 679 600 alia
696 557 828 600 verba
847 572 947 616 quae
967 556 1012 599 in
1035 571 1085 600 eo
1102 555 1200 600 loco
1222 557 1378 615 scripta
1396 566 1512 610 sunt,

140 625 222 668 nisi
255 625 478 669 Terentius
508 626 736 670 induceret
776 641 964 685 nequam
998 625 1315 670 adolescentem
1353 641 1516 685 propo-

140 704 312 739 nentem
333 695 415 739 sibi
445 699 469 739 J
473 711 597 740 ovem
632 696 686 740 ad
709 696 955 755 exemplum
973 697 1132 756 stupri,
1151 696 1258 740 dum
1276 705 1440 755 spectat
1456 705 1517 740 ta-

140 764 290 809 bulam
325 766 559 826 quamdam
596 768 756 825 pictam
779 767 824 810 in
860 766 1052 826 pariete3
1088 766 1165 810 ubi
1191 767 1330 810 inerat
1350 767 1520 826 pictura

140 836 254 880 haec:
276 854 295 877 ‹<
310 838 463 879 Jovem
480 851 569 896 quo
594 845 719 895 pacto
738 840 896 881 Danaae
919 836 1081 880 misisse
1099 837 1221 880 aiunt
1238 837 1284 880 in
1307 838 1518 895 gremium

102 935 105 937 -
145 924 164 946 »
200 906 424 965 quondam
460 906 646 949 imbrem
669 922 849 950 aureum
867 941 878 962 ‚
910 906 1060 951 fucum
1087 905 1251 950 factum
1281 907 1467 951 mulieri.
1496 925 1516 948 »

141 978 198 1020 Et
217 976 316 1020 vide
349 976 722 1036 quemadmodum
747 993 791 1022 se
824 978 1013 1022 concitat
1040 977 1095 1021 ad
1117 977 1368 1034 libidinem,
1397 978 1520 1039 quasi

140 1046 307 1092 coelesti
328 1047 588 1106 magisterio.

205 1147 247 1177 At
263 1156 359 1187 quem
373 1148 472 1177 Deum
486 1170 494 1185 ‚
514 1145 639 1188 (inquit
652 1145 689 1186 >7
705 1145 758 1188 qui
776 1145 895 1187 templa
913 1144 984 1177 coeli
1001 1154 1123 1177 summa
1139 1145 1243 1177 sonitu
1261 1146 1415 1178 concutit.

207 1201 271 1241 Ego
288 1199 461 1232 homuncio
478 1199 510 1231 id
526 1210 588 1231 non
604 1199 772 1232 facerem?
787 1202 852 1242 Ego
866 1211 944 1232 vero
962 1200 1026 1232 feci
1042 1200 1115 1232 illud
1129 1200 1191 1240 ita,
1210 1211 1248 1233 ac
1261 1200 1405 1233 lubens¹.

139 1279 236 1322 Non
263 1276 442 1321 omnino
475 1293 550 1337 per
570 1278 683 1322 hanc
715 1278 1031 1337 turpitudinem
1062 1279 1194 1322 verba
1223 1279 1301 1323 ista
1325 1294 1520 1325 commo-

140 1347 236 1392 dius
268 1347 495 1391 discuntur
520 1367 529 1392 2
552 1349 624 1392 sed
651 1364 727 1407 per
755 1349 848 1392 haec
869 1348 1002 1392 verba
1025 1349 1253 1408 turpitudo
1279 1350 1358 1394 ista
1386 1352 1520 1395 confi-

140 1417 313 1462 dentius
341 1427 630 1477 perpetratur.
656 1413 753 1463 Non
777 1433 931 1462 accuso
957 1418 1089 1462 verba
1111 1419 1234 1478 quasi
1258 1435 1356 1464 vasa
1382 1419 1518 1465 electa

139 1498 269 1548 atque
289 1489 497 1548 pretiosa;
521 1489 596 1533 sed
616 1490 768 1533 vinum
790 1490 943 1533 erroris
965 1489 1084 1549 quod
1107 1490 1152 1533 in
1179 1490 1239 1534 eis
1269 1490 1395 1535 nobis
1413 1507 1516 1551 pro-

140 1559 375 1620 pinabatur
401 1561 457 1604 ab
484 1561 614 1605 ebriis
635 1560 888 1606 doctoribus
912 1580 921 1606 ε
952 1570 996 1605 et
1025 1561 1105 1605 nisi
1132 1561 1402 1618 biberemus,
1428 1579 1516 1609 033-

139 1630 366 1687 debamur‚
380 1647 461 1676 nec
479 1631 696 1691 appellare
710 1632 898 1692 aliquem
915 1631 1110 1693 judicem
1127 1633 1320 1677 sobrium
1339 1633 1512 1679 licebat.

139 1703 198 1745 Et
222 1710 368 1746 tamen
397 1717 500 1761 ego,
537 1706 651 1747 Deus
672 1718 820 1758 meus,
857 1703 902 1746 in
936 1704 1059 1763 cujus
1091 1713 1326 1763 conspectu
1343 1705 1433 1764 jam
1455 1720 1517 1749 se-

120 1783 242 1816 ·cura
260 1780 323 1816 est
343 1770 584 1817 recordatio
598 1788 710 1828 mea,
731 1772 918 1818 libenter
937 1774 1031 1818 haec
1051 1772 1206 1829 didici,
1232 1783 1275 1819 et
1291 1775 1351 1819 eis
1368 1773 1515 1820 delec-

138 1841 263 1887 tabar
281 1842 409 1887 miser
424 1878 436 1898 ,
456 1852 499 1887 et
515 1843 572 1887 ob
591 1843 676 1888 hoc
693 1844 821 1889 bonae
838 1845 927 1905 spei
948 1859 1058 1905 puer
1079 1843 1344 1905 appellabar.

186 1957 196 1974 ¹
217 1952 348 1984 Terent.
366 1950 399 1983 in
416 1951 587 1994 Eunucho,
611 1955 676 1985 act.
695 1962 744 1994 m,
762 1962 852 1985 scen.
877 1952 910 1986 5.
