1871 3162
594 248 944 289 conrnssmrzmu,
977 250 1061 278 Lm.
1095 251 1127 277 1.
1487 240 1537 278 11

167 329 261 364 tum
292 317 487 363 infantiae
520 319 660 361 meae?
692 317 905 370 Quoniam
936 330 1064 360 nemo
1095 314 1287 359 mundus
1323 330 1347 359 a
1366 325 1544 374 peccato

123 422 132 430 ,
167 404 313 435 coram
347 397 412 443 te,
448 403 528 432 nec
544 386 686 432 infans
708 388 830 448 cujus
851 396 915 432 est
935 386 1063 431 unius
1083 385 1169 430 diei
1189 387 1278 431 vita
1305 401 1433 444 super
1454 395 1544 430 ter-

166 474 257 503 ram
270 461 301 502 ¹.
324 458 426 512 Quis
455 473 525 502 me
545 459 888 502 commemorat?
910 459 979 501 An
1000 456 1187 517 quilibet
1212 455 1408 500 tantillus
1428 471 1547 500 nunc

167 529 397 589 parvulus,
420 529 467 572 in
488 544 576 588 quo
597 527 723 572 video
755 518 876 588 quod
901 543 991 572 non
1020 527 1198 580 memini
1219 526 1275 570 de
1300 527 1401 570 me?
1432 526 1549 579 Quid

169 614 272 657 ergo
299 607 405 643 tunc
432 599 698 656 peccabam?
723 601 792 642 An
822 597 925 657 quia
956 596 1166 641 uberibus
1196 596 1417 641 inhiabam
1450 595 1550 655 plo·

169 669 295 713 rans?
320 670 429 714 Nam
449 668 484 711 si
513 683 631 712 nunc
665 667 843 722 faciam,
873 682 963 711 non
998 665 1178 726 quidem
1209 666 1444 721 uberibm,
1475 664 1551 710 sed

171 754 278 783 escae
294 739 550 797 congruenti
575 739 697 782 annis
726 738 831 781 meis
861 739 920 782 ita
949 737 1133 791 inhians,
1158 735 1392 782 deridebor
1421 745 1552 797 atque

171 808 463 869 reprehendar
493 809 740 869 justissime.
766 811 887 853 Tunc
913 823 1015 866 ergo
1044 807 1401 867 reprehendenda
1423 807 1555 851 facie-

170 880 270 924 bam
290 901 301 938 3
325 880 400 924 sed
419 880 521 940 quia
543 879 935 939 reprehendentem
956 878 1196 937 intelligere
1213 894 1303 923 non
1324 888 1519 938 poteram
1539 913 1551 933 ‚

170 965 251 993 nec
274 964 365 994 mos
393 949 651 1008 reprehendi
671 964 762 1003 me,
788 964 868 993 nec
894 949 1003 993 ratio
1024 948 1206 993 sinebat.
1235 951 1341 994 Nam
1370 949 1556 1008 extirpa-

171 1034 268 1063 mus
309 1027 352 1062 et
389 1020 583 1078 ejicimus
624 1019 701 1062 ista
743 1027 996 1063 crescentes.
1030 1021 1118 1064 Nec
1156 1019 1245 1063 vidi
1291 1033 1553 1079 quemquam

172 1089 379 1133 scientem
415 1104 515 1133 cum
549 1088 714 1148 aliquid
747 1098 930 1148 purgat,
959 1089 1074 1133 hona
1109 1089 1334 1148 projicere.
1373 1091 1442 1133 An
1478 1104 1557 1147 pro

172 1167 367 1217 tempore
388 1160 519 1202 etiam
537 1157 610 1202 illa
633 1159 748 1202 bona
770 1167 914 1213 erant,
940 1157 1087 1203 flendo
1108 1167 1255 1217 petere
1287 1160 1417 1203 etiam
1439 1158 1558 1218 quod

174 1229 302 1272 noxie
322 1227 499 1272 daretur
517 1263 529 1283 ,
550 1229 766 1286 indignari
788 1229 942 1273 acriter
958 1245 1046 1273 non
1064 1230 1266 1288 subjectis
1284 1229 1554 1284 hominibus,

176 1297 322 1341 liberis
349 1307 392 1342 et
413 1298 662 1357 majoribuS‚
687 1296 841 1357 hisque
861 1315 883 1342 a
906 1299 1064 1359 quibus
1085 1300 1253 1357 genitus
1277 1308 1361 1354 est,
1387 1299 1559 1343 multis-

175 1383 261 1427 que
283 1377 488 1427 praeterea
506 1367 859 1427 prudentioribus
875 1384 963 1413 non
980 1368 1036 1412 ad
1051 1379 1208 1413 nutum
1227 1368 1461 1413 voluntatis
1480 1370 1561 1413 ob-

177 1439 519 1497 temperantibus
537 1459 548 1496 3
563 1437 759 1483 feriendo
775 1453 932 1483 nocere
949 1439 1030 1483 niti
1046 1448 1261 1498 quantum
1276 1448 1433 1498 potest,
1454 1440 1557 1500 quia

177 1524 265 1552 non
289 1508 491 1553 obeditur
518 1509 707 1568 imperiis
736 1510 896 1569 quibus
918 1510 1154 1568 perniciose
1185 1510 1467 1555 obediretur?
1497 1514 1562 1555 Ita

175 1579 454 1624 imbecillitas
471 1580 767 1624 membrorum
802 1579 1066 1624 infantilium
1104 1580 1311 1625 innocens
1342 1590 1431 1635 est,
1473 1596 1562 1625 non

182 1650 352 1693 animus
390 1650 637 1693 infantium.
672 1649 771 1693 Vidi
800 1664 879 1707 ego
909 1659 951 1694 et
989 1661 1188 1709 expertus
1223 1666 1317 1695 sum
1351 1651 1562 1695 zelantem

181 1718 443 1778 parvulum:
479 1718 678 1763 nondum
698 1719 981 1779 loquebatur,
1017 1729 1059 1763 et
1091 1720 1344 1764 intuebatur
1376 1720 1563 1780 pallidus

182 1804 327 1832 amaro
348 1798 525 1848 aspectu
542 1788 859 1833 collactaneum
877 1805 1020 1833 suum.
1041 1790 1147 1843 Quis
1161 1791 1245 1835 hoc
1262 1791 1461 1848 ignorat?
1478 1794 1564 1835 Ex-

180 1859 298 1917 piare
320 1875 363 1902 se
385 1860 538 1903 dicunt
558 1859 637 1903 ista
665 1869 823 1903 matres
851 1869 981 1919 atque
1011 1861 1202 1905 nutrices
1236 1862 1380 1906 nescio
1406 1862 1565 1922 quibus

182 1927 396 1971 remediis.
418 1928 504 1973 Nisi
527 1943 628 1971 vero
655 1938 698 1972 et
718 1929 797 1972 ista
825 1929 1071 1973 innocentia
1095 1940 1184 1985 est,
1219 1931 1263 1974 in
1296 1929 1417 1975 fonte
1445 1931 1566 1975 lactis

181 1999 372 2042 ubertim
396 2007 600 2041 manante
632 2007 763 2057 atque
784 1998 1061 2053 abundante,
1097 2001 1189 2058 opis
1216 2001 1562 2059 egentissimum,

183 2078 226 2112 et
247 2066 322 2111 illo
346 2066 490 2111 adhuc
511 2082 601 2111 uno
642 2066 848 2112 alimento
867 2068 1001 2112 vitam
1033 2069 1289 2124 ducentem,
1319 2080 1565 2114 consortem

183 2152 273 2181 non
289 2137 393 2196 pati.
416 2137 500 2182 Sed
522 2136 682 2181 blande
702 2136 941 2182 tolerantur
958 2139 1051 2183 haec
1069 2174 1080 2193 ‚
1107 2154 1196 2184 non
1220 2140 1324 2199 quia
1353 2139 1476 2185 nulla
1496 2141 1581 2185 vel»

183 2223 315 2267 parva
331 2242 342 2264 ,
365 2206 440 2251 sed
464 2207 565 2266 quia
587 2207 724 2251 aetatis
747 2223 920 2252 accessu
940 2209 1131 2268 peritura
1156 2220 1272 2255 sunt.
1313 2210 1440 2264 Quod
1466 2210 1568 2256 licet

183 2278 363 2338 probes,
388 2292 489 2321 cum
511 2275 612 2321 ferri
633 2293 761 2337 aequo
783 2279 927 2324 animo
949 2279 1100 2324 eadem
1133 2281 1224 2340 ipsa
1245 2296 1336 2326 non
1355 2284 1538 2341 p'ossunt
1553 2317 1564 2338 ‚

187 2347 367 2408 quando
386 2348 432 2392 in
454 2348 599 2408 aliquo
623 2349 849 2394 annosiore
871 2350 1275 2409 deprehenduntur.

243 2420 345 2462 XII.
368 2421 434 2461 Tu
454 2418 617 2477 itaque,
649 2420 832 2464 Domine
858 2423 972 2465 Deus
993 2436 1130 2476 meus,
1156 2423 1232 2482 qui
1254 2421 1412 2467 dedisti
1433 2423 1565 2467 vitam

188 2485 366 2542 infanti,
391 2496 434 2531 et
456 2503 612 2547 corpus
632 2523 642 2543 ‚
663 2488 784 2549 quod
799 2490 857 2534 ita
879 2499 930 2535 ut
949 2491 1146 2536 videmus
1168 2492 1406 2537 instruxisti
1428 2493 1566 2537 sensi-

240 2574 249 2590 ¹
265 2573 338 2604 Jol»
356 2584 431 2611 xxv,
454 2572 486 2613 4,
504 2573 595 2615 juxta
611 2584 681 2604 ux.
