1871 3162
527 230 878 266 conrssssmmum,
912 230 1000 255 Lus.
1036 230 1102 254 111.
1436 218 1491 256 63

119 313 140 337 »
174 310 264 340 non
281 303 435 354 potest,
454 303 505 338 nt
521 293 634 337 filius
649 294 827 337 istarum
841 291 1134 348 lacrymarum
1150 299 1341 350 pereat.»
1363 292 1493 344 Quod

111 363 183 408 illa
201 365 260 409 ita
277 365 487 423 accepisse
507 364 624 407 inter
641 362 860 422 colloquia
878 377 955 407 sua
972 376 1144 406 mecum
1162 376 1275 421 saepe
1291 363 1493 406 recorda-

114 435 266 490 batur,
286 449 336 479 ac
357 435 392 479 si
413 433 468 479 de
484 433 599 479 coelo
616 433 845 478 sonuisset.

158 645 296 682 Visum
322 649 381 682 est
407 646 483 681 hue
511 645 704 681 ascribere
722 643 929 690 Augustini
948 643 1076 678 locum
1093 651 1143 677 ex
1156 640 1227 677 lib.
1247 646 1267 675 5
1284 641 1416 675 contra
1436 639 1495 676 lit-

111 708 208 740 teras
233 704 411 740 Petiliaui
429 703 651 745 Donatistae,
669 712 751 748 cap.
774 714 857 738 xvu
879 716 887 737 :
911 701 972 738 Me
989 703 1101 736 etiam
1117 699 1370 746 presbyterum
1384 699 1496 743 fuisse

110 763 419 804 Manichaeorum,
438 763 496 798 vel
514 763 633 807 falsus
652 763 710 797 vel
722 762 857 808 fallens
874 760 1042 796 mirabili
1061 761 1265 796 temeritate
1285 759 1496 794 contendat.

115 821 231 858 Verba
244 823 348 857 tertii
360 820 450 857 libra·
464 820 741 865 Confessionum
755 830 920 855 mearum
931 844 942 859 ,
956 829 1039 865 quw
1046 828 1114 864 per
1127 828 1163 852 se
1173 819 1254 863 ipsa
1265 843 1274 857 ,
1292 821 1326 852 et
1340 817 1384 851 de
1399 815 1493 850 mul-

110 881 158 914 tis
175 886 261 916 ante
279 885 314 915 et
332 885 456 925 postea
473 881 580 915 dictis
605 879 906 923 manifestissima
924 883 1012 914 sunt
1030 876 1254 924 leyentz'hus‚
1283 874 1349 910 sub
1368 884 1440 920 quo
1463 875 1498 908 ei

109 939 257 974 videtur
274 938 462 974 intellectu
481 943 663 983 proponat
685 942 797 983 acque
820 941 978 983 affluat,
995 941 1060 972 etc·
1089 935 1272 978 Quaenam
1298 942 1392 969 vero
1421 931 1498 967 sint

109 998 228 1033 verba
246 997 313 1033 illa
328 1023 338 1037 ‚
363 1007 447 1042 quae
463 1007 531 1032 suo
548 997 681 1033 avulsa
697 996 782 1031 loco
801 998 980 1041 proterve
998 994 1321 1039 interpretabatur
1345 989 1497 1026 Petilia-

111 1066 182 1091 nus
195 1083 205 1097 .
223 1056 332 1092 nobis
346 1057 627 1102 incompertum
642 1058 720 1097 est;
742 1055 900 1090 forsitan
913 1054 984 1089 ista
1003 1053 1137 1099 capitis
1154 1050 1258 1088 sexti
1275 1064 1284 1086 ε
1305 1049 1403 1085 Nam
1420 1058 1498 1083 ver-

111 1125 191 1149 sum
207 1120 242 1151 et
256 1126 403 1150 carmen
425 1118 536 1151 etiam
551 1117 601 1150 ad
616 1125 702 1150 vera
716 1114 910 1159 pulmenta
928 1112 1125 1156 transfero.
1137 1110 1290 1155 Quippe
1315 1106 1497 1143 amatoria

111 1173 300 1208 maleficia
318 1173 474 1208 mulieri
494 1174 579 1208 data
599 1173 854 1217 exprobrabat
882 1170 1116 1216 Augustino,
1150 1171 1191 1204 ut
1217 1167 1351 1205 videre
1371 1167 1432 1202 est
1457 1164 1498 1199 in

112 1231 144 1276 ej
152 1231 286 1267 usdem
302 1230 393 1268 libri
408 1234 542 1267 contra
558 1229 737 1267 Petiliani
755 1229 902 1266 litteras
923 1227 1046 1275 capite
1062 1238 1143 1263 xvh
