1871 3162
556 234 901 272 CONFESSIONUM,
939 237 1019 262 Llss.
1059 240 1116 264 iv.
1466 234 1512 269 31

148 414 1522 440 WWWWWWWWWWWWWWWWWWWWWMMWWUMWWWWUWWUWDN

636 551 760 599 CAP
768 554 802 600 U
813 554 852 599 T
896 556 967 600 XI
980 556 1013 600 'V
1022 591 1031 600 .

143 703 279 749 Libri
302 703 362 750 de
388 707 520 765 Apto
549 715 595 752 et
621 706 836 752 Pulchro
870 707 1043 753 Hz'erz'o
1073 710 1352 768 nuncupati.
1387 709 1526 755 Unde

625 777 751 824 hunc
773 790 1040 825 amaverat.

199 935 320 977 XXI.
357 936 473 987 Qun)
490 944 553 978 est
575 944 720 978 autem
753 936 869 993 quod
910 950 977 978 me
1015 937 1167 989 movit,
1203 938 1383 980 Domine
1413 940 1526 981 Deus

142 1017 285 1057 meus,
311 1013 361 1047 ut
382 1004 437 1047 ad
467 1004 662 1047 Hierium
683 1007 893 1048 Romanae
915 1005 1033 1048 urbis
1060 1016 1274 1050 oratorem
1298 1007 1529 1051 scriberem

142 1072 238 1117 illos
260 1073 409 1128 libros,
435 1089 565 1133 quem
590 1090 680 1118 non
702 1090 905 1118 noveram
928 1077 1052 1130 facie,
1078 1077 1154 1120 sed
1187 1093 1429 1123 amaveram
1448 1079 1529 1123 ho·

142 1144 304 1186 minem
327 1158 377 1186 ex
399 1144 608 1187 doctrinae
636 1142 751 1188 fama
785 1160 884 1203 quae
914 1143 977 1188 illi
998 1145 1112 1189 clara
1135 1156 1240 1202 erat,
1267 1158 1310 1191 et
1327 1149 1527 1207 quaedam

142 1213 275 1256 verba
296 1214 385 1272 ejus
409 1214 646 1267 audieram,
667 1222 710 1257 et
727 1214 981 1272 placuerant
1003 1216 1139 1258 mihi?
1170 1218 1253 1261 Sed
1272 1220 1405 1276 magis
1428 1220 1528 1279 quia

142 1282 343 1341 placebat
360 1282 467 1338 aliis,
488 1292 531 1326 et
548 1284 788 1327 efferebant
807 1300 905 1328 eum
924 1284 1128 1330 laudibus
1151 1297 1389 1346 stupentes,
1409 1289 1527 1349 quod

142 1369 193 1397 ex
215 1354 391 1398 homine
415 1356 540 1411 Syro,
571 1353 701 1398 docto
729 1355 845 1413 prius
881 1371 1031 1413 graecae
1054 1356 1288 1413 facundiae,
1313 1370 1461 1418 postea
1484 1362 1528 1404 in
1581 1378 1585 1393 ι·

140 1422 274 1467 latina
296 1423 425 1467 etiam
447 1423 588 1467 dictor
613 1424 819 1468 mirabilis
840 1425 1063 1479 extitisset,
1089 1436 1132 1470 et
1160 1438 1269 1472 esset
1297 1430 1527 1474 scientissi-

143 1508 239 1537 mus
261 1508 406 1537 rerum
429 1492 484 1536 ad
505 1492 700 1536 studium
717 1494 940 1551 sapientiae
956 1496 1285 1552 pertinentium,
1311 1500 1416 1542 mihi
1437 1501 1530 1558 pla-

143 1563 283 1607 cebat.
319 1561 541 1606 Laudatur
562 1562 694 1606 homo
717 1571 760 1605 et
783 1571 951 1607 amatur
973 1564 1140 1608 absens.
1183 1567 1443 1612 Utrumnam
1475 1569 1530 1613 ab

144 1648 217 1677 ore
233 1633 450 1677 laudantis
471 1633 604 1675 intrat
620 1633 665 1674 in
687 1647 761 1676 cor
781 1632 995 1677 audientis
1020 1649 1140 1678 amor
1154 1636 1253 1679 ille?
1268 1638 1392 1681 Absit
1412 1658 1421 1682 ι
1445 1639 1530 1683 Sed

143 1718 195 1746 ex
226 1711 397 1747 amante
428 1701 512 1746 alio
543 1701 795 1745 accenditur
829 1701 950 1745 alius.
980 1703 1091 1747 Hinc
1113 1705 1228 1748 enim
1251 1717 1420 1751 amatur
1455 1709 1529 1768 qui

142 1772 363 1827 laudatur,
389 1773 495 1816 dum
517 1788 607 1816 non
627 1771 772 1815 fallaci
790 1771 923 1816 corde
939 1771 1176 1818 laudatoris
1194 1777 1418 1834 praedicari
1436 1794 1529 1822 cre-

144 1842 279 1897 ditur,
299 1843 346 1886 id
360 1851 439 1896 est,
459 1857 560 1887 cum
575 1856 723 1886 amans
739 1857 837 1885 eum
855 1841 1021 1886 laudat.

204 1914 350 1956 XXII.
388 1912 456 1956 Sic
483 1912 597 1955 enim
627 1920 734 1955 tunc
766 1912 961 1956 amabam
992 1913 1188 1957 homines
1219 1929 1270 1958 ex
1301 1917 1529 1961 hominum

140 1981 328 2042 judici03
352 1997 442 2025 non
463 1981 579 2025 enim
601 1996 651 2024 ex
672 1989 766 2035 tuo,
790 1984 902 2024 Deus
925 1997 1068 2032 meus;
1093 1983 1138 2025 in
1160 1999 1248 2043 quo
1266 2000 1396 2030 nemo
1413 1986 1530 2031 falli-
1567 2002 1569 2010 ¹

147 2061 233 2097 tur.
263 2051 347 2098 Sed
364 2062 508 2096 tamen
529 2067 606 2096 cur
627 2067 716 2096 non
737 2051 847 2096 sicut
869 2053 1015 2110 auriga
1031 2053 1205 2110 nobilis,
1224 2056 1336 2101 sicut
1351 2070 1532 2104 venator

145 2121 297 2167 studiis
318 2120 603 2182 popularibus
626 2121 875 2166 diffamatus
893 2142 905 2180 3
928 2123 1004 2167 sed
1026 2122 1155 2182 longe
1181 2124 1304 2169 aliter
1322 2137 1365 2171 et
1386 2130 1529 2187 gravi-

146 2203 228 2249 ter,
265 2202 309 2238 et
339 2193 400 2237 ita
430 2192 803 2253 quemadmodum
841 2202 885 2237 et
917 2209 986 2237 me
1022 2193 1190 2239 laudari
1212 2195 1401 2242 vellem?
1435 2203 1531 2245 Non

148 2272 293 2307 autem
307 2261 464 2307 vellem
480 2263 538 2306 ita
561 2261 728 2307 laudari
744 2271 787 2306 et
804 2264 936 2307 amari
954 2278 1023 2307 me
1041 2273 1090 2308 ut
1110 2265 1361 2323 histriones,
1393 2285 1532 2328 quan-

148 2349 281 2395 quam
303 2349 374 2378 eos
396 2342 439 2377 et
460 2333 550 2392 ipse
568 2332 790 2378 laudarem
810 2343 854 2378 et
870 2349 1083 2392 amarem,
1118 2337 1191 2380 sed
1214 2337 1375 2396 eligens
1397 2339 1532 2385 latere

149 2419 281 2464 quam
302 2405 361 2448 ita
379 2412 508 2447 notus
536 2418 650 2461 esse,
680 2412 723 2447 et
744 2403 812 2447 vel
839 2404 990 2448 haberi
1017 2405 1118 2450 odio
1143 2422 1274 2465 quam
1298 2409 1357 2453 sic
1379 2412 1528 2455 amari.

152 2476 237 2520 Ubi
270 2474 594 2519 distribuuntur
627 2473 708 2518 ista
741 2473 933 2533 pondera
955 2476 1172 2519 variorum
1198 2485 1239 2520 et
1263 2477 1530 2524 diversorum

152 2559 350 2589 amorum
379 2545 424 2587 iu
452 2544 592 2587 anima
616 2545 733 2588 una?
761 2543 872 2596 Quid
895 2544 1092 2604 estquod
1111 2561 1208 2590 amo
1230 2547 1274 2590 in
1292 2547 1390 2604 alio,
1413 2551 1533 2609 quod

344 2626 516 2656 cxxxii.
1377 2625 1399 2659 6
