1871 3162
263 184 347 223 406
685 196 719 223 s.
755 196 984 225 Aucusnm
1017 198 1196 226 nmscom

263 263 392 308 maris
429 273 473 308 et
509 263 671 308 aridam
707 272 865 308 terram
897 263 967 307 vel
999 261 1206 308 nudatam
1239 262 1308 308 vel
1329 262 1557 309 formatam
1583 275 1633 310 ut

261 344 370 379 esset
392 332 567 379 visibilis
588 343 631 378 et
652 334 910 393 composita,
934 333 1256 394 herbarumque
1276 342 1407 394 atque
1428 334 1634 380 arborum

260 407 498 453 materiem.
510 406 719 452 Videmus
735 404 965 449 luminaria
976 403 1144 464 fulgere
1155 403 1356 464 desuper,
1371 403 1505 450 solem
1518 406 1634 450 suffi-

258 496 355 528 cere
369 479 477 535 diei,
495 477 646 522 lunam
660 485 703 520 et
719 474 860 520 stellas
877 474 1089 520 consolari
1105 484 1296 531 noctem,
1317 484 1448 536 atque
1462 476 1528 520 his
1541 491 1638 522 om-

261 551 390 597 nibus
423 548 565 593 notari
596 556 638 591 et
666 545 895 606 significari
926 552 1136 605 tempora.
1173 545 1380 590 Videmus
1409 545 1638 591 humidam

264 633 578 682 usquequaque
601 626 817 672 naturam,
838 614 1027 676 piscibus
1049 624 1092 659 et
1113 614 1269 659 belluis
1290 625 1334 660 et
1362 615 1535 661 alitibus
1551 616 1638 661 foe-

267 693 501 740 cundatam
522 725 533 746 ,
570 688 691 750 quod
720 689 826 733 aeris
856 686 1149 748 corpulentia,
1173 703 1272 747 quae
1296 687 1463 733 volatus
1495 689 1641 734 avium

263 772 423 826 portat,
442 776 653 822 aquarum
671 759 940 804 exhalatione
968 759 1216 804 concrescit.
1236 758 1444 804 Videmus
1460 760 1640 805 terrenis

264 832 522 881 animalibus
541 831 696 876 faciem
717 839 843 874 terrae
865 829 1057 874 decorari
1078 851 1090 888 3
1108 830 1431 890 'hominemque
1454 829 1510 874 ad
1530 831 1643 874 ima-

265 908 408 966 ginem
432 913 474 948 et
495 901 817 948 similitudinem
845 910 961 944 tuam
986 902 1152 945 cunctis
1172 901 1539 946 irrationabilibus
1556 902 1643 946 ani-

264 976 483 1023 mantibus
503 975 594 1034 ipsa
608 983 684 1018 tua
704 972 890 1030 imagine
912 987 960 1016 ac
982 971 1280 1027 similitudine,
1300 972 1384 1016 hoc
1405 982 1468 1016 est
1485 1007 1496 1027 ,
1516 973 1646 1017 ratio-

265 1049 330 1094 nis
353 1057 396 1092 et
412 1045 707 1104 intelligentiae
727 1044 888 1088 virtute
904 1043 1113 1103 praeponi,
1135 1045 1191 1087 Et
1210 1042 1581 1103 quemadmodum
1597 1044 1644 1088 in

267 1122 358 1182 ejus
392 1119 534 1163 anima
556 1116 675 1161 aliud
698 1124 762 1160 est
781 1113 902 1176 quod
937 1113 1207 1159 consulendo
1227 1114 1499 1170 dominatur,
1525 1114 1644 1159 aliud

268 1190 389 1253 quod
409 1188 610 1233 subditur
633 1196 684 1231 ut
705 1187 974 1245 obtemperet
999 1202 1010 1229 :
1034 1185 1092 1229 sic
1114 1185 1206 1229 viro
1227 1183 1383 1229 factam
1407 1200 1496 1230 esse
1516 1186 1645 1229 etiam

269 1259 549 1321 corporaliter
567 1257 789 1302 foeminam
804 1292 815 1311 ‚
835 1271 934 1317 quae
950 1255 1130 1299 haberet
1146 1255 1323 1315 quidem
1345 1256 1390 1299 in
1410 1264 1557 1299 mente
1578 1271 1647 1300 ra-

272 1332 442 1380 tionalis
460 1329 760 1388 intelligentiae
774 1342 921 1387 parem
942 1335 1139 1371 naturam
1153 1347 1164 1383 3
1184 1342 1286 1370 sexu
1301 1335 1443 1370 tamen
1458 1326 1649 1385 corporis

271 1407 331 1460 ita
352 1401 591 1448 masculino
612 1399 728 1444 sexui
752 1398 1034 1459 subjiceretur
1049 1432 1060 1452 ‚
1084 1395 1453 1456 quemadmodum
1475 1396 1650 1458 subjici-

272 1461 385 1531 t'ssitur
403 1471 619 1533 appetitus
636 1469 815 1514 actionis
832 1467 887 1513 ad
905 1466 1231 1527 concipiendam
1244 1466 1298 1510 de
1312 1466 1477 1510 ratione
1493 1467 1649 1511 mentis

273 1554 389 1590 recte
411 1542 564 1601 agendi
593 1539 824 1585 solertiam.
851 1538 1058 1582 Videmus
1074 1537 1168 1582 haec
1190 1545 1233 1581 et
1260 1536 1427 1594 singula
1443 1536 1556 1581 bona
1571 1572 1582 1592 ‚
1607 1545 1650 1581 et

275 1616 420 1664 omnia
439 1615 554 1659 bona
569 1610 710 1657 valde.
