1871 3162
541 215 858 244 confEssloNUM
879 232 890 253 ,
924 216 1008 243 Lm.
1044 217 1123 242 ΧΠ.
1425 205 1502 243 351

134 419 554 436 mmmmmwu

1120 421 1509 438 mmmmm

606 565 823 614 CAPUT
866 567 1023 614 XXV.

128 728 374 775 Adversas
406 745 485 775 eos
526 733 611 789 qai
641 730 847 776 aliorum
885 729 1236 791 interpretandi
1272 733 1509 777 rationem

599 810 772 847 temere
804 800 1038 864 rejiciunt.

185 973 390 1017 XXXIV.
415 975 545 1019 NEMO
579 974 687 1018 mihi
714 975 804 1034 jam
831 975 1040 1020 molestus
1061 975 1116 1020 sit
1148 975 1334 1020 dicendo
1371 976 1476 1019 mihi
1501 994 1509 1018 ;

128 1044 225 1088 Non
239 1044 323 1088 hoc
345 1045 476 1088 sensit
495 1048 666 1102 Moyses
686 1045 807 1105 quod
829 1056 877 1090 tu
895 1045 1026 1103 dicis,
1052 1045 1128 1090 sed
1145 1047 1229 1090 hoe
1246 1046 1376 1090 sensit
1394 1045 1514 1106 quod

127 1128 207 1172 ego
229 1114 342 1159 dico.
371 1115 413 1159 Si
441 1115 557 1159 enim
588 1115 694 1159 mihi
717 1114 879 1160 diceret
913 1135 921 1160 z
954 1117 1080 1160 Unde
1112 1117 1191 1161 scis
1222 1117 1305 1161 hoc
1333 1118 1512 1161 sensisse
1542 1116 1561 1177 i

126 1187 310 1242 Moysen
325 1220 341 1240 ,
366 1185 486 1244 quod
508 1184 562 1228 de
585 1184 650 1228 his
673 1186 815 1229 verbis
838 1186 928 1245 ejus
951 1186 1166 1246 eloqueris
1184 1188 1201 1230 Ρ
1218 1202 1346 1246 aequo
1368 1187 1514 1231 animo

127 1254 242 1299 ferre
273 1253 506 1309 deberem,
540 1264 583 1298 et
619 1255 928 1314 responderem
963 1256 1145 1301 fortasse
1181 1273 1281 1318 quae
1319 1259 1515 1318 superius

129 1323 358 1384 respondi,
399 1323 468 1368 vel
500 1324 725 1384 aliquanto
758 1326 963 1380 uberius,
994 1327 1028 1370 si
1063 1337 1172 1372 esset
1207 1328 1370 1373 durior.
1402 1331 1512 1374 Cum

132 1410 232 1440 vero
260 1394 365 1440 dicit
392 1415 400 1440 :
426 1398 523 1440 Non
555 1396 639 1440 hoc
662 1395 735 1440 ille
766 1397 894 1442 sensit
917 1397 1037 1457 quod
1070 1407 1119 1442 tu
1143 1398 1271 1454 dicis,
1296 1399 1372 1443 sed
1393 1401 1515 1460 quod

128 1479 207 1523 ego
224 1464 345 1523 dico,
360 1481 503 1525 neque
519 1475 665 1509 tamen
684 1475 826 1523 negat,
843 1466 964 1526 quod
977 1476 1162 1527 uterque
1174 1478 1371 1513 nostrum
1389 1469 1512 1525 dicit,

129 1544 366 1596 utrumque
387 1551 539 1580 verum
563 1551 652 1580 esse
680 1555 688 1580 :
715 1552 740 1580 o
762 1537 850 1581 vita
878 1552 1120 1597 pauperum
1149 1542 1263 1583 Deus
1294 1555 1417 1585 meus
1433 1576 1445 1596 ,
1470 1542 1514 1585 in

129 1607 251 1665 cujus
271 1604 369 1650 sinu
391 1622 480 1650 non
509 1616 573 1650 est
599 1605 906 1661 contradictio,
939 1607 1042 1666 plue
1075 1609 1182 1652 mihi
1222 1611 1516 1669 mitigationes

130 1676 174 1720 in
191 1692 265 1721 cor
280 1712 290 1732 ,
313 1687 364 1721 ut
384 1678 598 1736 patienter
622 1677 725 1722 tales
743 1676 878 1722 feram
901 1679 978 1737 qui
1001 1695 1089 1724 non
1112 1681 1219 1724 mihi
1236 1682 1318 1726 hoc
1341 1682 1512 1737 dicunt,

130 1747 233 1806 quia
255 1746 389 1791 divini
423 1758 549 1802 sunt,
577 1757 621 1791 et
655 1749 700 1791 in
733 1747 864 1792 corde
897 1748 1049 1792 famuli
1076 1749 1139 1793 tui
1167 1751 1372 1796 viderunt
1396 1753 1515 1814 quod

131 1816 304 1874 dicunt,
331 1816 406 1862 sed
429 1818 530 1878 quia
551 1818 726 1877 superbi
750 1827 877 1871 sunt,
903 1834 983 1863 nec
1005 1830 1222 1865 noverunt
1253 1823 1395 1880 Moysi
1417 1840 1517 1869 sen-

131 1888 312 1932 tentiam
333 1923 343 1943 ,
369 1888 443 1932 sed
466 1897 614 1932 amant
635 1903 784 1946 suam,
819 1904 908 1934 non
930 1889 1031 1948 quia
1063 1905 1162 1934 vera
1194 1901 1286 1947 est,
1316 1892 1392 1937 sed
1413 1896 1515 1954 quia

133 1973 209 2002 sua
231 1967 310 2002 est.
335 1957 542 2017 Alioquin
573 1967 616 2002 et
647 1958 772 2002 aliam
800 1974 944 2002 veram
971 1960 1127 2018 pariter
1158 1973 1379 2019 amarent,
1404 1966 1516 2010 sicut

136 2044 217 2088 ego
239 2044 336 2073 amo
357 2027 478 2088 quod
511 2028 684 2083 dicunt,
710 2028 888 2088 quando
919 2044 1067 2072 verum
1105 2029 1280 2089 dicunt,
1304 2049 1394 2078 non
1415 2036 1516 2095 quia

136 2099 327 2159 ipsorum
352 2110 436 2154 est,
457 2098 532 2143 sed
549 2099 650 2160 quia
665 2115 816 2143 verum
830 2109 913 2157 est,
939 2108 981 2143 et
995 2100 1092 2144 ideo
1107 2102 1197 2160 jam
1219 2119 1300 2148 nec
1324 2105 1515 2164 ipsorum

135 2179 216 2225 est„
236 2171 336 2231 quia
348 2185 497 2214 verum
512 2179 589 2214 est.
610 2169 653 2214 Si
674 2178 819 2214 autem
833 2169 931 2214 ideo
952 2180 1098 2215 ament
1113 2171 1225 2216 illud
1246 2174 1348 2233 quia
1364 2191 1515 2221 verum
1567 2190 1571 2193 “

136 2249 214 2295 est,
229 2242 318 2301 jam
333 2250 376 2284 et
386 2242 577 2300 ipsorum
591 2248 654 2283 est
668 2249 711 2284 et
730 2255 876 2283 meum
894 2249 955 2284 est
974 2260 983 2285 :
1001 2242 1209 2300 quoniam
1225 2243 1271 2287 in
1285 2260 1518 2291 commune

137 2313 332 2356 omnium
349 2322 412 2357 est
429 2313 618 2356 veritatis
637 2321 893 2355 amatorum.
912 2311 1027 2356 Illud
1043 2322 1188 2357 autem
1202 2315 1321 2374 quod
1335 2328 1518 2363 eonten-

139 2383 251 2428 dunt
268 2399 356 2427 non
389 2384 472 2427 hoo
505 2384 682 2427 sensisse
704 2385 886 2439 Moysen
909 2382 1028 2441 quod
1051 2399 1131 2442 ego
1152 2384 1272 2439 dico,
1299 2387 1375 2432 sed
1398 2390 1519 2449 quod

139 2454 220 2514 ipsi
242 2454 420 2511 dieunt3
445 2453 569 2506 nolo,
595 2468 684 2497 non
707 2468 803 2497 amo
829 2472 836 2497 :
862 2453 964 2512 quia
987 2454 1065 2497 etsi
1087 2455 1143 2498 ita
1167 2464 1244 2510 est,
1271 2466 1416 2503 tamen
1438 2461 1518 2506 ista

140 2527 355 2572 temeritas
375 2541 464 2571 non
486 2525 690 2580 scientiae,
708 2523 782 2569 sed
799 2523 990 2569 audaeiae
1007 2533 1093 2582 est,
1109 2541 1192 2571 nec
1205 2526 1336 2586 visus,
1357 2531 1433 2576 sed
1452 2541 1518 2590 ty·
