1871 3162
229 228 310 265 358
667 237 699 265 s.
735 239 965 267 AUGUSTINI
997 239 1176 267 Emscori

229 305 333 360 fiat3
363 318 443 346 nec
472 304 588 362 prior
625 303 853 347 intervallo
884 303 1106 363 temporis.
1146 306 1300 362 Neque
1331 304 1444 347 enim
1467 304 1609 362 priore

230 383 426 432 tempore
443 389 571 418 sonos
591 373 760 417 edimus
782 371 988 417 informes
1002 371 1102 418 'sine
1124 383 1280 427 cantu,
1307 382 1350 417 et
1371 388 1442 417 eos
1463 383 1607 432 poste-

227 445 339 489 riore
357 453 551 503 tempore
571 444 616 487 in
639 442 823 487 formam
843 443 1000 487 cantici
1016 452 1267 502 coaptamus
1284 452 1359 487 aut
1378 443 1580 501 fingimus
1594 478 1605 498 ,

231 514 342 558 sicut
362 512 477 572 ligna
513 514 674 572 quibus
697 528 822 568 arca,
846 511 917 556 vel
939 521 1167 571 argentum
1190 529 1279 572 quo
1300 511 1523 557 vasculum
1543 512 1612 557 fa-

228 584 434 628 bricatur.
459 583 581 627 Tales
599 583 762 642 quippe
784 583 974 626 materiae
993 592 1189 642 tempore
1214 583 1342 627 etiam
1359 583 1614 642 praecedunt

227 654 387 699 formas
409 669 556 698 rerum
579 669 678 713 quae
699 653 813 697 fiunt
850 669 900 696 ex
919 653 978 697 eis
1001 672 1009 698 :
1037 662 1079 697 at
1114 654 1158 696 in
1179 662 1311 697 cantu
1332 669 1419 697 non
1441 654 1501 698 ita
1528 663 1607 698 est.

231 727 343 770 Cum
369 724 488 767 enim
522 732 721 767 cantatur
736 758 747 778 ‚
783 723 959 767 auditur
980 738 1111 768 sonus
1132 724 1225 783 ejus
1244 744 1255 780 3
1293 738 1382 767 non
1402 723 1521 782 prius
1542 723 1613 766 in-

229 793 427 839 formiter
445 801 586 848 sonat,
602 800 645 836 et
667 791 826 836 deinde
842 786 1056 837 formatur
1076 793 1122 836 in
1141 802 1333 837 cantum.
1352 794 1477 846 Quod
1500 793 1614 837 enim

228 866 368 925 primo
390 873 631 922 utcumque
648 863 867 918 sonuerit,
893 864 1083 922 praeterit
1099 899 1110 918 ,
1130 879 1210 908 nec
1232 880 1283 908 ex
1304 880 1355 908 eo
1373 863 1614 924 quidquam

230 936 417 995 reperies
435 970 446 990 ,
471 933 593 994 quod
614 942 886 993 resumptum
907 944 1000 979 arte
1032 949 1266 994 componas
1293 954 1302 980 z
1327 943 1370 978 et
1389 935 1487 979 ideo
1509 951 1612 980 can-

231 1017 302 1052 tus
337 1007 384 1051 in
417 1021 524 1051 sono
556 1020 635 1050 suo
666 1006 878 1060 vertitur,
902 1006 979 1065 qui
1010 1021 1141 1050 sonus
1163 1007 1280 1067 ejus,
1304 1006 1503 1051 materies
1524 1007 1616 1066 ejus

234 1087 311 1123 est.
340 1076 476 1122 Idem
497 1077 659 1137 quippe
681 1075 896 1121 formatur
925 1085 976 1120 ut
1006 1085 1160 1121 cantus
1189 1077 1243 1122 sit
1263 1097 1274 1134 3
1298 1086 1342 1121 et
1362 1076 1483 1132 ideo,
1507 1076 1618 1121 sicut

235 1148 436 1193 dicebam
453 1183 463 1203 ‚
489 1148 606 1207 prior
639 1147 837 1191 materies
857 1146 1040 1191 sonandi
1062 1162 1192 1207 quam
1219 1146 1357 1192 forma
1378 1146 1582 1191 cantandi
1603 1166 1613 1192 ι

235 1234 323 1264 non
348 1233 426 1278 per
452 1217 643 1263 faciendi
677 1218 913 1276 potentiam
936 1218 1082 1277 prior3
1102 1232 1245 1278 neque
1266 1218 1381 1261 enim
1403 1232 1533 1262 sonus
1553 1226 1618 1262 est

234 1287 440 1334 cantandi
459 1288 613 1332 artifex
627 1323 637 1343 ‚
656 1289 731 1332 sed
749 1288 943 1332 cantanti
963 1288 1119 1332 animae
1136 1288 1330 1348 suhjacet
1347 1303 1397 1331 ex
1418 1302 1614 1347 corpore,

235 1360 292 1403 de
322 1375 410 1419 quo
445 1368 622 1403 cantum
658 1357 803 1403 faciat.
832 1361 920 1404 Nec
943 1368 1139 1419 tempore
1170 1359 1314 1418 prior3
1352 1358 1481 1403 simul
1502 1358 1618 1402 enim

235 1445 334 1475 cum
357 1440 490 1474 cantu
509 1429 666 1475 editur.
702 1432 789 1475 Nec
811 1430 930 1489 prior
952 1429 1190 1487 electione3
1218 1445 1306 1474 non
1335 1430 1450 1473 enim
1472 1429 1617 1488 potior

235 1517 366 1546 sonus
389 1516 518 1560 quam
532 1510 700 1556 cantus,
719 1499 1075 1560 quandoquidem
1094 1509 1246 1544 cantus
1257 1509 1321 1544 est
1341 1515 1431 1544 non
1445 1509 1617 1543 tantum

235 1587 388 1625 sonus,
421 1585 575 1614 verum
606 1572 734 1614 etiam
757 1585 888 1614 sonus
921 1571 1151 1629 speciosus.
1191 1570 1274 1616 Sed
1296 1570 1412 1629 prior
1448 1579 1511 1614 est
1531 1569 1617 1613 ori-

232 1642 360 1701 gine,
393 1641 496 1700 quia
527 1656 618 1684 non
645 1649 796 1685 cantus
814 1640 1027 1684 formatur
1057 1649 1106 1684 ut
1124 1656 1254 1685 sonus
1283 1640 1362 1693 sit,
1392 1639 1467 1683 sed
1485 1654 1617 1684 sonus

233 1712 447 1756 formatur
468 1720 519 1755 ut
541 1721 694 1755 cantus
717 1711 786 1755 sit.
814 1714 907 1755 Hoc
923 1710 1121 1770 exemplo
1144 1711 1222 1771 qui
1243 1719 1385 1770 potest
1405 1709 1618 1768 intelligat

232 1782 458 1826 materiam
476 1790 621 1826 rerum
646 1782 786 1841 primo
822 1780 982 1826 factam
1002 1816 1014 1834 ‚
1040 1790 1083 1825 et
1104 1781 1365 1840 appellatam
1394 1780 1557 1825 coelum
1573 1789 1617 1823 et

232 1863 394 1898 terram
409 1888 421 1908 ‚
446 1854 546 1913 quia
570 1854 671 1897 inde
694 1852 808 1897 facta
829 1862 931 1897 sunt
954 1853 1115 1897 coelum
1148 1862 1191 1897 et
1212 1861 1324 1896 terra
1344 1873 1355 1910 3
1389 1868 1470 1896 nec
1503 1861 1615 1896 tem-

233 1939 339 1984 pore
363 1924 499 1980 primo
527 1922 681 1967 factam
698 1959 709 1977 ,
731 1924 831 1983 quia
858 1922 1009 1968 formae
1030 1938 1174 1966 rerum
1194 1932 1378 1966 exerunt
1391 1932 1584 1981 tempora
1602 1956 1614 1975 ‚

234 1994 308 2038 illa
331 2004 478 2038 autem
500 2003 589 2038 erat
610 1994 823 2048 informis,
836 1996 1014 2053 jamque
1030 1993 1076 2036 in
1094 1993 1362 2051 temporibus
1379 1991 1505 2036 simul
1521 1992 1617 2036 ani-

234 2063 538 2115 madvertitur,
557 2079 637 2108 nec
660 2074 806 2108 tamen
828 2064 882 2107 de
905 2063 977 2107 illa
995 2064 1157 2107 narrari
1175 2062 1337 2123 aliquid
1361 2071 1517 2121 potest,
1537 2063 1616 2106 nisi

236 2134 359 2179 velut
382 2143 574 2193 tempore
597 2136 714 2193 prior
748 2136 801 2178 sit
816 2170 827 2189 ‚
852 2150 951 2178 cum
981 2135 1196 2193 pendatur
1231 2133 1462 2177 extremior
1479 2168 1490 2187 ‚
1515 2134 1618 2192 quia

235 2204 433 2265 profecto
456 2205 633 2249 meliora
662 2214 763 2249 sunt
784 2204 967 2248 formata
989 2219 1119 2264 quam
1141 2202 1365 2257 informia,
1391 2212 1433 2247 et
1457 2218 1618 2262 praece-

237 2275 366 2318 datur
393 2276 633 2319 aeternitate
655 2275 868 2319 Creatoris
886 2309 897 2329 ,
922 2283 971 2318 ut
993 2283 1100 2318 esset
1122 2274 1177 2317 de
1203 2273 1340 2318 nihilo
1355 2309 1366 2329 ,
1391 2273 1510 2318 unde
1540 2273 1618 2317 ali-

238 2345 344 2403 quid
362 2345 501 2389 fieret.
