1871 3162
584 227 899 257 CORFESSIONUM
915 245 926 266 ‚
961 230 1044 256 Lm.
1082 231 1141 256 xi.
1468 222 1545 259 311

175 293 288 353 poris
303 293 436 337 habet
447 293 541 337 haeo
554 291 718 349 syllaba
739 290 795 335 ad
817 290 936 335 illam
969 290 1167 350 simplam
1202 292 1392 337 brevem.
1435 296 1549 339 Dici-

173 379 269 407 mus
286 364 397 418 haec,
417 371 460 407 et
479 361 679 406 audimus
701 363 811 417 haec,
836 371 880 406 et
895 360 1180 421 intelligimur
1197 371 1241 405 et
1252 362 1550 422 intelligimus.

172 434 520 480 Manifestissima
541 442 584 478 et
598 433 872 478 usitatissima
892 442 1016 491 sunt3
1034 442 1079 478 et
1096 434 1249 479 eadem
1263 449 1410 479 rursus
1428 436 1556 482 nimis

173 506 338 560 latent,
360 514 404 550 et
419 520 533 550 nova
553 514 617 550 est
633 505 825 551 inventio
842 519 1009 550 eorum.

176 696 665 714 NVWWWMNQWUMRMNWSNW!

881 695 1559 720 mmmmmmmw

651 852 868 901 CAPUT
911 854 1103 900 XXIII.

639 1016 775 1078 Quid
808 1019 869 1062 sic
891 1027 1089 1078 tempus.

228 1191 392 1234 XXIX.
427 1192 591 1234 Aumw
613 1206 635 1233 a
658 1188 851 1248 quodam
868 1189 1044 1233 homine
1069 1187 1223 1243 docto,
1253 1189 1372 1249 quod
1393 1191 1492 1236 solis
1515 1201 1557 1236 et
1618 1203 1631 1217 ‘¹

169 1261 286 1304 lunae
308 1276 357 1304 ae
375 1259 564 1305 siderum
583 1269 728 1304 motus
743 1294 754 1314 ,
779 1260 870 1319 ipsa
897 1260 982 1303 sint
1004 1268 1223 1318 tempora3
1248 1269 1291 1304 et
1312 1261 1373 1304 nil
1401 1263 1551 1307 annui.

168 1334 257 1376 Cur
279 1331 396 1375 enim
415 1347 504 1375 non
526 1332 670 1390 potius
693 1331 887 1374 omnium
909 1345 1140 1389 corporum
1163 1340 1308 1388 gnotus
1330 1332 1418 1376 sint
1439 1341 1554 1377 tem-

166 1404 300 1460 pora?
321 1405 391 1445 An
412 1416 513 1445 vero
535 1402 569 1445 si
590 1410 802 1445 cessarent
819 1400 918 1445 coeli
933 1400 1116 1456 lumina,
1138 1410 1180 1445 et
1194 1412 1443 1448 moveretur
1459 1413 1553 1449 rota

164 1472 300 1530 figuli,
324 1487 414 1516 non
429 1481 537 1515 esset
551 1481 719 1530 tempus
737 1487 825 1531 quo
842 1471 1094 1516 metiremur
1116 1487 1187 1517 eos
1201 1488 1344 1531 gyros,
1370 1483 1413 1518 et
1431 1475 1550 1520 dice-

168 1557 313 1587 remus
349 1551 424 1586 aut
439 1541 681 1601 aequalibus
717 1540 896 1586 morulis
927 1543 1011 1598 agi,
1052 1551 1128 1586 aut
1163 1543 1198 1586 si
1230 1543 1332 1587 alias
1372 1545 1552 1601 tardius,

167 1614 269 1658 alias
290 1613 482 1658 velocius
504 1622 766 1667 moveretur,
792 1611 896 1657 alios
919 1613 1052 1670 magis
1068 1612 1299 1658 diuturnos
1321 1630 1427 1671 esse,
1448 1616 1553 1661 alios

168 1685 343 1729 minus?
363 1687 453 1728 Aut
474 1699 575 1728 cum
596 1685 680 1728 hoc
710 1682 974 1737 diceremus,
1003 1698 1092 1728 non
1114 1693 1157 1728 et
1179 1700 1258 1729 nos
1287 1686 1332 1730 in
1359 1695 1555 1747 tempore

165 1756 461 1814 loqueremur,
486 1764 562 1799 aut
575 1763 715 1799 essent
731 1754 777 1798 in
794 1753 934 1798 verbis
946 1753 1102 1798 nostris
1115 1753 1209 1798 aliae
1227 1754 1357 1815 longe
1371 1756 1551 1815 syllabae

168 1825 262 1870 aliae
296 1825 464 1880 breves,
500 1825 581 1869 nisi
602 1824 705 1885 quia
726 1824 813 1868 illae
831 1824 1028 1884 longiore
1056 1834 1252 1885 tempore
1279 1829 1552 1886 sonuissent,

167 1896 258 1940 istae
276 1896 489 1941 breviore.
510 1898 624 1940 Deus
647 1895 763 1940 dona
784 1895 1037 1940 hominibus
1053 1895 1201 1941 videre
1223 1897 1268 1942 in
1285 1914 1419 1958 parvo
1436 1915 1553 1944 com·

166 1982 320 2011 munes
336 1967 510 2012 notitias
526 1981 670 2010 rerum
686 1982 917 2025 parvarum
936 1975 1067 2026 atque
1084 1966 1356 2026 magnarum.
1384 1972 1495 2015 Sunt
1509 1981 1553 2016 et

166 2037 306 2081 sidera
326 2046 370 2081 et
390 2037 620 2081 luminaria
636 2034 738 2082 coeli
754 2037 800 2080 in
819 2037 966 2095 signis,
997 2045 1040 2080 et
1061 2037 1107 2080 in
1130 2039 1415 2097 temporibus,
1440 2050 1482 2085 et
1510 2042 1555 2085 in

169 2108 314 2163 annis,
335 2116 378 2151 et
397 2108 443 2151 in
461 2107 616 2152 diebus
638 2110 648 2132 ¹
680 2127 688 2152 :
711 2117 812 2152 sunt
833 2123 950 2163 vero,
976 2108 1052 2152 sed
1074 2123 1154 2153 nec
1172 2125 1254 2168 ego
1270 2110 1452 2156 dixerim
1475 2114 1554 2157 cir-

170 2179 337 2223 cuitum
369 2177 483 2222 illius
517 2178 719 2237 ligneolae
748 2188 854 2223 rotae
885 2178 1001 2224 diem
1028 2194 1135 2236 esse,
1168 2196 1249 2226 nec
1278 2191 1426 2227 tamen
1458 2183 1557 2229 ideo

171 2258 340 2308 tempus
361 2264 451 2294 non
473 2264 561 2293 esse
582 2249 655 2292 ille
675 2249 846 2294 dixerit.

228 2319 369 2362 XXX.
405 2321 499 2378 Ego
522 2319 628 2363 scire
650 2319 780 2378 cupio
796 2320 883 2364 vim
904 2312 1198 2382 naturamque
1220 2323 1442 2382 temporis,
1467 2339 1557 2384 quo

171 2389 377 2433 metimur
393 2404 626 2448 corporum
648 2399 809 2445 motus,
830 2399 875 2434 et
896 2390 1082 2436 dicimus
1105 2391 1230 2435 illum
1255 2401 1442 2449 motum,
1462 2410 1559 2439 ver-

173 2459 213 2501 bi
235 2460 368 2517 gratia
384 2494 395 2514 ,
423 2469 617 2519 tempore
635 2459 770 2519 duplo
794 2476 884 2505 esse
906 2461 1224 2506 diuturniorem
1248 2479 1379 2522 quam
1403 2464 1550 2510 istum.

223 2563 231 2576 ¹
252 2558 330 2587 Gen.
350 2567 370 2595 1,
396 2555 445 2596 14.
