1871 3162
252 178 336 218 254
681 190 712 218 s.
750 190 977 220 AUGUs'nm
1010 193 1190 220 muscum

249 255 344 299 nire
374 269 525 300 omnes
545 255 747 314 njtuntur
772 265 822 301 ut
848 255 1081 313 gaudeant.
1114 260 1219 309 Quae
1246 256 1454 316 quoniam
1477 269 1542 299 res
1563 264 1626 300 est

248 340 380 384 quam
397 340 441 370 sc
457 334 684 384 expertum
702 341 791 371 non
807 341 896 369 esse
917 340 1047 370 nemo
1069 335 1211 385 potest
1227 325 1385 380 dicere,
1399 335 1627 385 propterea

248 404 420 455 reperta
452 395 498 440 in
525 395 733 441 memoria
765 395 1114 455 recognoscitur,
1146 395 1325 457 quando
1352 396 1492 441 beatae
1524 395 1626 441 vitae

247 479 409 512 nomen
430 465 619 511 audjtur.

249 645 1620 665 mmmmmmmmmwwmmmmmm

750 795 964 845 CAPUT
998 798 1163 845 XXH.

633 957 801 1003 Beata
822 959 924 1004 vita
954 975 1060 1019 quae
1089 969 1134 1005 et
1155 958 1250 1005 abi.

314 1127 501 1170 XXXII.
530 1128 683 1182 Ansm,
720 1127 924 1183 Domine,
949 1128 1060 1172 absit
1090 1144 1113 1172 a
1143 1127 1272 1172 corde
1294 1128 1403 1172 servi
1436 1128 1526 1181 tui,
1557 1128 1634 1188 qui

254 1197 489 1240 confitetur
521 1197 599 1241 tibi
631 1217 640 1242 :
672 1198 783 1242 absit
814 1207 864 1242 ut
890 1214 1171 1258 quocumque
1209 1197 1366 1257 gaudio
1391 1197 1630 1256 gaudeam,

251 1265 434 1309 beatum
459 1282 529 1310 me
554 1276 721 1326 putem.
753 1271 830 1312 Est
860 1268 974 1311 enirn
1004 1269 1209 1325 gaudium
1239 1267 1360 1327 quod
1382 1283 1471 1312 non
1507 1267 1634 1311 datur

248 1335 392 1394 impiis
408 1338 442 1390 ยน,
469 1336 544 1380 sed
564 1338 622 1381 cis
646 1337 722 1397 qui
745 1347 788 1381 te
806 1339 935 1396 gratis
958 1338 1124 1392 colunt,
1150 1353 1337 1398 quorum
1361 1337 1567 1397 gaudium
1586 1347 1634 1381 tu

248 1406 341 1465 ipsc
363 1422 422 1450 es.
440 1410 495 1451 Et
517 1407 607 1466 ipsa
627 1418 690 1452 est
709 1410 831 1453 beata
851 1410 936 1452 vita
953 1410 1141 1468 gaudere
1158 1409 1212 1452 ad
1236 1418 1293 1464 te,
1313 1409 1439 1463 dete,
1458 1418 1634 1468 propter

248 1484 316 1534 te3
347 1477 437 1536 ipsa
477 1487 542 1522 est
571 1487 614 1521 et
645 1494 735 1522 non
765 1488 829 1523 est
854 1478 1005 1523 altera.
1036 1480 1119 1532 Qui
1147 1488 1292 1523 autem
1321 1478 1445 1522 aliam
1477 1489 1635 1537 putant

250 1562 341 1591 esse
359 1582 370 1601 ,
396 1547 517 1592 aliud
543 1558 763 1595 sectantur
786 1549 988 1607 gaudium
1009 1585 1019 1604 ,
1046 1566 1189 1610 neque
1206 1550 1345 1609 ipsum
1371 1565 1538 1593 verum.
1565 1550 1632 1593 Ab

248 1618 393 1678 aliqua
424 1628 570 1664 tamen
592 1621 778 1679 imagine
801 1621 946 1680 gaudii
982 1621 1184 1667 voluntas
1207 1637 1358 1667 eorum
1387 1637 1476 1667 non
1507 1637 1631 1665 aver-

248 1697 371 1734 tltur.

299 1801 308 1818 ยน
329 1797 401 1829 Isai.
421 1807 531 1839 xnvur,
551 1805 605 1830 22.
