1871 3162
545 261 599 287 na
629 257 956 289 caucmzmnts
985 260 1181 290 Romans.
1467 253 1551 293 483

957 430 1552 453 wnwummumummwvwmwvwv

181 432 674 452 mmmmm

710 564 926 614 CAPUT
963 567 1033 612 ΙΙ.

179 718 351 766 Sermo
382 734 510 779 saepe
542 718 640 778 quz'·
655 718 875 764 audienti
887 717 1080 779 placet,
1113 716 1336 784 displicet
1356 717 1533 765 dicenti
1544 742 1566 777 ,-

238 788 362 835 uncle
384 788 437 834 id
454 790 717 852 contingat.
746 817 799 823 —
832 790 933 854 Qui
949 805 1218 836 sermonem
1240 788 1415 848 habet,
1432 801 1566 837 curet

236 869 287 904 ut
308 861 411 905 sine
422 857 642 921 fastidio
664 869 710 905 et
731 859 953 906 hilariter
972 858 1119 906 dicat.

233 1018 314 1060 ΙΙΙ.
343 1018 429 1061 San
450 1015 574 1076 quod
596 1016 650 1061 ad
672 1026 794 1062 tuam
819 1017 995 1076 proprie
1018 1016 1407 1062 considerationem
1426 1019 1565 1078 perti-

175 1095 250 1131 net
263 1121 278 1142 ‚
304 1087 441 1131 nolim
463 1096 507 1131 te
529 1088 693 1132 moveri
711 1103 761 1132 ex
781 1103 832 1132 eo
853 1086 976 1147 quod
994 1097 1109 1146 saepe
1137 1087 1219 1132 tibi
1236 1088 1455 1147 abjectum
1473 1104 1565 1134 ser—

175 1171 349 1200 monem
361 1156 723 1218 fastidiosumque
744 1157 904 1201 habere
921 1157 1034 1202 visus
1060 1173 1120 1201 es.
1135 1158 1252 1202 Fieri
1267 1159 1385 1203 enim
1402 1169 1560 1219 potest,

174 1236 225 1271 ut
258 1228 297 1271 ei
331 1242 462 1286 quem
497 1228 740 1272 instruebas
757 1264 768 1284 ,
804 1244 894 1273 non
927 1229 987 1273 ita
1023 1229 1078 1273 sit
1096 1228 1266 1284 visum,
1291 1229 1366 1274 sed
1388 1232 1491 1290 quia
1512 1240 1563 1276 tu

175 1297 343 1357 aliquid
372 1297 525 1342 melius
562 1299 702 1342 audiri
735 1298 1012 1343 desiderabas
1027 1333 1038 1353 ‚
1061 1313 1114 1343 eo
1135 1298 1217 1343 tibi
1246 1299 1367 1359 quod
1388 1299 1562 1346 dicebas

175 1366 397 1411 videretur
418 1366 651 1426 indignum
674 1368 851 1411 auribus
872 1367 1073 1412 aliorum.
1099 1370 1208 1414 Nam
1231 1377 1275 1412 et
1295 1369 1402 1412 mihi
1424 1385 1560 1430 prope

173 1453 345 1497 semper
365 1453 506 1482 sermo
527 1454 649 1483 meus
670 1439 883 1498 displicet.
908 1438 1098 1484 Melioris
1125 1440 1241 1483 enim
1258 1440 1411 1486 avidus
1428 1456 1526 1486 sum
1542 1477 1556 1499 ‚

173 1523 263 1568 quo
284 1523 399 1566 saepe
426 1507 550 1552 fruor
573 1509 754 1552 interius
771 1544 781 1563 ‚
807 1518 1040 1568 antequam
1063 1524 1163 1553 eum
1182 1509 1395 1569 explicare
1416 1512 1560 1560 verbis

172 1577 426 1622 sonantibus
447 1592 622 1636 coepero
643 1597 652 1622 :
670 1578 790 1638 quod
813 1578 889 1622 ubi
912 1579 1056 1622 minus
1072 1595 1206 1638 quam
1223 1580 1331 1624 mihi
1346 1590 1475 1626 notus
1496 1586 1560 1627 est

173 1647 374 1692 evaluero
391 1682 402 1702 ,
440 1648 671 1692 contristor
704 1647 900 1706 linguam
932 1663 1073 1692 meam
1102 1649 1224 1693 cordi
1246 1665 1345 1695 meo
1360 1667 1456 1696 non
1476 1667 1561 1711 po-

173 1718 302 1762 tuisse
323 1718 538 1762 sufficere.
568 1720 727 1762 Totum
748 1718 865 1760 enim
883 1717 1005 1776 quod
1025 1717 1225 1776 intelligo
1241 1753 1254 1773 ‚
1280 1719 1382 1764 volo
1410 1729 1460 1765 ut
1482 1723 1560 1781 qui

171 1803 240 1832 me
276 1787 399 1832 audit
418 1787 659 1846 intelligat3
690 1796 733 1831 et
753 1788 894 1832 sentio
915 1801 984 1830 me
1020 1802 1110 1832 non
1147 1788 1207 1832 ita
1229 1788 1377 1848 loqui,
1400 1800 1452 1835 ut
1472 1792 1556 1836 hoc

170 1859 356 1903 efficiam
377 1877 386 1903 ε
410 1859 595 1903 maxime
615 1858 717 1918 quia
740 1857 814 1902 ille
829 1856 1078 1902 intellectus
1095 1858 1220 1918 quasi
1237 1859 1387 1918 rapida
1405 1875 1557 1905 corus—

171 1929 341 1973 catione
379 1928 609 1987 perfundit
644 1929 839 1972 animum
859 1948 872 1984 3
907 1927 981 1971 illa
1018 1937 1164 1972 autem
1185 1928 1350 1974 locutio
1370 1930 1494 1976 tarda
1515 1941 1559 1976 et

170 1997 301 2055 longa
313 2006 381 2042 est
395 2032 407 2051 ‚
423 1998 643 2056 longeque
665 1996 881 2041 dissimilis
903 2016 913 2040 ε
936 2006 980 2040 et
1000 1995 1107 2040 dum
1128 1997 1207 2042 ista
1232 1998 1444 2055 volvitur,
1466 2001 1558 2059 jam

170 2067 302 2112 seille
323 2068 369 2111 in
389 2077 553 2112 secreta
571 2067 645 2112 sua
669 2067 866 2111 condidit
890 2085 900 2112 ε
927 2076 1075 2111 tamen
1096 2068 1198 2127 quia
1227 2070 1407 2128 vestigia
1436 2087 1558 2131 quae-

171 2135 271 2180 dam
295 2137 406 2182 miro
426 2136 559 2181 modo
580 2137 796 2196 impressit
817 2137 1039 2182 memoriae
1053 2171 1065 2192 ‚
1089 2139 1331 2197 perdurant
1355 2140 1431 2185 illa
1453 2156 1556 2186 cum

171 2207 436 2264 syllabarum
466 2207 673 2265 morulis3
701 2218 831 2268 atque
864 2223 915 2251 ex
947 2208 1107 2252 eisdem
1137 2210 1327 2268 vestigiis
1355 2212 1554 2257 sonantia

171 2277 292 2335 signa
313 2278 575 2336 peragimus,
591 2293 689 2337 quae
702 2278 852 2336 lingua
874 2277 1032 2322 dicitur
1048 2278 1119 2323 vel
1138 2279 1289 2335 latina,
1309 2280 1377 2324 vel
1394 2297 1549 2340 graeca,

170 2347 241 2393 vel
262 2348 452 2403 hebraea,
469 2349 537 2392 vel
559 2348 643 2393 alia
663 2349 870 2408 quaelibet
887 2369 898 2406 3
918 2350 1006 2394 sive
1026 2350 1275 2408 cogitentur
1295 2352 1390 2397 haec
1406 2354 1548 2412 signa,

171 2419 259 2462 sive
285 2419 417 2462 etiam
440 2433 544 2463 voce
559 2418 837 2478 proferantur
852 2439 864 2476 3
883 2434 982 2463 cum
1000 2419 1074 2464 illa
1091 2422 1265 2478 vestigia
1282 2437 1363 2467 nec
1384 2423 1519 2469 latina
1536 2460 1547 2480 ‚

173 2503 252 2532 nec
275 2501 428 2545 graeca,
458 2488 529 2533 vel
547 2489 740 2544 hebraea,
764 2504 843 2533 nec
863 2490 1075 2550 cujusque
1096 2489 1272 2536 alterius
1296 2494 1435 2552 gentis
1464 2496 1549 2539 sint

172 2557 345 2615 propria
359 2592 370 2612 ‚
395 2556 469 2601 sed
491 2558 550 2602 ita
587 2558 831 2603 efficiantur
852 2559 898 2603 in
932 2560 1077 2605 animo
1093 2595 1104 2614 ‚
1135 2570 1185 2605 ut
1206 2562 1353 2608 vultus
1383 2564 1430 2609 in
1449 2578 1547 2608 cor-
