1871 3162
223 260 305 298 322
655 268 688 296 S.
726 269 954 297 Aucus'rlm
989 269 1166 295 EPlscom

229 433 321 447 ἡηιι
333 432 396 446 'naevo
403 433 433 445 xx
441 433 466 445 ιι
474 432 538 445 §tut
547 432 575 445 ιι
582 434 593 444 ι
601 434 608 444 ι
615 432 679 445 sumn
687 431 750 444 vth
757 431 821 444 ιιι.
829 431 893 444 vul:
899 429 1175 445 ιιιῑννιὶνιῑῑνννὶ
1182 425 1597 443 ννἋνὶῦὶ-ΜΜΜΜΜΜ

687 563 902 610 CAPUT
941 564 1123 608 ᾺΧΧΞ.

295 718 548 780 Quomodo
569 719 814 779 cognoscit
835 716 989 769 Dum,
1014 714 1255 773 quomodo
1276 723 1517 758 creatura.

272 866 385 907 XLI.
409 866 584 909 Domine
606 866 716 908 Deus
732 878 855 908 meus
873 899 884 917 ,
910 863 1007 923 quis
1026 862 1099 906 ille
1128 863 1244 906 sinus
1267 869 1330 904 est
1354 859 1429 904 alti
1451 860 1603 904 secreti

213 938 304 991 tui,
330 945 373 980 et
393 951 525 996 quam
539 936 670 994 longe
686 934 789 979 inde
813 950 884 978 me
905 935 1182 993 projecerunt
1198 932 1504 992 consequentia
1523 931 1602 976 de-

213 1007 419 1051 lictorum
436 1022 631 1051 meorum
648 1008 665 1048 ‘?
685 1009 798 1052 Sana
811 1005 960 1050 oculos
977 1020 1095 1049 meos
1107 1040 1117 1059 ‚
1139 1014 1181 1048 et
1198 1003 1496 1062 congaudeam
1516 1002 1604 1046 luci

214 1086 316 1121 tuae.
341 1080 470 1122 Certe
488 1078 523 1121 si
541 1086 604 1121 est
623 1086 712 1120 tam
730 1076 881 1133 grandi
897 1076 1076 1120 scientia
1089 1084 1132 1119 et
1149 1074 1419 1134 praescientia
1435 1072 1605 1131 pollens

218 1148 388 1191 animus
404 1181 415 1201 ‚
435 1147 505 1190 cui
521 1155 678 1191 cuncta
702 1146 920 1205 praeterita
942 1154 985 1189 et
1002 1144 1152 1188 futura
1169 1145 1229 1187 ita
1246 1151 1349 1188 nota
1361 1143 1469 1196 sint,
1494 1143 1607 1187 sicut

219 1219 326 1262 mihi
363 1234 502 1262 unum
537 1219 758 1262 canticum
780 1217 1082 1271 notissimum3
1106 1216 1288 1259 nimium
1312 1213 1518 1258 mirabilis
1540 1223 1606 1258 est

219 1288 389 1332 animus
411 1288 489 1332 iste
505 1323 515 1342 ,
537 1297 668 1348 atque
692 1287 745 1331 ad
768 1288 994 1331 horrorem
1010 1284 1274 1344 stupendus,
1294 1285 1456 1343 quippe
1474 1298 1606 1342 quem

218 1358 277 1402 ita
298 1374 386 1402 non
401 1357 534 1402 lateat
560 1357 778 1418 quidquid
797 1366 1020 1416 peractum
1036 1391 1046 1411 ,
1072 1365 1116 1399 et
1137 1352 1356 1414 quidquid
1388 1352 1606 1413 reliquum

214 1429 473 1473 saeculorum
498 1437 582 1482 est,
615 1427 987 1488 quemadmodum
1009 1442 1078 1470 me
1102 1441 1192 1470 non
1223 1423 1330 1468 latet
1359 1433 1606 1468 cantantem

217 1498 327 1542 illud
345 1499 563 1542 canticum
578 1533 589 1552 ‚
615 1498 723 1558 quid
740 1507 784 1542 et
799 1505 1017 1557 quantum
1038 1498 1130 1556 ejus
1147 1494 1299 1539 abierit
1321 1494 1375 1538 ab
1397 1493 1574 1538 exordio
1591 1528 1602 1548 ‚

214 1567 322 1627 quid
344 1577 386 1612 et
407 1577 622 1627 quantum
646 1576 776 1611 restet
797 1565 852 1610 ad
866 1567 1016 1610 finem.
1036 1566 1120 1610 Sed
1143 1565 1258 1609 absit
1276 1574 1324 1608 ut
1337 1574 1386 1608 tu
1405 1563 1605 1608 conditor

218 1637 527 1691 universitatis,
549 1636 748 1681 conditor
763 1637 1010 1680 animarum
1029 1645 1072 1679 et
1091 1650 1342 1694 corporum,
1359 1634 1469 1678 absit
1484 1634 1606 1688 utita

217 1708 386 1751 noveris
410 1708 554 1751 onmia
574 1705 722 1751 futura
737 1716 779 1750 et
798 1706 1035 1765 praeteritae
1059 1708 1209 1764 Longe
1226 1714 1275 1749 tu
1291 1739 1302 1759 ‚
1321 1703 1451 1761 longe
1471 1704 1605 1747 mira-

218 1778 374 1839 bilius,
393 1777 613 1838 longeque
630 1777 849 1821 secretius.
865 1779 1019 1836 Neque
1036 1777 1153 1820 enim
1173 1777 1287 1820 sicut
1304 1785 1408 1820 nota
1431 1783 1608 1819 cantan-

217 1849 270 1893 tis
290 1883 300 1904 ‚
342 1858 551 1893 notumve
585 1849 803 1893 canticum
838 1847 1076 1902 audientis,
1116 1846 1416 1906 expectatione
1451 1860 1607 1890 vocum

217 1919 466 1963 futurarum
483 1954 493 1973 ‚
515 1928 559 1963 et
588 1918 796 1962 memoria
818 1919 1140 1977 praeteritarum
1171 1918 1361 1963 variatur
1394 1916 1576 1960 affectus
1591 1949 1603 1970 ,

217 2005 451 2050 sensusque
473 1989 736 2034 distenditur
753 2024 764 2042 ‚
789 1989 847 2031 ita
886 1988 965 2031 tibi
988 1988 1154 2046 aliquid
1177 1986 1334 2031 accidit
1358 1987 1604 2030 incommu-

216 2060 407 2104 tabiliter
425 2069 588 2103 aeterno
609 2094 619 2113 ‚
642 2060 723 2102 hoc
746 2067 811 2102 est
830 2093 841 2113 ‚
861 2073 959 2102 vere
981 2066 1146 2100 aeterno
1166 2057 1348 2101 creatori
1373 2057 1602 2100 mentium.

221 2132 340 2176 Sicut
357 2146 459 2189 ergo
474 2130 586 2174 nosti
603 2130 648 2172 in
659 2129 870 2188 principio
885 2127 1047 2172 coelum
1060 2136 1103 2170 et
1121 2137 1279 2171 terram
1291 2128 1381 2171 sine
1399 2127 1606 2171 varietate

220 2202 386 2245 notitiae
409 2210 495 2244 tuae
509 2236 519 2256 ,
545 2201 604 2244 ita
626 2199 764 2244 fecisti
787 2200 833 2243 in
854 2199 1065 2258 principio
1088 2197 1250 2242 coelum
1269 2207 1312 2241 et
1334 2208 1492 2241 terram
1515 2198 1606 2241 sine

223 2271 482 2315 distentione
514 2270 693 2315 actionis
722 2279 823 2313 tuae.
850 2269 935 2322 Qui
956 2267 1181 2327 intelligit,
1216 2268 1474 2313 confiteatur
1498 2268 1602 2326 tibi3

225 2351 267 2384 et
283 2343 357 2401 qui
382 2359 468 2386 nan
490 2341 711 2398 intefligm
738 2341 997 2384 confiteatur
1017 2339 1108 2382 tibi.
1128 2341 1164 2383 Ο
1183 2355 1314 2398 quam
1337 2338 1524 2383 excelsus
1543 2355 1601 2393 es,

225 2422 266 2455 et
286 2413 468 2456 humum
493 2411 621 2456 corde
643 2422 743 2455 sunt
766 2416 919 2455 domus
945 2411 1036 2454 tua!
1064 2413 1129 2453 Tu
1148 2410 1260 2453 enim
1286 2410 1408 2467 erigis
1432 2409 1602 2465 elisos¹‚

225 2492 265 2526 et
292 2499 375 2525 non
400 2484 584 2537 cadunt,
610 2498 798 2541 quorum
818 2480 1029 2525 celsitudo
1045 2490 1092 2524 tu
1113 2496 1170 2524 es.

270 2581 276 2596 ²
301 2578 381 2609 Psal.
407 2589 499 2618 cxhv,
518 2578 549 2609 8.
