1871 3162
242 206 325 243 320
668 219 699 245 s.
737 216 967 245 Aucusnm
1000 218 1179 246 EPISCOPI

241 281 329 324 nita
348 281 562 324 transierit
584 281 628 324 in
651 282 921 327 memoriam.
945 284 1000 326 Et
1014 283 1133 342 quod
1152 283 1197 326 in
1215 291 1307 326 toto
1321 282 1512 337 cantico,
1538 283 1620 327 hoc

239 350 284 394 in
306 351 484 409 singulis
523 352 744 410 particulis
780 354 870 411 ejus
894 353 967 407 fit,
1008 362 1138 412 atque
1160 353 1204 396 in
1233 352 1411 412 singulis
1445 352 1621 410 syllabis

239 422 350 479 ejus3
365 422 447 466 hoc
465 424 508 466 in
527 424 696 467 actione
717 422 915 481 longiore
930 457 941 477 ,
967 424 1088 481 cujus
1111 423 1223 467 forte
1246 422 1458 482 particula
1481 432 1544 466 est
1565 422 1622 465 il-

236 490 315 534 lud
337 492 577 550 canticum3
600 493 684 537 hoc
705 493 749 535 in
767 502 857 536 tota
880 493 966 537 vita
986 493 1194 548 hominis,
1216 495 1337 552 cujus
1356 502 1499 551 partes
1521 501 1623 536 sunt

238 576 386 606 omnes
409 563 598 606 actiones
620 562 835 621 hominis3
860 563 942 607 hoc
965 563 1010 606 in
1032 572 1124 607 toto
1145 562 1303 607 saeculo
1326 562 1519 607 filiorum
1541 563 1622 607 ho-

237 631 405 676 minum
418 667 429 689 ,
453 634 574 693 cujus
591 643 733 693 partes
753 642 856 678 sunt
875 648 1025 679 omnes
1046 634 1146 678 vitae
1168 634 1415 679 hominum.

237 799 305 815 ΛΑΜ
313 800 381 815 Νυνὶ
387 799 1623 818 ΜΜΜΝΙΝΙΝῚΜΜΜΜΛΝἏΝΝᾺΛΑΜΜΜΜΜΜΊΜΜΛΝἎΜΜΜ

712 934 928 980 CAPUT
978 935 1064 979 XX
1079 936 1162 981 151..

269 1086 333 1131 Se
360 1089 406 1130 in
427 1086 713 1146 temporalia
744 1085 1002 1131 distentam
1024 1087 1154 1146 cupit
1176 1088 1223 1131 in
1244 1087 1402 1132 Deum
1422 1086 1594 1148 colligi.

297 1250 505 1292 XXXIX.
526 1251 610 1293 SED
629 1249 834 1308 quoniam
852 1248 1005 1292 melior
1023 1258 1085 1292 est
1101 1249 1394 1292 misericordia
1410 1258 1481 1291 tua
1499 1263 1627 1306 super

238 1317 346 1361 vitas
366 1322 401 1372 ¹,
427 1334 526 1362 ecce
548 1317 755 1362 distentio
778 1328 841 1362 est
863 1319 949 1361 vita
974 1334 1063 1361 mea
1078 1354 1088 1373 ‚
1108 1328 1150 1362 et
1168 1334 1235 1362 me
1250 1320 1438 1377 suscepit
1455 1318 1628 1361 dextera

241 1398 312 1432 tua
327 1389 371 1431 in
396 1389 579 1433 Domino
595 1404 692 1433 meo
712 1389 950 1433 mediatore
964 1388 1074 1433 Filio
1091 1389 1278 1433 hominis
1298 1390 1410 1432 inter
1435 1398 1474 1432 te
1491 1403 1628 1431 unum

238 1468 280 1502 et
290 1475 368 1503 nos
381 1459 559 1513 multos,
576 1460 622 1503 in
637 1459 784 1502 multis
794 1475 870 1518 per
883 1459 1036 1513 multa,
1050 1468 1099 1502 ut
1110 1474 1294 1517 pereum
1306 1457 1628 1517 apprehendam

238 1529 282 1571 in
304 1544 392 1588 quo
413 1538 454 1572 et
476 1530 772 1587 apprehensus
794 1543 887 1570 sum
903 1562 913 1578 ‚
937 1538 978 1569 et
994 1544 1015 1570 a
1029 1528 1248 1570 veteribus
1272 1528 1424 1570 diebus
1447 1526 1628 1585 colligar

237 1613 422 1657 sequens
436 1613 574 1641 unum
587 1632 597 1651 ‚
616 1598 832 1656 praeterita
848 1597 1033 1652 oblitus·7
1059 1613 1147 1640 non
1170 1597 1215 1639 in
1233 1613 1281 1640 ea
1302 1613 1400 1655 quae
1422 1595 1569 1640 futura
1588 1606 1630 1640 et

238 1669 473 1712 transitura
496 1677 623 1721 sunt,
660 1667 735 1710 sed
759 1667 801 1709 in
824 1682 871 1709 ea
895 1682 994 1725 quae
1017 1676 1116 1710 ante
1134 1676 1255 1721 sunt,
1278 1683 1367 1711 non
1391 1668 1626 1722 distentus,

238 1737 315 1782 sed
337 1747 558 1795 extentu33
579 1753 667 1781 non
685 1737 928 1781 secundum
947 1735 1254 1781 distentionem
1268 1771 1278 1791 ‚
1298 1736 1373 1780 sed
1388 1737 1628 1781 secundum

241 1809 529 1853 intentionem
553 1823 711 1867 sequor
730 1808 783 1851 ad
810 1807 996 1866 palmam
1021 1823 1220 1866 supernae
1242 1808 1480 1852 vocationis
1493 1812 1531 1863 ²,
1555 1808 1630 1852 ubi

241 1878 417 1923 audiam
442 1894 593 1924 vocem
619 1879 759 1922 laudis
785 1888 900 1932 tuae,
931 1887 974 1921 et
995 1878 1265 1937 contempler
1297 1877 1629 1923 delectationem

242 1960 363 1995 tuam
379 1986 389 2005 ,
411 1966 490 1994 nec
511 1944 759 1994 venientem
771 1984 782 2003 ,
799 1964 878 1992 nec
895 1958 1246 2008 praetereuntem.
1266 1953 1391 1995 Nunc
1407 1965 1510 1994 vero
1529 1950 1630 1993 anni

241 2022 326 2065 mei
350 2022 396 2064 in
419 2020 663 2079 gemitibus.
696 2023 752 2064 Et
775 2029 822 2063 tu
845 2020 1045 2064 solatium
1070 2035 1215 2064 meum
1234 2055 1243 2073 ‚
1274 2021 1458 2064 Domine
1473 2055 1483 2073 ‚
1509 2029 1630 2078 pater

241 2107 363 2135 meus
386 2100 574 2135 aeternus
596 2107 638 2134 es
665 2110 673 2134 :
698 2100 742 2134 at
764 2106 844 2148 ego
861 2091 904 2133 in
928 2100 1122 2148 tempora
1143 2089 1331 2143 dissilui,
1357 2105 1543 2148 quorum
1561 2105 1631 2134 or-

243 2163 390 2206 dinem
411 2163 578 2219 nesci03
603 2171 646 2205 et
671 2160 948 2205 tumultuosis
972 2160 1247 2204 varietatibus
1271 2159 1536 2205 dilaniantur
1557 2176 1631 2205 co-

244 2233 471 2291 gitationes
495 2247 603 2275 meae
619 2265 630 2285 ‚
657 2231 807 2274 intima
831 2229 991 2273 viscera
1013 2230 1168 2273 animae
1194 2245 1301 2273 meae
1318 2265 1329 2284 ‚
1361 2229 1500 2275 donec
1521 2231 1566 2274 in
1591 2240 1629 2275 te

192 2297 193 2301 ¹
244 2303 464 2346 confluam
485 2311 694 2361 purgatus
717 2309 760 2343 et
782 2298 972 2359 liquidus
989 2299 1089 2358 igne
1111 2300 1266 2344 amoris
1292 2301 1370 2344 tui.

293 2407 300 2422 ¹
321 2400 405 2433 Psal.
420 2410 495 2441 Liui,
511 2399 543 2440 4.
564 2415 605 2422 —
628 2405 640 2421 ²
657 2398 770 2440 Philip.
791 2408 841 2438 111,
862 2398 914 2438 13,
933 2395 984 2438 14.
