1871 3162
304 188 357 224 50
739 195 773 225 S.
809 196 1040 226 Aucusnffl
1073 198 1253 224 Emscom

299 262 399 316 bar,
423 270 468 305 et
482 260 710 319 ardebam3
735 270 780 307 et
799 262 883 306 hoc
907 262 1047 306 solum
1064 276 1134 305 me
1155 261 1202 305 in
1223 269 1342 305 tanta
1363 261 1591 320 flagrantia
1612 276 1682 305 re-

296 329 546 389 frangebat,
561 330 681 390 quod
697 347 858 376 nomen
875 332 1035 376 Christi
1051 346 1142 375 non
1160 339 1252 375 erat
1265 331 1342 374 ibi.
1362 332 1574 384 Quoniam
1597 332 1682 376 hoc

296 416 458 446 nomen
479 400 720 446 secundum
742 401 1079 446 misericordiam
1102 410 1240 456 tuam,
1264 401 1463 457 Domine,
1487 402 1571 446 hoc
1598 417 1682 446 no-

294 485 397 515 men
419 470 649 517 Salvatoris
675 471 761 516 mei
781 470 881 515 Filii
908 472 996 527 tui,
1021 471 1069 515 in
1095 471 1189 530 ipso
1210 470 1354 515 adhuc
1374 471 1486 515 lacte
1506 472 1680 534 matris,

292 549 492 586 tenerum
514 558 589 587 cor
606 557 754 586 meum
776 541 1055 602 praebiberat,
1071 550 1114 586 et
1131 541 1217 586 alte
1239 542 1469 597 retinebat,
1487 551 1531 586 et
1545 542 1678 602 quid-

288 611 397 671 quid
416 612 507 657 sine
523 614 606 657 hoc
628 612 804 657 nomine
819 611 985 668 fuisset,
1004 612 1200 672 quamvis
1217 611 1460 657 litteratum
1481 621 1526 656 et
1546 627 1679 671 expo-

293 679 422 726 litum
442 691 486 727 et
506 681 771 738 veridicum,
797 698 888 727 non
908 698 978 727 me
998 691 1141 727 totum
1163 681 1373 742 rapiebat.

290 850 1139 868 ΛΛΜΜΛΝἋΜΜΜΜΜΜΜΜΜΜΜΜΜ
1142 851 1676 869 mmmmmwuwuwuwuw

827 980 1048 1030 CAPUT
1099 983 1159 1030 V.

287 1136 340 1182 F
337 1134 520 1181 astidiz't
540 1151 711 1181 sacras
725 1134 933 1181 Litteras
950 1145 1152 1196 propter
1168 1134 1527 1195 simplicitatem
1548 1135 1673 1197 styli.

350 1298 428 1340 IX.
456 1297 620 1349 ITAQUE
660 1293 828 1338 institui
855 1293 1052 1338 animum
1091 1294 1319 1338 intendere
1359 1294 1405 1337 in
1436 1294 1678 1354 Scripturas

286 1374 474 1420 sanctas,
500 1373 551 1408 ut
571 1363 766 1409 viderem
787 1363 939 1424 quales
955 1373 1110 1408 essent.
1138 1367 1194 1408 Et
1213 1380 1312 1408 ecce
1333 1363 1461 1409 video
1480 1379 1570 1408 rem
1589 1380 1679 1409 non

285 1444 552 1495 compertam
572 1433 790 1493 superbis,
815 1448 959 1493 neque
979 1433 1191 1478 nudatam
1220 1435 1391 1493 pueris;
1412 1434 1488 1478 sed
1508 1435 1678 1479 incessu

285 1505 519 1559 humilem,
561 1519 761 1549 successu
802 1503 1012 1549 excelsam
1040 1514 1084 1549 et
1119 1504 1305 1549 velatam
1341 1505 1556 1562 mysteriis
1593 1524 1602 1549 2
1634 1513 1679 1550 et

286 1591 377 1621 non
398 1590 516 1619 eram
552 1590 633 1634 ego
656 1574 750 1619 talis
771 1583 820 1619 ut
855 1576 1016 1619 intrare
1037 1575 1083 1618 in
1105 1589 1201 1618 eam
1225 1589 1414 1633 possem,
1440 1583 1517 1618 aut
1550 1574 1677 1619 incli-

287 1662 391 1692 nare
412 1647 622 1691 cervicem
643 1645 699 1689 ad
722 1647 813 1706 ejus
836 1661 1018 1704 gressus.
1054 1648 1153 1691 Non
1184 1646 1301 1689 enim
1323 1646 1436 1690 sicut
1456 1645 1588 1690 modo
1610 1645 1678 1690 lo-

288 1734 415 1779 quor,
432 1718 491 1762 ita
508 1718 621 1762 sensi
641 1732 742 1762 cum
764 1717 931 1761 attendi
948 1716 1004 1760 ad
1024 1715 1142 1761 illam
1169 1717 1434 1776 Scripturam
1456 1736 1464 1762 :
1491 1717 1567 1761 sed
1589 1717 1677 1761 visa

288 1799 353 1835 est
385 1790 493 1834 mihi
526 1788 705 1848 indigna
726 1804 859 1849 quam
885 1788 1096 1833 Tullianae
1128 1788 1329 1846 dignitati
1359 1804 1672 1848 compararem.

291 1864 453 1906 Tumor
474 1860 591 1904 enim
608 1875 730 1904 meus
762 1858 1004 1918 refugiebat
1034 1859 1216 1904 modum
1249 1860 1362 1918 ejus3
1382 1868 1426 1903 et
1447 1860 1557 1903 acies
1579 1874 1676 1904 mea

289 1947 378 1977 non
400 1929 658 1991 penetrabat
673 1929 878 1974 interiora
900 1930 1007 1989 ejus.
1035 1931 1350 1973 Verumtamen
1368 1929 1441 1973 illa
1464 1938 1555 1973 erat
1575 1945 1676 1989 quae

289 2010 500 2048 cresceret
516 2015 617 2045 cum
633 1999 848 2060 parvulis:
867 1998 942 2044 sed
960 2013 1039 2058 ego
1054 1998 1323 2057 dedignabar
1343 2014 1433 2044 esse
1452 1998 1673 2058 parvulus,

291 2082 335 2118 et
355 2070 555 2132 turgidus
576 2070 692 2116 fastu
709 2070 816 2114 mihi
837 2069 1011 2129 grandis
1032 2069 1229 2114 videbar.
