1871 3162
572 273 923 313 coNFEssloNUM,
959 276 1040 301 ΠΒ.
1077 275 1136 301 v1.
1436 264 1514 301 121

155 343 356 402 gentibus
374 339 628 384 auctoritate
647 338 867 396 fundasti,
892 337 966 382 sed
983 338 1060 397 qui
1074 352 1165 381 non
1195 335 1422 380 crederent
1448 351 1537 380 esse

154 411 393 471 culpandos
410 431 421 468 3
441 425 520 454 nec
540 408 777 453 audiendos
793 423 898 463 esse,
919 409 953 452 si
969 407 1045 467 qui
1062 405 1173 450 forte
1189 406 1297 449 mihi
1312 405 1533 450 dicerent:

155 482 280 527 Unde
297 481 375 525 scis
397 479 493 524 illos
514 479 646 523 libros
668 479 797 522 unius
825 479 915 521 veri
937 487 979 521 et
1001 476 1259 520 veracissimi
1273 475 1349 519 Dei
1373 475 1529 533 spiritu

154 566 243 595 esse
266 552 460 594 humano
482 549 627 608 generi
646 548 933 592 ministratos?
966 545 1160 605 Idipsum
1201 545 1316 588 enim
1351 545 1538 588 maxime

154 619 422 665 credendum
457 627 565 671 erat,
600 618 806 678 quoniam
835 615 955 661 nulla
975 615 1228 675 pugnacitas
1250 614 1539 659 calumniosa-

153 705 252 734 rum
279 689 569 749 quaestionum
600 703 676 747 per
705 696 795 732 tam
830 685 968 730 multa
1001 701 1101 745 quae
1132 685 1323 743 legeram
1352 685 1464 728 inter
1496 698 1540 728 se

155 759 485 819 confligentium
506 758 867 818 philosophorum
889 766 1148 817 extorquere
1164 755 1272 799 mihi
1294 755 1459 815 potuit,
1491 763 1542 800 ut

153 829 387 890 aliquando
408 844 499 874 non
521 828 740 873 crederem
765 837 808 872 te
831 842 921 872 esse
943 824 1159 887 quidquid
1178 840 1289 869 esses
1308 824 1430 885 quod
1460 840 1541 883 ego

151 901 378 956 nescirem,
404 909 480 945 aut
501 899 917 945 administrationem
936 913 1083 942 rerum
1104 898 1398 942 humanarum
1418 895 1474 940 ad
1496 904 1539 940 te

153 971 386 1032 pertinere.

210 1044 335 1086 VIII.
373 1039 457 1086 Sed
473 1039 520 1084 id
538 1039 771 1085 credebam
788 1039 1024 1100 aliquando
1040 1038 1277 1091 robustius,
1304 1036 1544 1096 aliquando

152 1110 331 1168 exilius3
362 1124 530 1168 semper
550 1118 699 1153 tamen
717 1107 881 1152 credidi
904 1117 947 1151 et
971 1122 1061 1150 esse
1082 1116 1141 1161 te,
1167 1115 1210 1149 et
1230 1119 1380 1150 curam
1403 1106 1542 1149 nostri

152 1195 327 1241 gerere,
352 1180 482 1224 etiam
501 1179 535 1223 si
555 1178 808 1236 ignorabam
832 1177 902 1221 vel
918 1176 1027 1236 quid
1057 1176 1334 1220 sentiendum
1356 1184 1466 1219 esset
1488 1174 1543 1219 de

150 1251 390 1296 substantia
415 1259 507 1305 tua,
540 1249 610 1293 vel
646 1264 745 1309 quae
764 1248 833 1292 via
855 1248 1034 1292 duceret
1060 1255 1136 1291 aut
1156 1246 1384 1291 reduceret
1401 1247 1457 1292 ad
1479 1255 1537 1290 te.

150 1322 344 1381 Ideoque
365 1335 466 1365 cum
486 1334 674 1364 essemus
696 1319 857 1363 infirmi
879 1319 934 1363 ad
957 1317 1263 1363 inveniendam
1285 1317 1453 1377 liquida
1470 1332 1542 1361 ra-

149 1392 267 1436 tione
300 1391 542 1444 veritatem,
579 1398 621 1433 et
656 1390 713 1433 ob
742 1390 826 1433 hoc
858 1388 983 1433 nobis
1015 1403 1124 1447 opus
1145 1396 1255 1432 esset
1284 1388 1541 1432 auctoritate

150 1470 395 1506 sanctarum
414 1460 692 1514 Litterarum,
712 1460 802 1519 jam
824 1458 998 1502 credere
1018 1473 1236 1518 coeperam
1258 1457 1381 1502 nullo
1409 1457 1541 1502 modo

148 1540 191 1575 te
213 1531 343 1575 fuisse
366 1530 635 1574 tributurum
666 1538 755 1573 tam
787 1527 1068 1573 excellentem
1102 1527 1166 1572 illi
1192 1529 1426 1587 Scripturae
1463 1543 1541 1586 per

150 1616 298 1646 omnes
316 1602 405 1660 jam
422 1609 557 1644 terras
574 1600 893 1654 auctoritatem,
911 1599 993 1643 nisi
1015 1608 1057 1643 et
1075 1614 1151 1658 per
1167 1599 1304 1657 ipsam
1322 1598 1402 1642 tibi
1419 1599 1538 1642 credi

155 1681 198 1716 et
227 1687 304 1731 per
325 1673 463 1731 ipsam
486 1681 529 1715 te
557 1671 693 1732 quaeri
714 1670 936 1716 voluisses.
963 1673 1058 1714 Jam
1091 1670 1205 1713 enim
1228 1669 1541 1713 absurditatem

149 1757 248 1802 quae
277 1757 346 1785 me
368 1742 414 1785 in
442 1741 525 1786 illis
544 1741 716 1785 Litteris
740 1741 908 1786 solebat
929 1740 1169 1795 offendere,
1195 1755 1296 1784 cum
1317 1740 1456 1784 multa
1491 1756 1541 1784 ex

148 1812 207 1856 eis
241 1812 522 1871 probabiliter
562 1812 756 1870 exposita
791 1812 1004 1855 audissem
1023 1845 1033 1865 ‚
1076 1810 1132 1854 ad
1171 1820 1540 1856 sacramentorum

149 1882 424 1926 altitudinem
456 1880 729 1925 referebam:
754 1896 894 1940 eoque
926 1881 1032 1925 mihi
1063 1879 1138 1924 illa
1173 1880 1462 1925 venerabilior
1496 1890 1540 1925 et

149 1960 417 1996 sacrosancta
441 1949 527 1993 fide
549 1949 720 2008 dignior
736 1951 975 2010 apparebat
994 1951 1242 2005 auctoritas,
1273 1967 1360 2010 quo
1383 1961 1426 1994 et
1443 1966 1539 1995 om-

148 2023 277 2066 nibus
297 2021 351 2066 ad
372 2020 607 2079 legendum
625 2030 734 2064 esset
754 2022 800 2064 in
822 2030 1044 2079 promptu,
1070 2030 1113 2065 et
1131 2021 1282 2065 secreti
1304 2022 1371 2066 sui
1394 2021 1540 2080 digni-

149 2101 282 2137 tatem
304 2092 349 2135 in
368 2090 593 2135 intellectu
617 2090 902 2150 profundiore
925 2100 1130 2141 servaret,
1156 2091 1298 2135 verbis
1321 2092 1536 2150 apertissi-

151 2162 230 2205 mis
247 2170 290 2205 et
310 2161 557 2204 humillimo
580 2175 733 2218 genere
762 2160 972 2220 loquendi
994 2176 1034 2204 se
1065 2161 1231 2205 cunctis
1254 2162 1470 2219 praebens,
1497 2170 1540 2205 et

152 2245 354 2275 exercens
388 2230 675 2274 intentionem
708 2245 878 2285 eorum,
903 2231 979 2290 qui
1001 2246 1089 2274 non
1115 2239 1216 2274 sunt
1238 2230 1353 2275 leves
1377 2232 1508 2276 corde
1528 2251 1538 2277 ;

150 2311 200 2346 ut
217 2302 429 2360 exciperet
444 2317 592 2345 omnes
609 2302 810 2361 populari
827 2302 940 2356 sinu,
962 2310 1004 2346 et
1023 2317 1098 2361 per
1120 2311 1301 2361 angusta
1323 2301 1540 2349 foramina

151 2387 310 2431 paucos
327 2371 382 2415 ad
402 2380 445 2415 te
466 2372 694 2431 trajiceret,
720 2371 860 2415 multo
883 2381 1029 2416 tamen
1051 2372 1213 2430 plures,
1242 2388 1374 2431 quam
1394 2374 1428 2416 si
1458 2389 1540 2418 nec

152 2450 273 2486 tanto
288 2441 407 2500 apice
419 2441 683 2485 auctoritatis
697 2442 923 2496 emineret,
938 2456 1017 2485 nec
1034 2442 1183 2485 turbas
1199 2442 1362 2500 gremio
1377 2452 1539 2487 sanctae

151 2511 404 2557 humilitatis
424 2511 630 2557 hauriret.
651 2512 907 2570 Cogitabam
928 2512 1036 2566 haec,
1057 2520 1100 2555 et
1120 2512 1270 2557 aderas
1286 2513 1394 2558 mihi
1411 2533 1422 2568 3
1442 2529 1537 2558 sus-
