1871 3162
584 218 928 254 CONFESSIONUM,
965 218 1046 243 Lus.
1084 218 1125 243 x.
1465 205 1547 245 255

178 377 491 396 mmmmm
495 377 915 397 mmmmm
920 375 1551 394 wwwwmmwwwwummmmm

640 507 855 557 CAPUT
892 509 1084 556 XXIII.

290 665 418 711 Item
434 665 741 725 prosequitur
761 681 867 725 quae
888 666 949 711 sit
972 663 1117 710 beata
1141 664 1242 711 vita
1270 673 1317 709 et
1337 661 1434 709 ubi.

231 825 441 869 XXXIII.
469 826 565 870 Nom
586 840 688 884 ergo
710 833 879 869 certum
901 833 965 869 est
997 822 1118 884 quod
1148 838 1298 869 omnes
1322 839 1412 869 esse
1441 823 1556 869 beati

173 892 356 950 volunt,
390 895 599 955 quoniam
631 895 707 955 qui
741 910 830 939 non
867 893 921 938 de
942 903 985 938 te
1020 893 1208 954 gaudere
1236 894 1418 950 volunt,
1456 910 1556 954 qua:

173 964 262 1009 sola
283 965 370 1010 vita
394 965 520 1010 beata
540 974 628 1020 est,
658 981 748 1010 non
766 965 920 1025 utique
936 965 1071 1009 vitam
1093 965 1264 1009 beatam
1286 963 1458 1009 volunt.
1487 968 1556 1009 An

174 1050 323 1080 omnes
345 1036 430 1080 hoc
451 1035 637 1080 volunt?
656 1037 741 1081 Sed
761 1036 967 1096 quoniam
991 1051 1089 1080 caro
1113 1036 1381 1094 concupiscit
1400 1036 1556 1079 adver-

172 1120 243 1149 sus
265 1105 486 1165 spiritum,
513 1115 556 1150 et
583 1106 757 1165 spiritus
775 1106 979 1150 adversus
1009 1121 1181 1149 carnem
1206 1114 1255 1148 ut
1282 1121 1372 1149 non
1394 1103 1557 1148 saciant

172 1175 293 1235 quod
315 1175 470 1220 volunt
487 1179 523 1231 1,
544 1175 706 1220 cadunt
727 1176 773 1220 in
795 1176 841 1220 id
861 1176 980 1236 quod
1003 1176 1150 1221 valent
1164 1211 1175 1232 ,
1200 1192 1338 1236 eoque
1361 1176 1556 1221 contenti

171 1255 274 1290 sunt
294 1265 303 1290 ε
335 1247 438 1305 quia
460 1245 570 1290 illud
597 1247 717 1306 quod
739 1261 828 1290 non
848 1246 995 1291 valent
1010 1281 1021 1299 ‚
1054 1262 1144 1291 non
1178 1256 1348 1291 tantum
1371 1247 1526 1291 volunt
1541 1281 1552 1301 ‚

171 1325 386 1375 quantum
427 1325 492 1359 sat
528 1324 591 1360 est
620 1324 670 1359 ut
705 1315 893 1360 valeant.
934 1319 1041 1361 Nam
1079 1332 1228 1375 quaero
1261 1317 1316 1361 ab
1352 1316 1556 1361 omnibus

172 1395 319 1430 utrum
337 1384 491 1429 malint
513 1385 569 1429 de
589 1386 768 1430 veritate
790 1401 921 1445 quam
941 1386 995 1430 de
1018 1385 1205 1431 falsitate
1227 1386 1417 1444 gaudere
1436 1406 1445 1431 :
1467 1397 1555 1431 tam

171 1471 258 1499 non
281 1454 486 1499 dubitant
504 1454 646 1499 dicere
675 1455 729 1499 de
750 1456 930 1500 veritate
951 1472 995 1499 se
1023 1455 1152 1500 malle
1169 1491 1180 1510 ‚
1201 1472 1332 1515 quam
1355 1472 1442 1500 non
1467 1456 1552 1501 du-

170 1525 313 1570 bitant
343 1525 484 1570 dicere
506 1525 654 1570 beatos
681 1540 771 1568 esse
799 1540 844 1569 se
873 1524 998 1569 velle.
1030 1528 1161 1569 Beata
1185 1527 1348 1584 quippe
1377 1528 1464 1571 vita
1492 1537 1556 1571 est

172 1595 378 1654 gaudium
413 1597 467 1640 de
489 1595 683 1641 veritate.
711 1598 804 1639 Hoc
840 1605 904 1639 est
932 1596 1049 1638 enim
1082 1595 1292 1654 gaudium
1326 1596 1380 1640 de
1403 1606 1445 1640 te
1478 1597 1553 1656 qui
1616 1596 1623 1600 ’

170 1667 325 1711 veritas
346 1670 441 1722 es2,
461 1669 573 1710 Deus
590 1665 853 1710 illuminatio
873 1680 984 1720 mea,
1006 1664 1121 1709 salus
1143 1666 1270 1710 faciei
1292 1681 1415 1721 meae,
1440 1670 1555 1711 Deus

170 1737 339 1780 meus3.
367 1739 487 1779 Hanc
513 1736 646 1780 vitam
680 1736 852 1780 beatam
883 1750 1032 1779 omnes
1066 1735 1243 1790 volunt,
1277 1736 1390 1780 hanc
1420 1736 1554 1780 vitam

170 1822 270 1866 quae
306 1805 395 1850 sola
418 1806 543 1849 beata
575 1815 641 1849 est
673 1820 822 1849 omnes
855 1804 1031 1859 volunt,
1059 1804 1269 1863 gaudium
1297 1805 1351 1848 de
1373 1807 1554 1850 veritate

172 1891 320 1920 omnes
348 1875 518 1920 volunt.
543 1874 703 1919 Multos
741 1884 939 1934 expertus
961 1890 1055 1919 sum
1084 1875 1160 1934 qui
1188 1875 1352 1920 vellent
1374 1874 1523 1920 fallere
1539 1912 1550 1932 ‚

170 1947 246 2007 qui
262 1955 407 1991 autem
425 1945 515 1989 falli
542 1945 775 1989 neminem.
804 1944 888 1988 Ubi
906 1959 1007 2002 ergo
1029 1954 1247 1989 noverunt
1275 1946 1388 1989 hanc
1419 1946 1551 1990 vitam

170 2017 368 2072 beatam,
392 2016 473 2060 nisi
497 2016 574 2059 ubi
591 2024 808 2060 noverunt
826 2016 955 2059 etiam
972 2014 1230 2059 veritatem?
1253 2017 1414 2059 Amant
1436 2016 1552 2059 enim
1600 2071 1602 2077 Ι

170 2097 213 2131 et
240 2087 377 2146 ipsam
399 2086 500 2146 quia
529 2084 621 2129 falli
643 2084 813 2129 nolunt.
842 2087 899 2129 Et
924 2100 1025 2128 cum
1048 2093 1196 2128 amant
1225 2085 1396 2128 beatam
1418 2086 1553 2129 vitam
1599 2079 1603 2095 '

169 2157 289 2218 quod
317 2173 407 2201 non
443 2166 507 2200 est
537 2155 655 2200 aliud
678 2171 811 2215 quam
838 2156 893 2199 de
917 2156 1098 2200 veritate
1121 2155 1331 2214 gaudium
1349 2190 1360 2210 ,
1398 2156 1552 2215 utiquc

170 2236 316 2272 amant
345 2226 473 2271 etiam
505 2226 729 2271 veritatem
764 2244 773 2269 ε
808 2240 888 2269 nec
922 2234 1117 2269 amarent
1150 2225 1231 2269 nisi
1263 2234 1371 2269 esset
1407 2225 1553 2285 aliqua

169 2297 322 2342 notitia
342 2298 431 2356 ejus
453 2297 498 2339 in
521 2295 726 2340 memoria
741 2310 906 2340 eorum.
933 2297 1023 2340 Cur
1041 2309 1142 2353 ergo
1164 2311 1253 2339 non
1274 2294 1329 2339 de
1351 2294 1424 2339 illa
1445 2311 1554 2354 gau·

170 2367 306 2412 dent?
327 2382 405 2411 cur
421 2382 510 2411 non
528 2367 644 2410 beati
661 2366 789 2409 sunt?
803 2365 913 2418 Quia
928 2364 1082 2410 fortius
1101 2374 1372 2424 occupantur
1392 2365 1438 2408 in
1461 2364 1553 2410 aliis

171 2454 270 2498 quae
293 2438 438 2498 potius
457 2452 526 2482 eos
554 2436 721 2482 faciunt
743 2437 918 2480 miseros
935 2470 946 2491 ‚
970 2451 1103 2495 quam
1124 2435 1235 2480 illud
1263 2437 1411 2480 beatos
1432 2435 1552 2496 quod

221 2541 230 2557 ¹
253 2533 357 2567 Galat.
374 2545 408 2574 v,
433 2544 483 2574 17·
505 2551 546 2556 —
565 2540 577 2556 ²
595 2536 688 2566 Joan.
711 2543 776 2573 x1v‚
791 2532 828 2565 6.
849 2549 889 2555 —
907 2530 919 2555 3
934 2532 1016 2564 Psal.
1037 2543 1126 2573 Μαι,
1150 2541 1181 2563 1.
