1871 3162
305 222 390 262 446
727 235 758 264 s.
796 236 1026 267 Auensnm
1058 239 1237 269 Emscom

301 411 973 429 WWWWWWWWWMMWWWWW

1259 415 1682 432 mmmmm

807 544 1024 596 CAPUT
1072 549 1172 595 ΙΙΙ.

292 698 565 760 Sz'falsitas
581 713 771 758 semper
785 701 890 757 erit,
909 709 956 746 et
975 701 1080 746 sine
1101 716 1242 746 sensu
1262 717 1364 747 esse
1381 718 1477 747 non
1490 704 1686 761 poterit,

386 770 599 829 sequitur
619 769 837 814 animam
858 769 1077 830 aliquam
1098 788 1289 831 semper
1311 774 1589 818 extiturum.

349 933 430 976 III.
466 934 520 976 R.
548 933 670 977 NUNC
693 933 954 993 respondeas
972 931 1240 988 mihivelim‚
1259 942 1409 976 utrum
1425 931 1507 976 tibi
1528 932 1689 975 sentire
1753 930 1756 931 ⁷

289 1003 432 1047 anima
450 1001 667 1057 videatur,
693 1017 749 1046 an
771 1003 960 1062 corpus?
981 1004 1035 1046 A.
1064 1002 1221 1046 Anima
1240 1002 1429 1046 videtur.
1465 1005 1519 1046 R.
1553 1001 1686 1058 Quid,

288 1073 536 1118 intellectus
558 1072 733 1118 videtur
750 1073 830 1117 tibi
854 1071 908 1116 ad
937 1072 1129 1116 animam
1156 1073 1401 1132 pertinere?
1424 1074 1476 1116 A.
1511 1075 1691 1116 Prorsus

285 1143 476 1188 videtur.
502 1147 556 1188 R.
578 1142 648 1188 Ad
664 1143 801 1188 solam
819 1143 1025 1198 animam,
1043 1158 1100 1186 an
1118 1142 1174 1187 ad
1191 1143 1358 1204 aliquid
1378 1142 1522 1186 aliud?
1542 1146 1594 1187 A.
1614 1143 1691 1189 Ni-

283 1215 348 1259 hil
360 1214 481 1260 aliud
497 1213 625 1259 video
642 1223 801 1274 praeter
821 1214 1028 1268 animam,
1049 1214 1131 1257 nisi
1151 1216 1307 1270 Deum,
1325 1213 1402 1257 ubi
1414 1212 1692 1259 intellectum

287 1301 378 1330 esse
402 1283 592 1330 credam.
625 1287 679 1328 R.
713 1286 811 1328 Jam
833 1282 945 1327 illud
965 1282 1206 1328 videamus.
1237 1284 1280 1328 Si
1299 1283 1379 1328 tibi
1397 1283 1614 1343 quispiam
1632 1285 1692 1328 is-

288 1366 383 1401 tum
416 1355 623 1416 parietem
665 1370 756 1400 non
786 1369 876 1399 esse
905 1355 1131 1415 parietem,
1169 1354 1245 1398 sed
1275 1355 1476 1399 arborem
1509 1353 1689 1411 diceret,

287 1425 395 1487 quid
417 1425 618 1486 putares?
650 1427 703 1468 A.
739 1427 829 1468 Aut
858 1425 951 1483 ejus
984 1439 1174 1479 sensum,
1209 1433 1284 1468 aut
1305 1439 1452 1468 meum
1473 1423 1583 1480 falli,
1618 1434 1694 1469 aut

287 1497 372 1542 hoc
394 1496 571 1541 nomine
589 1495 644 1539 ab
667 1509 718 1538 eo
738 1494 948 1554 parietem
968 1494 1127 1538 vocari.
1154 1497 1208 1536 R.
1237 1493 1354 1546 Quid
1384 1495 1416 1538 si
1445 1503 1488 1537 et
1512 1493 1575 1538 illi
1592 1510 1694 1554 spe-

290 1569 375 1613 cies
404 1566 568 1611 arboris
590 1565 636 1608 in
656 1579 708 1608 eo
730 1572 953 1624 appareat,
981 1572 1023 1607 et
1045 1563 1126 1607 tibi
1148 1564 1338 1623 parietis,
1363 1580 1512 1608 nonne
1534 1566 1696 1624 poterit

290 1647 530 1698 utrumque
552 1651 706 1681 verum
723 1637 838 1679 esse?
860 1637 914 1679 A.
938 1633 1070 1679 Nullo
1092 1633 1226 1678 modo
1244 1652 1252 1678 ε
1280 1634 1382 1695 quia
1404 1650 1492 1678 una
1516 1634 1695 1679 eadem-

291 1724 378 1769 que
399 1723 466 1752 res
488 1716 531 1751 et
553 1708 682 1750 arbor
706 1715 749 1749 et
771 1705 910 1764 paries
933 1720 1023 1748 esse
1046 1720 1137 1748 non
1157 1714 1315 1764 potest.
1339 1707 1548 1758 Quamvis
1578 1708 1695 1751 enim

293 1777 473 1837 singulis
504 1775 632 1820 nobis
659 1773 832 1833 singula
853 1788 943 1817 esse
965 1773 1216 1829 videantur,
1251 1790 1425 1819 necesse
1461 1785 1525 1819 est
1554 1792 1693 1820 unum

293 1858 493 1895 nostrum
514 1845 869 1905 imaginationem
886 1843 1040 1888 falsam
1059 1845 1164 1904 pati.
1192 1848 1245 1888 R.
1267 1845 1386 1898 Quid
1406 1847 1441 1889 si
1457 1862 1538 1891 nec
1555 1847 1696 1907 paries

294 1936 375 1966 nec
413 1920 542 1964 arbor
579 1926 659 1973 est,
677 1930 681 1933 “
699 1916 831 1960 ambo
863 1914 1097 1958 fallimini?
1134 1918 1186 1959 A.
1228 1918 1375 1960 Potest
1413 1915 1460 1959 id
1495 1915 1692 1977 quidem.

294 1996 350 2038 R.
389 1993 484 2036 Hoc
520 2003 621 2047 ergo
651 2002 791 2031 unum
825 1985 1021 2045 superius
1053 1986 1404 2044 praetermiseras.
1440 1990 1493 2030 A.
1520 1990 1691 2031 Fateor.

294 2066 349 2107 R.
386 2059 501 2115 Quid
535 2060 568 2104 si
597 2057 835 2117 agnoscatis
857 2054 978 2100 aliud
995 2056 1116 2100 vobis
1139 2055 1276 2099 videri
1297 2071 1428 2115 quam
1452 2066 1531 2112 est,
1556 2073 1689 2101 num-

296 2131 509 2194 quidnam
537 2128 769 2174 fallimini?
802 2130 854 2171 A.
890 2128 1002 2171 Non.
1041 2128 1094 2168 R.
1134 2128 1281 2169 Potest
1307 2125 1441 2183 igitur
1469 2135 1512 2170 et
1534 2125 1693 2171 falsum

297 2218 386 2248 esse
417 2199 538 2261 quod
571 2198 761 2252 videtur,
799 2206 843 2241 et
867 2210 958 2240 non
989 2193 1082 2238 falli
1115 2195 1185 2238 cui
1206 2194 1396 2238 videtur.
1437 2198 1488 2239 A.
1527 2199 1690 2241 Potest.

298 2278 352 2318 R.
379 2268 692 2318 Confitendum
722 2276 786 2311 est
812 2266 947 2325 igitur
968 2280 1058 2309 non
1080 2279 1182 2308 eum
1203 2263 1295 2308 faui
1318 2264 1395 2324 qui
1418 2264 1525 2309 salsa
1552 2265 1689 2323 videt,

298 2342 376 2388 sed
411 2356 512 2387 eum
548 2339 626 2400 qui
662 2339 891 2382 assentitur
930 2333 1061 2378 falsis.
1102 2337 1154 2378 A.
1204 2332 1337 2377 Plane
1371 2334 1687 2380 confitendum.

298 2416 351 2456 R.
382 2411 498 2466 Quid
531 2411 674 2470 ipsum
695 2406 871 2462 falsum,
896 2419 1032 2465 quare
1055 2402 1213 2448 salsum
1235 2406 1321 2448 est?
1341 2407 1394 2449 A.
1421 2404 1550 2458 Quod
1568 2404 1692 2449 aliter

296 2499 385 2528 sese
406 2483 541 2526 habet
564 2494 698 2542 quam
719 2477 908 2523 videtur.
935 2479 988 2519 R.
1018 2474 1061 2519 Si
1082 2489 1185 2532 ergo
1215 2489 1304 2518 non
1332 2474 1416 2518 sint
1443 2474 1603 2533 quibus
1625 2475 1690 2519 vi-

296 2553 469 2609 deatur,
494 2550 603 2596 nihil
621 2558 684 2595 est
700 2548 875 2593 falsum.
903 2548 955 2591 A.
984 2543 1200 2603 Sequitur.
1223 2546 1275 2587 R.
1300 2545 1398 2589 Non
1414 2543 1547 2602 igitur
1566 2543 1689 2589 estin
