1871 3162
522 274 575 300 DE
606 268 933 300 CATECHIZANDIS
965 271 1159 298 numetis.
1447 253 1528 293 533

154 340 238 384 mia
255 338 469 383 servitutis
490 353 579 382 suae
600 348 643 383 et
663 335 884 396 praesentis
899 335 999 379 vitae
1022 332 1288 385 felicitatem,
1307 330 1382 375 scd
1395 330 1531 375 solam

152 411 285 455 vitam
305 418 528 462 aeternam,
553 408 598 451 in
615 423 702 468 qua
723 407 817 466 ipso
834 409 923 449 Deo
945 403 1176 457 frueretur,
1199 402 1253 445 ab
1274 401 1348 445 illo
1366 399 1531 444 deside-

152 496 272 539 rans3
291 489 342 524 ut
356 481 438 523 hac
457 487 572 523 sexta
591 487 718 522 aetate
738 492 860 521 mens
881 477 1073 520 humana
1094 481 1326 517 renovetur
1348 471 1404 516 ad
1419 471 1530 515 ima—

151 553 295 609 ginem
318 549 416 604 Dei,
441 549 551 593 sicut
572 557 687 593 sexta
708 548 779 592 die
796 548 928 592 homo
956 545 1094 589 factus
1122 551 1186 587 est
1217 540 1270 585 ad
1300 542 1531 600 imaginem

151 620 227 664 Dei
243 623 274 664 ¹.
308 622 430 664 Tunc
448 619 564 663 enim
581 628 624 664 et
642 619 710 663 lex
730 617 952 677 impletur,
977 615 1083 659 dum
1100 629 1190 658 non
1210 611 1448 671 cupiditate
1464 627 1532 655 re-

150 706 248 735 rum
270 689 594 751 temporalium,
617 689 692 734 sed
708 689 919 734 charitate
939 686 1054 731 illius
1074 685 1150 746 qui
1171 682 1394 743 praecepit,
1420 682 1533 725 fiunt

149 776 442 821 quaecumque
464 761 684 820 praecepit.
712 759 817 812 Quis
839 766 983 802 autem
1006 772 1096 800 non
1114 754 1336 798 redamare
1358 752 1534 797 affectet

146 831 425 891 justissimum
463 841 505 875 et
539 828 983 874 misericordissimum
1017 830 1171 880 Deum,
1212 825 1287 885 qui
1320 825 1437 883 prior
1474 824 1534 868 sic

151 904 311 946 amavit
327 902 624 962 injustissimos
644 910 686 944 et
708 900 1033 958 superbissimos
1050 897 1263 950 homines,
1287 905 1336 939 ut
1358 904 1534 955 propter

148 988 220 1016 eos
241 973 431 1016 mitteret
453 972 628 1015 unicum
656 971 833 1025 Filium,
869 985 946 1030 per
975 984 1105 1029 quem
1136 967 1238 1011 fecit
1264 966 1422 1020 omnia,
1457 967 1534 1025 qui

148 1058 237 1086 non
254 1043 319 1086 sui
340 1043 594 1096 mutatione,
617 1041 692 1085 sed
708 1041 897 1085 hominis
916 1038 1210 1098 assumptione
1224 1038 1357 1081 homo
1375 1035 1530 1091 factus,

147 1128 237 1157 non
249 1112 388 1156 solum
403 1127 504 1156 cum
518 1111 576 1155 eis
592 1112 750 1165 vivere,
770 1109 844 1155 sed
858 1110 987 1154 etiam
1006 1124 1085 1168 pro
1107 1108 1167 1152 eis
1185 1117 1226 1152 et
1243 1107 1298 1150 ab
1316 1107 1374 1150 eis
1391 1114 1534 1165 posset

149 1183 315 1227 occidi?

207 1256 299 1297 XL.
344 1257 498 1313 Itaque
522 1255 694 1298 Novum
725 1256 1044 1297 Testamentum
1076 1249 1338 1295 haereditatis
1375 1248 1534 1307 sempi-

148 1332 284 1367 ternae
295 1324 589 1376 manifestans,
606 1324 650 1366 in
665 1340 753 1383 quo
770 1332 1001 1368 renovatus
1017 1323 1149 1366 homo
1166 1336 1243 1380 per
1260 1320 1439 1378 gratiam
1457 1318 1535 1362 Dei

147 1404 293 1451 ageret
315 1410 473 1439 novam
500 1395 650 1448 vitam,
677 1396 759 1439 hoc
781 1405 859 1449 est,
881 1396 1012 1438 vitam
1041 1392 1300 1452 spiritalem,
1330 1399 1379 1434 ut
1400 1391 1535 1434 Vetus

147 1464 395 1507 ostenderet
413 1465 618 1522 primum,
639 1465 683 1508 in
697 1481 785 1524 quo
807 1463 987 1509 carnalis
1003 1463 1188 1522 populus
1205 1477 1334 1519 agens
1345 1469 1534 1503 veterem

146 1533 387 1587 hominem,
420 1534 605 1592 exceptis
640 1536 786 1592 paucis
825 1533 1167 1590 intelligentibus
1200 1531 1457 1575 Patriarchis
1491 1538 1534 1573 et

148 1603 374 1662 Prophetis
389 1612 432 1646 et
453 1603 672 1647 nonnullis
686 1604 922 1648 latentibus
941 1604 1120 1656 Sanctis,
1140 1601 1367 1644 carnaliter
1385 1597 1534 1643 vivens

147 1672 334 1717 carnalia
366 1673 541 1731 praemia
563 1673 836 1717 desiderabat
858 1689 880 1716 a
905 1673 1089 1716 Domino
1116 1674 1220 1724 Deo,
1249 1679 1292 1713 et
1321 1672 1366 1712 in
1395 1671 1533 1727 figura

146 1742 404 1802 spiritalium
422 1743 637 1786 bonorum
652 1742 890 1801 accipiebat
911 1761 919 1786 :
945 1741 1090 1785 omnia
1113 1756 1215 1798 ergo
1235 1740 1347 1783 bona
1365 1749 1531 1783 terrena

147 1814 408 1872 contempsit
440 1814 570 1858 homo
600 1813 740 1858 factus
778 1813 984 1857 Dominus
1013 1811 1224 1865 Christus,
1260 1820 1308 1854 ut
1333 1819 1532 1855 contem-

148 1884 290 1928 nenda
319 1894 599 1941 monstraret,
624 1894 665 1928 et
690 1885 834 1928 omnia
856 1893 1023 1927 terrena
1045 1882 1250 1926 sustinuit
1272 1880 1401 1937 mala,
1433 1897 1533 1941 quae

148 1954 399 1998 sustinenda
419 1956 695 2014 praecipiebat
715 1975 723 2000 ;
747 1964 794 1998 ut
812 1970 954 2013 neque
973 1955 1018 1996 in
1036 1952 1118 1996 illis
1140 1961 1407 2012 quaereretur
1436 1950 1534 1995 feli-

148 2025 269 2079 citas,
308 2041 450 2085 neque
472 2026 515 2069 in
540 2027 628 2069 istis
658 2025 886 2069 infelicitas
919 2026 1157 2068 timeretur.
1185 2025 1317 2067 Natus
1341 2023 1454 2067 enim
1479 2022 1533 2066 de

149 2104 301 2148 matre,
323 2111 422 2155 quae
441 2096 636 2155 quamvis
658 2112 680 2139 a
703 2097 794 2140 viro
812 2096 972 2139 intacta
995 2095 1256 2154 conceperit,
1276 2108 1534 2153 semperque

148 2166 307 2209 intacta
327 2167 624 2224 permanserit,
649 2168 771 2225 virgo
793 2167 1055 2226 concipiens,
1072 2166 1193 2225 virgo
1211 2167 1394 2225 pariens,
1411 2165 1533 2223 virgo

148 2235 352 2287 moriens,
391 2245 533 2279 tamen
562 2236 689 2280 fabro
717 2237 974 2296 desponsata
1003 2246 1110 2291 erat,
1145 2251 1317 2280 omnem
1349 2236 1530 2295 typhum

149 2305 330 2349 carnalis
354 2306 591 2350 nobilitatis
614 2309 806 2352 extinxit.
832 2310 966 2352 Natus
989 2308 1117 2351 etiam
1140 2308 1183 2350 in
1207 2307 1380 2350 civitate
1402 2307 1533 2350 Beth-

147 2375 309 2431 lehem,
332 2393 430 2436 quae
451 2378 564 2421 inter
592 2394 739 2423 omnes
768 2380 933 2423 Judaeae
955 2380 1146 2423 civitates
1174 2379 1231 2423 ita
1249 2389 1340 2423 erat
1360 2380 1530 2438 exigua,

148 2455 199 2490 ut
220 2445 437 2506 hodieque
459 2448 558 2492 villa
581 2449 837 2508 appelletur,
864 2451 1003 2494 noluit
1023 2465 1288 2510 quemqnam
1309 2449 1363 2494 de
1384 2451 1532 2510 cujus-

150 2532 283 2576 quam
303 2526 486 2562 terrenae
507 2521 692 2565 civitatis
713 2521 978 2566 sublimitate
1000 2521 1184 2579 gloriari.
1213 2525 1380 2581 Pauper
1401 2522 1531 2566 etiam

197 2602 307 2634 ¹Gen.
331 2614 352 2643 1,
377 2615 427 2644 ¹7·
