1871 3162
302 225 386 266 510
735 233 770 264 s.
803 231 1032 264 Avens-nm
1063 232 1242 262 nnscon

302 416 1666 441 mmmmmmmmmmmmmmmmmmm

779 564 994 614 CAPUT
1038 565 1174 612 XIV.

282 727 561 775 Remedium
579 727 806 774 adversus
822 730 1040 787 quintam
1052 741 1256 773 causam
1270 726 1416 771 taedii.
1430 725 1661 770 —Reme·

339 798 469 843 diam
481 814 569 844 con
576 808 652 843 tra
664 809 856 844 sextam
869 814 1072 845 causam
1083 797 1226 844 taedii.
1234 797 1419 843 -Item
1433 795 1661 842 adversas

339 866 542 915 causam
557 878 763 915 sextam.

332 1038 431 1082 XX.
469 1039 514 1081 S1
528 1046 672 1081 autem
690 1035 904 1096 confregit
916 1037 1108 1081 animum
1124 1044 1251 1081 tuum
1265 1035 1439 1080 alterius
1456 1033 1653 1090 actionis,

271 1107 341 1151 cui
359 1117 570 1167 tanquam
584 1108 719 1167 magis
733 1107 984 1152 necessariae
995 1108 1086 1167 jam
1099 1122 1330 1167 suspensus
1343 1121 1450 1161 eraS,
1466 1105 1655 1160 omissio,

271 1187 314 1221 et
341 1188 568 1238 propterea
596 1179 725 1223 tristis
755 1179 988 1223 insuaviter
1008 1179 1269 1223 catechizas:
1295 1177 1484 1236 cogitare
1504 1176 1653 1231 debes,

270 1257 450 1307 excepto
481 1248 602 1308 quod
632 1248 788 1292 scimus
818 1247 1150 1293 misericorditer
1178 1247 1302 1293 nobis
1329 1246 1546 1307 agendum
1565 1261 1656 1291 esse

267 1317 481 1377 quidquid
498 1333 598 1362 cum
611 1318 864 1362 hominibus
882 1319 1066 1377 agimus,
1080 1328 1123 1363 et
1135 1334 1187 1363 ex
1201 1318 1345 1374 officio
1360 1316 1657 1361 sincerissimae

267 1387 516 1445 charitatis,
555 1388 638 1432 hoc
669 1403 771 1446 ergo
803 1397 998 1448 excepto,
1030 1384 1245 1431 incertum
1267 1402 1357 1431 esse
1379 1386 1485 1447 quid
1508 1385 1655 1431 utilius

266 1472 459 1516 agamus,
485 1468 528 1500 et
549 1456 656 1517 quid
677 1457 966 1517 opportunius
986 1467 1062 1501 aut
1082 1458 1433 1511 intermittamus,
1461 1464 1536 1500 aut
1559 1471 1655 1499 om-

265 1529 370 1572 nino
399 1529 665 1572 omittamus.
693 1530 804 1581 Quia
827 1529 943 1572 enim
965 1528 1119 1571 merita
1140 1527 1368 1571 hominum
1391 1541 1471 1586 pro
1492 1526 1653 1587 quibus

267 1599 447 1657 agimus,
475 1587 618 1657 qualia
636 1597 721 1641 sint
739 1597 855 1656 apud
875 1601 1013 1640 Deum
1038 1611 1128 1640 non
1149 1597 1372 1651 novimus,
1393 1595 1500 1658 quid
1517 1595 1576 1641 eis
1599 1596 1655 1641 ad

265 1679 436 1728 tempus
459 1667 656 1727 expediat
678 1677 752 1712 aut
782 1668 901 1712 nulla
924 1678 999 1712 aut
1031 1668 1281 1713 tenuissima
1308 1678 1351 1713 et
1371 1669 1654 1715 incertissima

265 1741 512 1798 conjectura
551 1739 818 1796 suspicamur
836 1772 846 1792 ‚
874 1737 1015 1796 potius
1050 1753 1184 1797 quam
1219 1739 1647 1797 comprehendimus.

267 1810 541 1871 Quapropter
558 1823 622 1851 res
640 1806 818 1867 quidem
835 1807 1021 1867 agendas
1039 1823 1117 1867 pro
1140 1817 1287 1853 nostro
1302 1818 1433 1868 captu
1448 1809 1650 1855 ordinare

269 1878 479 1922 debemus
497 1897 504 1921 :
526 1893 633 1936 quas
655 1892 705 1922 eo
727 1874 858 1921 modo
875 1893 964 1936 quo
981 1877 1208 1922 statuimus
1223 1878 1257 1922 si
1274 1894 1479 1938 peragere
1489 1869 1651 1942 potue}

269 1949 417 2003 rimus,
450 1963 540 1992 non
561 1948 658 1991 ideo
682 1948 945 2005 gaudeamus
973 1947 1073 2006 quia
1096 1946 1235 2002 nobis,
1261 1945 1334 1992 sed
1357 1950 1456 2007 quia
1479 1953 1568 1994 Deo
1589 1951 1648 1994 sic

267 2033 336 2062 eas
359 2019 425 2076 agi
448 2017 637 2077 placuit:
663 2017 696 2060 si
718 2025 862 2060 autem
884 2016 1027 2075 aliqua
1053 2016 1254 2061 inciderit
1280 2018 1525 2073 necessitas,
1561 2035 1647 2078 qua

267 2098 412 2133 noster
433 2088 505 2131 ille
523 2087 630 2131 ordo
652 2087 875 2144 turbetur,
898 2087 1123 2130 flectamur
1139 2086 1282 2142 facile,
1299 2103 1353 2131 ne
1370 2088 1643 2147 frangamur,

266 2167 316 2202 ut
340 2173 471 2218 quem
495 2161 606 2201 Deus
623 2159 792 2201 nostro¹
818 2157 1067 2216 praeposuit,
1097 2156 1186 2216 ipse
1206 2158 1259 2200 sit
1280 2166 1438 2201 noster.
1460 2160 1645 2218 AEquius

269 2238 330 2272 est
352 2229 484 2282 enim,
508 2236 556 2270 ut
573 2242 650 2271 nos
672 2228 762 2286 ejus
780 2242 910 2285 quam
926 2234 974 2269 ut
995 2225 1068 2269 ille
1084 2235 1275 2269 nostram
1297 2227 1568 2272 voluntatem
1585 2244 1645 2272 se-

268 2308 442 2358 quatur.
465 2299 570 2352 Quia
588 2307 630 2341 et
647 2298 754 2341 ordo
776 2297 1042 2355 agendarum
1064 2311 1224 2352 rerum,
1245 2312 1375 2357 quem
1402 2307 1549 2343 nostro
1573 2315 1643 2343 ar-

266 2368 394 2412 bitrio
428 2378 573 2413 tencre
605 2366 820 2421 volumus,
855 2365 928 2410 ille
955 2366 1106 2426 utique
1134 2366 1440 2426 approbandus
1462 2377 1540 2423 est,
1565 2369 1643 2412 ubi

268 2439 434 2496 potiora
452 2438 720 2497 praecedunt.
745 2438 834 2483 Cur
853 2451 955 2494 ergo
978 2451 1056 2482 nos
1073 2436 1268 2482 dolemus
1290 2438 1485 2483 homines
1506 2454 1529 2483 a
1551 2442 1639 2484 Do-

310 2548 323 2566 ¹
342 2544 502 2579 Subaudi.
520 2547 632 2580 ordini.
