1871 3162
625 220 974 261 conrnssxonvn,
1007 221 1092 250 Lm.
1127 222 1185 250 x1.
1503 214 1589 255 299

214 391 1592 412 mmmmmmmwmmmmmmmmmmw

700 526 918 577 CAPUT
954 528 1101 576 XIII.

248 681 396 746 Quod
412 692 526 728 ante
550 692 767 743 tempora
791 699 824 728 a
847 681 954 728 Deo
976 692 1147 728 ereata
1169 680 1350 728 nullum
1380 692 1564 745 tempus

808 754 985 817 faerit.

268 827 364 870 XV.
391 828 455 870 AT
476 826 508 870 si
530 826 786 885 cujusquam
808 826 994 870 volatilis
1017 841 1164 870 sensus
1182 836 1364 885 vagatur
1386 842 1464 885 per
1480 827 1593 871 ima-

211 898 327 956 gines
349 905 463 940 retro
485 905 729 955 temporum
751 932 761 950 ‚
782 905 827 940 et
848 905 891 940 te
914 900 1052 941 Deum
1077 898 1420 956 omnipotentem
1442 907 1485 941 et
1501 913 1594 942 om-

210 968 474 1012 nicreantem
493 977 535 1011 et
557 967 896 1012 omnitenentem
914 1003 924 1022 ‚
951 968 1050 1012 coeli
1072 977 1115 1012 et
1131 978 1257 1012 terrae
1279 969 1483 1012 artificem
1503 1004 1512 1022 ‚
1539 969 1593 1013 ab

210 1054 339 1097 opere
381 1047 504 1082 tanto
522 1073 532 1092 ,
570 1047 802 1098 antequam
839 1037 885 1080 id
923 1037 1110 1092 faceres,
1147 1053 1222 1096 per
1258 1038 1593 1082 innumerabilia

210 1108 366 1152 saecula
404 1123 585 1151 cessasse
616 1108 825 1164 miratur3
868 1107 1040 1164 evigilet
1069 1116 1198 1166 atque
1233 1107 1428 1150 attendat
1446 1142 1457 1161 ‚
1491 1108 1594 1167 quia

216 1178 321 1223 falsa
343 1178 538 1221 miratur.
564 1180 673 1221 Nam
697 1177 814 1220 unde
836 1186 1035 1236 poterant
1070 1177 1403 1221 innumerabilia
1438 1178 1593 1222 saecula

216 1249 454 1307 praeterire,
485 1248 688 1307 quaeipse
708 1263 797 1291 non
820 1247 979 1291 feceras
995 1282 1005 1301 ‚
1032 1262 1130 1291 cum
1166 1247 1219 1290 sis
1242 1248 1437 1291 omnium
1460 1263 1596 1292 saecu-

209 1318 352 1363 lorum
367 1327 518 1362 auctor
536 1327 579 1360 et
597 1317 829 1361 conditor?
851 1320 939 1361 Aut
961 1333 1060 1376 quae
1083 1326 1278 1376 tempora
1301 1317 1482 1362 fuissent
1496 1335 1595 1378 quae

209 1389 283 1432 abs
307 1397 349 1431 te
372 1389 548 1432 condita
572 1403 660 1431 non
683 1389 852 1431 essent?
880 1390 968 1432 Aut
990 1387 1212 1447 quomodo
1234 1389 1506 1448 praeterirent
1526 1426 1536 1444 ‚
1561 1391 1594 1433 si

208 1473 434 1518 nunquam
460 1456 669 1500 fuissent?
691 1458 803 1502 Cum
837 1471 938 1515 ergo
960 1458 1015 1501 sis
1037 1467 1238 1516 operator
1260 1459 1457 1503 omnium
1479 1468 1594 1503 tem-

208 1543 365 1588 porum
377 1562 387 1581 ,
405 1528 440 1571 si
457 1526 540 1570 fuit
557 1526 733 1586 aliquod
752 1536 923 1586 tempus
941 1537 1176 1587 antequam
1196 1528 1358 1572 faceres
1370 1528 1531 1573 coelum
1553 1539 1596 1574 et

208 1608 383 1653 terram,
398 1613 476 1642 cur
493 1596 654 1641 dicitur
669 1596 789 1657 quod
806 1597 861 1641 ab
875 1612 1005 1656 opere
1022 1599 1247 1642 cessabas?
1266 1598 1461 1657 Idipsum
1479 1600 1595 1644 enim

208 1679 379 1728 tempus
402 1678 449 1713 tu
468 1668 647 1722 feceras,
673 1682 753 1712 nec
770 1668 989 1727 praeterire
1005 1678 1246 1727 potuerunt
1261 1678 1456 1728 tempora
1471 1680 1596 1715 ante-

209 1754 341 1799 quam
371 1738 533 1783 faceres
555 1747 767 1797 tempora.
797 1737 839 1782 Si
861 1747 1007 1782 autem
1041 1748 1141 1782 ante
1172 1738 1331 1782 coelum
1365 1749 1409 1784 et
1436 1749 1593 1785 terram

209 1809 384 1854 nullum
415 1818 507 1854 erat
527 1818 700 1868 tempus
717 1843 728 1863 ‚
761 1824 840 1853 cur
869 1809 1081 1869 quaeritur
1111 1809 1220 1868 quid
1240 1819 1347 1854 tunc
1375 1809 1596 1856 faciebas?

209 1884 307 1928 Non
328 1881 445 1925 enim
467 1890 558 1925 erat
581 1883 726 1935 Tunc,
753 1880 830 1924 ubi
851 1895 942 1925 non
969 1890 1061 1925 erat
1082 1890 1269 1940 tempus.

266 1953 388 1995 XVI.
421 1952 509 1996 Nec
529 1959 577 1994 tu
604 1959 799 2008 tempore
821 1958 1018 2010 tempora
1043 1950 1268 2010 praecedis,
1293 1951 1489 2012 alioquin
1506 1967 1597 1997 non

209 2021 355 2065 omnia
375 2029 571 2079 tempora
604 2019 884 2079 praecederes.
913 2021 999 2065 Sed
1025 2020 1235 2080 praecedis
1265 2022 1412 2066 omnia
1434 2031 1592 2081 praete·

209 2091 290 2135 rita
315 2088 572 2134 celsitudine
600 2104 769 2149 semper
797 2090 1020 2149 praesentis
1041 2091 1324 2150 aeternitati53
1349 2101 1392 2136 et
1421 2108 1596 2152 superas

210 2161 355 2206 omnia
385 2159 562 2217 futura3
596 2160 700 2221 quia
730 2159 803 2205 illa
833 2159 981 2205 sutura
1007 2171 1136 2216 sunt,
1161 2171 1205 2206 et
1235 2177 1337 2206 cum
1370 2163 1593 2219 venerint,

210 2231 426 2291 praeterita
457 2239 608 2287 erunt3
632 2240 683 2274 tu
703 2239 849 2275 autem
872 2230 988 2275 idem
1009 2231 1098 2290 ipse
1119 2247 1163 2276 es
1181 2266 1192 2286 ,
1216 2241 1261 2277 et
1290 2232 1394 2276 anni
1416 2232 1481 2276 tui
1503 2248 1594 2278 non

212 2301 461 2346 deficiunt1.
483 2301 597 2345 Anni
614 2300 679 2344 tui
696 2314 777 2344 nec
791 2310 898 2345 eunt
911 2315 991 2346 nec
1012 2302 1196 2346 veniunt
1218 2321 1227 2347 ι
1248 2302 1317 2347 isti
1336 2311 1483 2347 autem
1499 2318 1598 2348 nos-

211 2371 267 2416 tri
285 2379 328 2414 et
346 2379 453 2415 eunt
469 2380 513 2415 et
527 2371 710 2415 veniunt
723 2405 734 2426 ‚
760 2379 810 2415 ut
831 2385 982 2416 omnes
1002 2372 1197 2417 veniant.
1220 2373 1338 2417 Anni
1358 2374 1424 2416 tui
1446 2387 1595 2418 omnes

209 2441 337 2486 simul
357 2449 494 2497 stant,
515 2442 725 2501 quoniam
742 2450 858 2486 stant
875 2461 886 2499 ς
910 2456 991 2487 nec
1012 2452 1165 2488 euntes
1183 2458 1206 2487 a
1229 2442 1594 2489 venientibusex-

259 2545 270 2561 ¹
293 2537 371 2569 Psal.
394 2549 437 2579 cr,
453 2538 508 2570 28.
