1871 3162
627 212 969 266 conrzssionuu,
1004 230 1088 256 Lm.
1123 230 1188 256 1x.
1495 219 1579 257 219

201 295 335 351 lebat,
351 304 400 340 ut
415 304 478 339 est
496 294 663 345 animus
676 294 895 337 humanus
911 292 1054 336 minus
1071 307 1204 351 capax
1217 291 1460 336 divinorum
1473 327 1484 344 ,
1502 293 1581 336 ad-

202 366 330 424 jungi
344 364 400 408 ad
420 363 538 407 illam
559 362 825 416 felicitatem,
841 371 883 405 et
904 361 1232 405 commemorari
1247 361 1301 404 ab
1315 361 1579 416 hominibus,

202 448 456 479 concessum
481 433 561 476 sibi
585 448 674 476 esse
695 441 793 491 post
814 431 1141 474 transmarinam
1164 429 1554 489 peregrinationem
1569 465 1580 484 ,

204 514 255 548 ut
291 505 523 563 conjuncta
545 511 659 545 terra
688 501 917 545 amborum
938 502 1174 560 conjugum
1215 509 1328 544 terra
1350 509 1580 558 tegeretur.

203 575 391 628 Quando
413 582 558 617 autem
576 573 654 616 ista
671 573 855 616 inanitas
872 571 1143 630 plenitudine
1161 571 1364 614 bonitatis
1385 579 1473 614 tuae
1490 586 1582 625 coe-

196 652 319 703 perat
346 644 391 686 in
413 644 504 702 ejus
524 641 654 686 corde
681 657 769 686 non
792 656 903 694 esse,
934 641 1176 684 nesciebam
1192 675 1203 695 ,
1229 649 1272 684 et
1303 640 1483 684 laetabar
1503 640 1581 684 ad-

197 714 358 757 mirans
387 714 508 772 quod
539 714 598 756 sic
631 712 737 755 mihi
771 711 1033 770 aperuisset3
1065 725 1318 770 quanquam
1354 719 1396 754 et
1429 711 1474 753 in
1503 709 1580 754 illo

199 798 395 828 sermone
419 791 567 826 nostro
589 781 644 825 ad
672 781 903 825 fenestram
928 796 1027 825 cum
1051 781 1160 825 dixit
1181 800 1190 825 z
1218 801 1237 823 «
1262 784 1358 825 Jam
1381 780 1487 840 quid
1509 781 1579 824 hic

199 871 218 894 n
255 851 396 896 facio?
419 867 507 895 non
531 852 731 910 apparuit
753 850 993 894 desiderare
1010 851 1055 894 in
1076 851 1211 909 patria
1230 851 1355 894 mori.
1378 849 1579 907 »Audivi

191 923 325 966 etiam
349 930 523 980 postea,
549 920 667 980 quod
700 922 787 980 jam
824 936 921 964 cum
953 921 1081 964 Ostiis
1104 936 1316 975 essemus,
1350 936 1449 964 cum
1479 921 1578 980 qui-

197 991 381 1035 busdam
411 991 556 1034 amicis
579 991 683 1034 meis
708 1000 899 1034 materna
930 990 1088 1034 fiducia
1111 990 1441 1050 colloquebatur
1463 1006 1575 1049 quo-

194 1062 292 1106 dam
311 1062 380 1105 die
397 1061 452 1105 de
466 1071 719 1120 contemptu
733 1061 833 1104 vitae
856 1061 983 1120 hujus
999 1070 1041 1103 et
1060 1060 1178 1104 bono
1194 1060 1343 1104 mortis
1356 1096 1365 1111 ,
1391 1060 1468 1103 ubi
1486 1061 1576 1118 ipse

191 1148 281 1176 non
299 1131 495 1187 aderam3
516 1131 687 1190 illisque
704 1131 978 1189 stupentibus
991 1131 1199 1175 virtutem
1213 1130 1423 1184 foeminae,
1441 1146 1573 1189 quam

188 1212 238 1246 tu
279 1201 458 1246 dederas
501 1203 559 1255 ei,
595 1201 981 1260 quaerentibusque
1009 1210 1158 1244 utrum
1192 1217 1281 1244 non
1318 1200 1574 1245 formidaret

188 1282 277 1318 tam
305 1273 436 1331 longe
459 1289 481 1316 a
503 1288 579 1316 sua
600 1273 773 1316 civitate
796 1287 949 1330 corpus
973 1270 1215 1331 relinquere
1243 1291 1252 1316 :
1283 1291 1301 1313 «
1328 1272 1469 1326 Nihil,
1505 1272 1572 1316 in-

190 1361 210 1384 »
247 1343 364 1402 quit,
394 1342 523 1400 longe
545 1350 608 1385 est
630 1344 743 1394 Deo,
775 1356 919 1400 neque
946 1340 1185 1384 timendum
1208 1351 1291 1400 estss
1311 1341 1460 1394 nesille
1482 1357 1571 1385 non

190 1430 209 1453 ι)
245 1421 446 1469 agnoscat
462 1412 506 1455 in
531 1412 616 1454 fine
634 1410 801 1465 saeculi,
828 1410 946 1455 unde
969 1426 1039 1454 me
1061 1411 1297 1454 resuscitet.
1328 1413 1484 1469 »2Ergo
1500 1411 1570 1455 die

184 1497 302 1532 nono
325 1473 593 1538 aegritudinis
615 1497 725 1536 suae,
744 1481 1103 1541 quinquagesimo
1124 1491 1167 1524 et
1189 1490 1309 1525 sexto
1329 1497 1444 1526 anno
1461 1491 1569 1526 aeta-

184 1552 237 1595 tis
253 1566 343 1594 suae
359 1553 370 1575 ¹
389 1585 401 1605 ‚
426 1551 645 1609 trigesimo
667 1560 710 1595 et
738 1551 865 1595 tertio
889 1551 1026 1595 aetatis
1054 1566 1184 1606 meae,
1205 1551 1347 1595 anima
1368 1551 1442 1595 illa
1469 1551 1570 1595 reli-

185 1622 301 1680 giosa
322 1630 365 1665 et
387 1622 456 1680 pia
476 1636 656 1680 corpore
677 1621 817 1665 soluta
837 1631 915 1666 est.

234 1735 240 1750 ¹
264 1730 355 1760 Hunc
374 1739 538 1760 numerum
557 1739 667 1759 omnes
690 1729 730 1760 ad
747 1738 842 1759 unum
859 1727 998 1760 codices‘
1016 1739 1091 1760 curn
1121 1729 1199 1761 editi
1212 1755 1221 1769 ,
1251 1733 1319 1761 tum
1336 1730 1447 1770 scripti
1464 1731 1565 1773 assig-

184 1790 261 1815 nant
276 1795 284 1824 3
302 1784 386 1815 unde
408 1784 593 1826 intelligitur
617 1784 722 1816 locum
739 1783 868 1815 minime
891 1789 1076 1825 corruptum
1102 1795 1170 1816 esse
1183 1809 1191 1824 ‚
1211 1787 1295 1826 quod
1323 1787 1500 1828 suspicatus
1517 1794 1566 1821 est

182 1841 286 1872 caesar
304 1839 454 1871 Bai-onius
473 1840 512 1871 ad
529 1849 581 1870 an.
605 1839 669 1871 388
682 1849 714 1870 n.
735 1849 773 1880 7¹
799 1841 833 1870 et
849 1838 881 1870 in
897 1841 971 1870 Not.
986 1840 1026 1871 ad
1043 1841 1142 1871 Mart.
1158 1840 1210 1872 die
1223 1840 1241 1872 5
1256 1841 1339 1873 Maii.
