1871 3162
569 236 622 263 DE
652 232 977 264 cnucmzmms
1008 236 1200 264 nunnius.
1481 224 1562 263 515

246 393 1569 414 mmmmmmmmmmwmmmmm

685 527 902 577 CAPUT
957 529 1092 576 XVI.

203 680 443 727 Formula
461 683 693 726 orationis
707 680 997 726 catechistae.
1018 707 1073 714 —-
1095 677 1373 725 Exordium
1390 677 1583 724 ductum,

258 769 290 795 α
305 750 547 796 laudabi'Zz
557 760 802 810 proposito
821 747 1133 827 suscipiendae
1161 748 1450 794 Cleri'stzance
1472 747 1579 793 relc—

253 822 434 883 3ι”,οηι3
455 829 655 880 propte]
663 820 888 881 flaturam
912 820 1135 878 requzQem
1150 819 1392 878 Requi'es
1373 835 1421 862 m
1439 817 1578 864 rebus

255 891 476 948 inquietis
496 905 591 934 non
610 888 884 948 qzccerenda.
906 916 961 922 —
983 889 1102 934 Non
1124 906 1173 933 ιη
1195 887 1395 944 di'ssvztzzs
1419 904 1508 933 nec
1529 905 1577 932 m

256 959 529 1005 honoerbus
546 987 599 993 —
615 960 849 1018 Requzem
869 969 1134 1019 quaerentes
1154 977 1204 1006 ιη
1219 958 1580 1006 oblectamentis

253 1032 417 1076 carnis
434 1041 480 1076 et
503 1032 552 1077 in
571 1029 873 1090 spectaculis.

244 1177 413 1231 XXIV.
442 1188 525 1231 SED
559 1196 706 1230 tamen
728 1186 936 1233 iaciamus
964 1186 1155 1247 aliquem
1188 1187 1355 1237 venisse
1386 1186 1442 1230 ad
1467 1200 1548 1235 nos
1566 1221 1577 1241 ‚

192 1257 268 1317 qui
289 1257 388 1304 vult
407 1272 496 1304 esse
517 1257 804 1310 Christianus,
824 1266 867 1300 et
883 1258 939 1306 de
953 1271 1109 1316 genere
1124 1257 1302 1317 quidem
1323 1256 1575 1316 idiotarum,

190 1335 451 1381 nontamen
483 1327 824 1381 rusticanorum,
861 1328 938 1375 sed
959 1327 1250 1381 urbanorum,
1289 1325 1438 1386 quales
1460 1329 1578 1386 apud

189 1397 496 1473 Carthaginem
518 1396 664 1456 plures
681 1397 862 1457 experiri
883 1406 926 1441 te
948 1412 1118 1443 necesse
1139 1406 1203 1440 est
1223 1397 1582 1455 &merito-gajum

188 1466 318 1510 etiam
339 1474 489 1509 utrum
530 1476 717 1525 ropter
711 1466 812 1512 vitae
822 1465 1270 1527 praesentisraiffilod
1271 1465 1569 1528 commodum

187 1551 242 1579 an
262 1543 392 1613 propt
389 1549 659 1596 „guveqpiem
674 1551 775 1594 quae
788 1544 887 1594 post
907 1537 1033 1593 hane
1033 1538 1184 1593 vitam
1190 1544 1412 1594 speratur,
1430 1501 1571 1587 Chr-’g-

188 1592 381 1648 tianus
363 1618 453 1649 esse
489 1603 724 1658 desiderat,
751 1613 928 1663 propter
946 1587 1143 1648 futuram
1172 1605 1366 1662 requiem
1389 1619 1569 1664 respon-

185 1672 333 1717 disse:v
353 1666 443 1715 tali
449 1667 672 1716 fortasse
645 1688 668 1716 3
673 1664 837 1716 nobis
826 1682 1112 1719 1nst1ueretur
1129 1672 1335 1732 alloquio.
1355 1676 1445 1716 Deo
1469 1689 1568 1732 gra-

184 1743 262 1788 tias
277 1777 288 1798 ,
326 1740 459 1786 frater
486 1760 495 1786 ε
518 1740 648 1786 valde
680 1742 759 1785 tibi
781 1742 974 1799 gratulor
991 1776 1002 1796 ,
1026 1752 1069 1785 et
1092 1742 1259 1800 gaudeo
1282 1742 1336 1786 de
1357 1751 1416 1797 te,
1447 1744 1568 1803 quod

183 1813 228 1857 in
246 1812 376 1856 tantis
399 1827 448 1856 ac
470 1821 560 1856 tam
584 1812 834 1871 periculosis
846 1812 972 1872 hujus
993 1812 1138 1856 saeculi
1160 1814 1488 1871 tempestatibus
1509 1816 1564 1860 de

183 1882 329 1941 aliqua
349 1897 448 1927 vera
460 1890 503 1925 et
520 1891 636 1926 certa
650 1882 879 1927 securitate
901 1882 1110 1940 cogitasti.
1131 1884 1239 1928 Nam
1253 1891 1297 1925 et
1317 1883 1362 1926 in
1379 1883 1460 1927 hac
1476 1884 1563 1928 vita

180 1952 378 1995 homines
399 1952 564 2010 magnis
601 1951 824 1996 laboribus
846 1953 1038 2011 requiem
1061 1960 1267 2010 quaerunt
1294 1961 1338 1996 et
1359 1954 1563 1998 securita—

181 2029 268 2064 tem
281 2055 292 2075 ‚
313 2021 388 2065 sed
405 2022 545 2080 pravis
565 2021 877 2080 cupiditatibus
894 2036 984 2065 non
1000 2021 1242 2065 inveniunt.
1268 2022 1432 2066 Volunt
1446 2024 1561 2067 enim

181 2092 448 2150 requiescere
479 2092 524 2134 in
546 2091 674 2134 rebus
700 2091 902 2150 inquietis
923 2101 966 2135 et
997 2107 1086 2135 non
1107 2092 1462 2149 permanentibus
1489 2112 1497 2137 :
1519 2104 1562 2137 et

180 2176 281 2219 quia
295 2159 382 2203 111ae
406 2169 601 2219 tempore
629 2161 947 2205 subtrahuntur
970 2171 1012 2204 et
1047 2170 1299 2215 transeunt,
1332 2162 1560 2206 timoribus

180 2240 223 2273 et
244 2228 480 2287 doloribus
482 2245 553 2274 eos
571 2231 752 2288 agitant,
772 2246 853 2274 nec
872 2232 1058 2307 quietos
1061 2245 1150 2275 esse
1162 2231 1434 2290 peimittunt.
1463 2232 1559 2277 Sive

179 2299 296 2342 enim
315 2299 362 2342 in
382 2298 541 2344 divitiis
573 2299 676 2344 velit
704 2301 835 2345 homo
862 2276 1156 2360 requiescere,
1189 2301 1324 2359 magis
1345 2303 1559 2360 superbus

179 2368 382 2424 efficitur,
408 2384 539 2428 quam
559 2384 750 2414 securus.
776 2374 938 2415 Annon
958 2370 1154 2415 videmus
1175 2386 1307 2431 quam
1324 2371 1452 2416 multi
1487 2386 1557 2416 eas

178 2437 324 2483 subito
345 2438 633 2498 perdiderint,
656 2440 785 2486 multi
797 2441 927 2485 etiam
942 2450 1119 2501 propter
1136 2440 1230 2486 illas
1243 2442 1465 2501 perierint,
1482 2455 1557 2486 aut

179 2521 280 2551 cum
303 2522 373 2553 eas
395 2509 555 2555 habere
588 2510 797 2568 cupiunt,
832 2520 909 2556 aut
940 2527 1040 2556 cum
1062 2513 1119 2557 eis
1153 2513 1363 2572 oppressis
1392 2528 1414 2557 a
1437 2513 1559 2570 cupi-
