1871 3162
291 204 346 241 96
728 212 763 242 S.
798 215 1029 243 annosum
1062 215 1242 241 Emscori

290 289 375 324 tem
391 315 401 335 ,
446 280 658 339 patienter
695 281 868 325 intueor
905 281 1154 340 opinantem
1198 279 1446 335 hominem,
1491 292 1570 321 nec
1612 277 1675 321 illi

288 351 439 395 obesse
457 350 585 395 video
601 386 612 406 ,
637 367 735 396 cum
773 351 826 395 de
845 361 908 406 te,
932 352 1114 395 Domine
1148 360 1315 395 creator
1350 349 1562 403 omnium,
1586 363 1675 392 non

287 422 436 466 credat
456 421 651 480 indigna,
669 423 703 466 si
720 421 832 466 forte
854 422 958 467 situs
971 431 1014 466 et
1027 422 1203 466 habitus
1218 430 1426 465 creaturae
1443 417 1676 479 corporalis

286 491 469 548 ignoret.
502 492 638 535 Obest
659 501 804 536 autem
835 492 868 535 si
902 492 986 535 hoc
1021 491 1075 535 ad
1096 491 1232 549 ipsam
1258 489 1469 534 doctrinae
1505 488 1676 547 pietatis

285 560 471 606 formam
492 563 707 621 pertinere
735 563 990 616 arbitretur,
1013 571 1054 605 et
1077 561 1339 620 pertinacius
1362 561 1578 604 affirmare
1594 575 1675 603 au-

287 630 388 677 deat
409 632 529 692 quod
544 634 728 691 ignorat.
751 633 833 678 Sed
857 633 985 678 etiam
1005 632 1100 677 talis
1121 632 1346 676 infirmitas
1361 631 1406 674 in
1424 630 1526 674 fidei
1545 646 1676 675 cuna-

285 701 400 746 bulis
426 719 450 747 a
473 704 683 748 charitate
716 715 850 747 matre
871 705 1107 748 sustinetur
1123 738 1134 758 ,
1159 703 1300 747 donec
1322 709 1518 760 assurgat
1538 715 1676 744 novus

286 772 418 818 homo
436 774 483 817 in
501 775 642 818 virum
658 774 920 834 perfectum,
947 783 990 818 et
1012 771 1282 818 circumferri
1302 788 1390 817 non
1412 771 1545 830 possit
1559 770 1677 814 omni

286 845 419 880 vento
446 836 656 881 doctriua:
675 847 705 881 1.
738 847 788 885 In
808 844 882 889 illo
914 853 1058 888 autem
1082 846 1158 903 qui
1181 842 1360 897 doctor,
1396 841 1471 900 qui
1498 848 1674 893 auctor,

287 906 364 965 qui
379 906 470 950 dux
486 916 529 951 et
541 908 740 967 princeps
755 923 905 952 eorum
922 913 1079 968 quibus
1097 912 1169 952 illa
1188 912 1405 963 suaderet,
1417 911 1476 954 ita
1490 910 1585 954 fieri
1599 925 1678 952 au-

287 993 356 1021 sus
381 987 444 1022 est
465 1014 476 1033 ,
508 987 558 1022 ut
579 979 655 1038 qui
689 994 790 1022 eum
826 989 1133 1039 sequerentur,
1165 995 1255 1023 non
1277 979 1518 1039 quemlibet
1542 980 1679 1022 homi-

287 1063 388 1092 nem
407 1084 417 1103 ,
440 1049 515 1093 sed
537 1050 745 1108 Spiritum
763 1061 890 1094 tuum
909 1060 1105 1095 sanctum
1130 1067 1173 1094 se
1190 1051 1313 1109 sequi
1331 1050 1646 1093 arbitrarentur
1666 1068 1675 1093 ι

287 1119 384 1178 quis
402 1128 568 1163 tantam
587 1119 867 1176 dementiam,
888 1121 1028 1165 sicubi
1041 1119 1146 1165 falsa
1158 1120 1311 1164 dixisse
1329 1120 1676 1174 convinceretur,

287 1203 378 1233 non
412 1189 713 1234 detestandam
748 1190 967 1251 longeque
1001 1191 1290 1250 abjiciendam
1326 1205 1414 1234 esse
1438 1189 1681 1250 judicaret?

290 1259 375 1304 Sed
399 1269 544 1304 tamen
562 1261 759 1305 nondum
783 1262 952 1321 liquido
975 1278 1270 1321 compereram
1288 1272 1434 1306 utrum
1457 1262 1588 1304 etiam
1610 1276 1679 1304 se-

287 1330 482 1374 cundum
499 1332 589 1390 ejus
611 1332 743 1375 verba
763 1332 1077 1376 vicissitudines
1098 1331 1344 1391 longiorum
1366 1342 1409 1376 et
1432 1332 1678 1375 breviorum

287 1400 458 1444 dierum
479 1411 609 1461 atque
632 1402 843 1457 noctium,
865 1412 908 1446 et
924 1403 1056 1462 ipsius
1079 1402 1218 1446 noctis
1241 1411 1284 1446 et
1305 1402 1406 1456 diei,
1427 1411 1470 1445 et
1489 1400 1679 1460 deliquia

285 1468 504 1510 luminum
518 1502 529 1522 ‚
557 1480 601 1511 et
622 1473 656 1512 si
679 1469 787 1528 quid
810 1470 1021 1529 ejusmodi
1038 1470 1084 1513 in
1105 1470 1194 1514 aliis
1216 1470 1337 1514 libris
1354 1470 1558 1528 legeram,
1576 1485 1678 1529 pos-

284 1545 349 1579 set
371 1538 558 1595 exponi,
583 1547 632 1582 ut
654 1540 688 1582 si
709 1539 823 1584 forte
851 1549 1008 1598 posset,
1035 1540 1250 1584 incertum
1272 1540 1450 1599 quidem
1469 1540 1575 1583 mihi
1597 1541 1677 1583 fie-

285 1616 351 1650 ret
372 1616 522 1651 utrum
556 1609 615 1653 ita
642 1625 686 1652 se
709 1625 775 1652 res
798 1611 1007 1663 haberet,
1040 1624 1095 1652 an
1124 1625 1213 1653 non
1250 1610 1309 1654 ita
1335 1629 1343 1654 ε
1372 1609 1446 1653 sed
1469 1611 1523 1654 ad
1545 1609 1678 1653 fidem

285 1691 426 1721 meam
467 1678 582 1721 illius
617 1679 918 1723 auctoritatem
948 1688 1126 1738 propter
1166 1680 1375 1724 creditam
1403 1680 1676 1724 sanctitatem

284 1762 599 1806 praeponerem.

331 1862 340 1879 ¹
356 1856 471 1898 Ephes.
491 1869 534 1899 iv,
554 1859 605 1900 13,
631 1857 679 1898 14.
