1871 3162
315 217 368 253 82
746 223 780 253 S.
816 224 1046 256 Aucusnm
1078 228 1258 255 Enscom

308 306 452 336 rursus
479 293 559 337 nisi
586 292 787 349 odissem,
822 309 911 338 non
929 310 953 338 a
975 309 1045 338 me
1080 293 1313 337 detestarer
1343 301 1386 337 et
1416 290 1686 351 repellerem,

306 379 408 408 cum
435 364 490 409 sit
522 374 708 425 uterque
734 375 931 410 nostrum
962 367 1120 410 homo?
1148 367 1246 411 Non
1274 365 1390 408 enim
1415 365 1525 408 sicut
1552 378 1690 423 equus

308 434 450 479 bonus
467 444 635 479 amatur
657 435 712 479 ab
734 450 784 479 eo
807 435 882 494 qui
911 434 1048 479 nollet
1068 435 1151 479 hoc
1173 449 1279 489 esse,
1306 435 1435 478 etiam
1467 435 1501 478 si
1529 441 1687 493 posset,

306 504 390 549 hoc
412 514 456 549 et
477 504 531 549 de
554 505 763 549 histrione
789 503 1027 548 dicendum
1049 513 1127 560 est,
1153 504 1229 564 qui
1249 513 1416 548 naturae
1438 513 1596 548 nostrae
1619 518 1691 547 so-

305 575 396 619 cius
415 584 492 620 est.
522 577 712 635 Ergo-ne
731 590 828 620 amo
849 575 896 618 in
916 575 1094 620 homine
1113 575 1233 635 quod
1256 576 1329 619 odi
1351 590 1464 630 esse,
1489 590 1590 619 cum
1609 575 1692 619 sim

304 645 467 689 homo?
502 645 677 689 Grande
706 643 977 704 profundum
1009 653 1074 689 est
1107 645 1198 703 ipse
1229 645 1382 699 homo,
1417 645 1541 704 cujus
1562 644 1692 687 etiam

302 713 479 773 capillos
497 723 563 769 tu,
587 715 785 770 Domine,
810 723 1060 759 numeratos
1077 715 1230 770 habes,
1257 723 1300 759 et
1322 730 1412 758 non
1431 714 1692 757 minuuntur

298 785 344 825 in
367 793 407 825 te
426 804 437 827 z
457 793 500 828 et
522 794 668 829 tamen
685 784 831 844 capilli
852 787 944 845 ejus
965 785 1100 844 magis
1123 784 1414 830 numerabiles
1432 793 1535 829 sunt
1556 799 1690 844 quam

301 852 483 896 affectus
505 853 612 911 ejus,
638 862 682 896 et
703 864 847 896 motus
869 855 1010 900 cordis
1032 858 1137 915 ejus.

358 923 527 966 XXIII.
552 924 610 966 At
631 921 704 965 ille
728 922 876 966 rhetor
892 937 944 966 ex
964 938 1015 967 eo
1037 932 1129 968 erat
1154 939 1326 982 genere,
1347 939 1479 983 quem
1501 923 1560 968 sic
1579 938 1691 968 ama-

297 991 399 1036 bam
416 1027 427 1048 ,
452 1001 503 1036 ut
518 991 677 1037 vellem
699 1008 770 1037 me
792 1007 881 1037 esse
903 992 1060 1051 talem3
1087 994 1346 1053 etlerrabam
1369 994 1508 1053 typho
1528 1003 1572 1038 et
1604 994 1690 1038 cir-

294 1056 569 1108 cumferebar
589 1064 709 1108 omni
727 1074 860 1109 vento
881 1099 893 1120 ,
917 1073 961 1109 et
982 1065 1110 1109 nimis
1128 1064 1301 1109 occulte
1315 1064 1593 1123 gubernabar
1614 1066 1690 1109 abs

292 1141 351 1177 te.
377 1136 434 1178 Et
466 1134 584 1178 unde
616 1134 734 1189 scio,
768 1143 812 1178 et
844 1133 962 1178 unde
994 1144 1139 1178 certus
1163 1135 1376 1179 confiteor
1413 1135 1523 1190 tibi,
1570 1133 1690 1194 quod

290 1201 416 1246 illum
449 1204 495 1247 in
527 1219 673 1248 amore
694 1204 972 1248 laudantium
1003 1206 1140 1263 magis
1171 1220 1446 1260 amaveram,
1478 1220 1613 1264 quam
1643 1205 1689 1248 in

290 1274 420 1317 rebus
442 1274 544 1333 ipsis
567 1274 622 1318 de
644 1274 804 1334 quibus
828 1273 1117 1319 laudabatur?
1140 1275 1251 1327 Quia
1275 1275 1309 1318 si
1336 1290 1426 1318 non
1457 1274 1685 1319 laudatum

290 1344 588 1404 vituperarent
610 1360 710 1388 eum
736 1344 866 1389 iidem
892 1345 989 1405 ipsi,
1021 1354 1065 1389 et
1095 1344 1385 1404 vituperando
1408 1353 1538 1405 atque
1563 1361 1686 1404 sper-

288 1415 432 1460 nendo
454 1431 503 1460 ea
526 1416 618 1474 ipsa
639 1425 867 1460 narrarent
883 1451 895 1471 ,
920 1432 1011 1460 non
1032 1418 1294 1460 accenderer
1321 1417 1367 1459 in
1391 1431 1492 1459 eum
1520 1426 1563 1460 et
1595 1431 1687 1460 non

287 1486 511 1528 excitarer.
538 1489 594 1528 Et
611 1494 726 1528 certe
759 1500 825 1529 res
860 1500 952 1529 non
981 1485 1077 1529 aliae
1112 1486 1286 1541 forent,
1321 1502 1402 1530 nec
1432 1487 1564 1531 homo
1595 1488 1686 1546 ipse

285 1554 394 1598 alius
415 1574 426 1612 3
451 1553 527 1597 sed.
549 1554 858 1599 tantummodo
879 1555 1001 1598 aliud
1032 1555 1216 1600 affectus
1254 1558 1538 1600 narrantium.
1572 1560 1685 1601 Ecce

283 1624 358 1668 ubi
373 1626 490 1684 jacet
511 1625 654 1667 anima
674 1624 847 1667 infirma
864 1658 875 1679 ‚
896 1624 1102 1668 nondum
1137 1626 1306 1669 haerens
1335 1625 1540 1670 soliditati
1568 1628 1686 1671 veri«

282 1695 396 1739 tatis.
426 1695 546 1739 Sicut
568 1709 684 1738 aurae
705 1693 953 1752 linguarum
975 1695 1177 1740 flaverint
1191 1711 1214 1739 a
1230 1697 1478 1755 pectoribus
1498 1698 1685 1757 opinan-

284 1766 420 1821 tium,
447 1765 507 1808 ita
529 1764 669 1809 fertur
686 1774 729 1809 et
743 1765 929 1809 vertitur
946 1800 958 1821 ,
985 1774 1218 1825 torquetur
1241 1781 1289 1810 ac
1312 1777 1616 1827 retorquetur3
1640 1778 1683 1813 et

283 1835 569 1881 obnubilatur
601 1835 640 1879 ei
672 1835 844 1890 lumen,
879 1845 923 1880 et
951 1851 1042 1880 non
1069 1836 1262 1880 cernitur
1297 1839 1468 1882 veritas.
1506 1841 1562 1882 Et
1583 1854 1683 1883 ecce

283 1915 348 1951 est
375 1916 475 1950 ante
504 1921 596 1950 nos.
624 1908 681 1949 Et
702 1921 909 1964 magnum
933 1905 1150 1966 quiddam
1173 1907 1282 1951 mihi
1319 1917 1410 1952 erat
1428 1943 1439 1963 ,
1476 1909 1510 1952 si
1541 1924 1682 1954 sermo

282 1993 404 2022 meus
427 1986 470 2021 et
491 1976 633 2021 studia
653 1992 747 2020 mea
768 1976 832 2020 illi
855 1978 947 2022 viro
969 1978 1307 2022 innotescerent.
1331 1981 1440 2031 Quae
1461 1981 1495 2022 si
1518 1980 1681 2038 proba·-

287 2057 379 2104 ret,
413 2048 641 2107 flagrarem
675 2048 833 2107 magis,
871 2048 905 2091 si
927 2056 1072 2091 autem
1103 2048 1390 2107 improbaret,
1416 2051 1680 2094 sauciaretur

288 2135 364 2165 cor
379 2134 544 2165 vanum
561 2127 605 2163 et
620 2119 746 2162 inane
767 2116 991 2162 soliditatis
1015 2127 1117 2162 tuae.
1144 2128 1187 2162 et
1208 2128 1353 2163 tamen
1370 2119 1602 2179 pulchrum
1625 2120 1680 2164 il-

288 2189 369 2234 lud
385 2199 516 2250 atque
533 2198 700 2249 aptum,
723 2187 841 2232 unde
859 2189 915 2232 ad
932 2203 1033 2232 eum
1048 2189 1315 2248 scripseram,
1332 2189 1519 2234 libenter
1532 2191 1677 2236 animo

289 2262 530 2317 versabam,
551 2261 608 2305 ob
632 2276 677 2306 os
701 2259 1078 2320 contemplationis
1099 2276 1224 2316 meae,
1243 2269 1286 2305 et
1306 2260 1429 2307 nullo
1451 2262 1677 2307 collauda-

295 2342 386 2378 tore
401 2333 604 2377 mirabar.
