1871 3162
571 254 886 283 conressmivmvt
901 271 911 291 ‚
947 253 1041 293 ΜΒ.Π
1064 253 1126 278 x1.
1454 241 1533 280 291

167 460 587 477 ΝῚΜΝΙΙἎΛΛΑΝΑΛΙἋΛΛΙἉΛΛΑΛ
592 452 1542 476 QWWWWWWUNWMMWWWUWVQMMMM

704 614 918 663 CAPUT
954 616 1014 661 V.

488 793 575 839 Ex
597 791 743 838 nz'lzz'lo
764 790 983 838 conditas
1000 788 1218 836 mandas.

225 979 324 1020 VII.
351 979 568 1030 Quomono
590 985 736 1020 autem
765 975 903 1019 fecisti
920 974 1081 1019 coelum
1099 983 1142 1019 et
1164 984 1324 1019 terram
1341 1009 1352 1029 ‚
1377 983 1420 1018 et
1444 990 1544 1034 quae

167 1046 366 1090 machina
397 1055 485 1090 tam
521 1045 694 1103 grandis
731 1044 991 1104 operationis
1018 1046 1138 1088 tuae?
1159 1046 1257 1090 Non
1284 1044 1400 1088 enim
1435 1044 1546 1088 sicut

166 1117 298 1161 homo
313 1116 466 1161 artifex
481 1115 674 1162 formans
691 1130 848 1173 corpus
865 1113 920 1158 de
934 1129 1115 1173 corpore
1133 1149 1145 1169 ,
1163 1114 1375 1158 arbitratu
1390 1114 1546 1158 animae

166 1187 348 1233 valentis
370 1187 593 1246 imponere
612 1195 851 1244 utcumque
872 1184 1059 1244 speciem
1080 1199 1210 1245 quam
1249 1185 1387 1229 cernit
1408 1185 1455 1228 in
1475 1199 1545 1229 se-

166 1256 347 1317 metipsa
368 1257 540 1301 interno
561 1255 706 1301 oculo.
732 1258 789 1300 Et
810 1255 926 1300 unde
949 1256 1032 1300 hoc
1053 1255 1244 1310 valeret,
1269 1255 1351 1300 nisi
1373 1255 1476 1315 quia
1497 1264 1546 1299 tu
1592 1260 1595 1262 '

166 1326 306 1372 fecisti
323 1329 448 1372 eam?
482 1330 538 1371 Et
556 1326 742 1386 imponit
762 1326 949 1385 speciem
972 1327 1063 1386 jam
1085 1326 1281 1370 existenti
1303 1335 1346 1370 et
1368 1326 1549 1370 habenti

168 1408 217 1441 ut
238 1406 370 1454 esset3
408 1396 542 1441 veluti
567 1405 715 1451 terrae,
755 1406 830 1441 aut
847 1396 1013 1455 lapidi,
1041 1406 1116 1440 aut
1136 1395 1256 1456 ligno
1272 1431 1284 1452 ,
1309 1405 1384 1440 aut
1412 1412 1517 1441 auro
1534 1430 1545 1450 ‚

168 1477 243 1514 aut
263 1468 308 1512 id
331 1483 467 1528 genus
489 1483 633 1512 rerum
663 1466 857 1512 cuilibet.
882 1470 938 1512 Et
957 1468 1076 1512 unde
1096 1469 1175 1513 ista
1208 1477 1372 1523 essent,
1397 1468 1479 1512 nisi
1500 1477 1549 1511 tu

166 1539 420 1584 instituisses
455 1540 529 1583 ea?
568 1542 633 1583 Tu
655 1538 778 1583 fabro
811 1554 969 1598 corpus
983 1573 994 1594 ‚
1038 1548 1085 1583 tu
1119 1539 1314 1582 animum
1344 1539 1548 1583 membris

166 1610 485 1670 imperitantem
509 1608 646 1653 fecisti
666 1628 675 1653 :
699 1618 743 1653 tu
765 1609 989 1654 materiam
1013 1607 1130 1652 unde
1147 1607 1251 1653 facit
1271 1607 1437 1669 aliquid
1463 1627 1472 1652 :
1499 1617 1548 1651 tu

166 1680 389 1739 ingenium
411 1696 501 1739 quo
522 1689 658 1724 artem
679 1680 843 1739 capiat,
881 1689 925 1724 et
957 1680 1101 1730 videat
1136 1681 1252 1725 intus
1285 1679 1394 1740 quid
1419 1678 1548 1725 faciat

167 1748 269 1795 foris
289 1769 298 1794 z
317 1759 365 1794 tu
383 1765 556 1794 sensum
572 1751 763 1809 corporis
782 1765 871 1809 quo
887 1750 1124 1810 interprete
1137 1753 1320 1812 trajiciat
1333 1755 1388 1799 ab
1403 1757 1548 1803 animo

168 1821 225 1865 ad
246 1820 470 1865 materiam
490 1819 533 1864 id
557 1819 676 1879 quod
697 1819 802 1864 facit
818 1854 829 1874 ‚
854 1829 898 1864 et
920 1822 1138 1866 renuntiet
1158 1823 1304 1868 animo
1326 1827 1434 1885 quid
1456 1827 1549 1872 fac-

167 1900 265 1935 tum
283 1891 358 1948 sit3
383 1898 433 1935 ut
448 1888 521 1933 ille
536 1889 653 1934 intus
675 1887 873 1934 consulat
886 1890 1189 1948 praesidentem
1203 1894 1285 1938 sibi
1301 1896 1542 1953 veritatem,

169 1976 225 2006 an
239 1961 353 2005 bene
369 1961 533 2005 factum
549 1959 615 2006 sit.
644 1962 702 2003 Te
717 1959 900 2004 laudant
916 1960 1009 2004 haec
1029 1962 1175 2007 omnia
1192 1974 1430 2010 creatorem
1453 1983 1544 2012 om-

167 2031 290 2074 nium
316 2050 326 2077 2
351 2032 425 2075 sed
448 2041 495 2075 tu
517 2029 740 2090 quomodo
756 2029 860 2075 facis
881 2032 965 2075 ea?
986 2033 1208 2091 quomodo
1224 2034 1386 2092 fecisti,
1412 2041 1543 2094 Deus,

168 2100 329 2145 coelum
347 2110 392 2145 et
417 2103 605 2146 terram?
626 2102 724 2146 Non
744 2101 896 2161 utique
917 2101 963 2145 in
984 2101 1098 2148 coelo
1119 2118 1262 2165 neque
1282 2106 1329 2150 in
1346 2117 1459 2153 terra
1478 2108 1546 2153 fe-

170 2171 264 2216 cisti
285 2171 447 2216 coelum
470 2180 514 2215 et
530 2180 690 2215 terram
715 2189 724 2215 :
748 2185 891 2230 neque
908 2171 952 2215 in
975 2174 1072 2216 aere
1093 2183 1169 2218 aut
1187 2175 1234 2220 in
1264 2178 1409 2237 aquis⁷
1432 2195 1546 2239 quo-

171 2241 287 2285 niam
308 2250 351 2285 et
370 2242 464 2286 haec
480 2241 697 2300 pertinent
714 2240 769 2285 ad
781 2240 941 2286 coelum
959 2252 1002 2286 et
1017 2252 1190 2290 terram.
1210 2248 1360 2307 Neque
1380 2250 1425 2292 in
1447 2251 1550 2295 uni-

170 2326 293 2356 verso
314 2310 481 2355 mundo
502 2310 640 2355 fecisti
667 2311 917 2356 universum
940 2315 1156 2360 mundum
1172 2350 1184 2371 ‚
1209 2318 1312 2377 quia
1341 2334 1432 2363 non.
1459 2330 1552 2366 erat
1607 2316 1624 2362 *i

170 2383 249 2426 ubi
264 2382 388 2426 fieret
403 2391 637 2441 antequam
658 2383 780 2426 fieret
796 2391 846 2427 ut
866 2393 988 2428 esset.
1010 2386 1098 2430 Nec
1116 2402 1251 2432 manu
1269 2389 1448 2435 tenebas
1469 2391 1548 2436 ali-

174 2453 281 2513 quid
305 2452 424 2497 unde
446 2452 606 2497 faceres
629 2451 790 2497 coelum
818 2461 861 2497 et
891 2462 1073 2513 terram3
1095 2472 1199 2502 nam
1225 2459 1344 2504 unde
1365 2461 1445 2504 tibi
1467 2462 1550 2507 hoc

171 2524 293 2583 quod
310 2532 360 2568 tu
377 2537 466 2568 non
487 2521 665 2580 feceras,
681 2523 800 2568 unde
818 2523 979 2584 aliquid
996 2525 1158 2572 faceres
1172 2530 1190 2571 ‘3
1206 2529 1323 2583 Quid
1336 2531 1452 2576 enim
1469 2542 1547 2589 est,

1331 2603 1394 2644 19.
