1871 3162
591 215 938 252 CONFESSIONUM‚
973 214 1055 240 Lm.
1092 213 1188 239 xm.
1491 197 1574 238 395

198 291 401 328 carentur
421 296 549 341 super
570 289 745 325 terram.
771 283 881 324 Item
899 277 1087 322 dicerem
1111 277 1166 320 ad
1188 291 1236 319 ea
1253 290 1395 319 rerum
1421 289 1577 333 genera

196 355 412 415 pertinere
445 351 794 397 benedictionem
814 352 950 404 hanc,
974 365 1073 410 quae
1095 348 1314 408 gignendo
1341 362 1393 390 ex
1422 355 1577 390 semet-

196 426 297 485 ipsis
331 432 646 483 propagantur3
673 423 708 465 si
730 437 824 465 eam
848 421 1079 480 reperirem
1112 419 1158 462 in
1187 417 1393 469 arbustis,
1419 425 1461 459 et
1484 414 1578 459 fru-

197 496 317 549 tetis,
342 504 386 539 et
417 495 463 537 in
485 494 716 553 pecoribus
750 503 890 537 terrae.
917 495 1044 537 Nunc
1070 499 1216 534 autern
1247 503 1327 532 nec
1357 487 1502 530 herbis
1536 495 1580 530 et

196 567 323 626 lignis
343 566 507 610 dictum
525 575 609 620 est,
635 580 715 609 nec
734 564 880 608 bestiis
898 572 941 607 et
958 561 1248 622 serpentibus:
1270 578 1288 600 «
1307 558 1516 611 Crescite,
1538 566 1581 601 et

199 656 221 680 »
247 636 620 696 multiplicamini3
642 654 662 676 η
688 651 788 680 cum
814 636 909 679 haec
926 648 1103 693 quoque
1128 631 1297 682 omnia,
1316 629 1426 674 sieut
1447 629 1581 687 pisces

197 717 242 753 et
258 723 355 752 aves
376 716 420 751 et
430 707 643 761 homines,
668 704 885 764 gignendo
909 713 1165 762 augeantur,
1192 715 1414 760 genusque
1436 707 1582 743 custo-

197 778 335 824 diant.

256 851 463 893 XXXVI.
480 848 737 907 Quidigitur
750 846 891 891 dicam
904 881 914 900 ,
932 846 1080 889 lumen
1100 858 1244 888 meum
1269 842 1460 886 Veritas?
1482 840 1582 901 quia

197 929 324 966 vacat
335 920 440 973 hoc,
457 919 558 979 quia
570 919 756 962 inaniter
770 918 828 961 ita
846 916 1012 961 dictum
1026 917 1114 959 est?
1127 917 1414 974 Nequaquam
1426 947 1437 967 ,
1459 915 1584 955 Pater

197 991 393 1051 pietatis,
413 991 524 1034 absit
542 1000 591 1033 ut
612 991 697 1034 hoc
718 988 832 1033 dicat
849 1003 995 1033 servus
1012 986 1143 1030 Verbi
1160 986 1239 1029 tui.
1264 987 1321 1028 Et
1342 985 1376 1028 si
1398 999 1478 1042 ego
1495 998 1584 1027 non

199 1061 397 1120 intelligo
414 1061 524 1121 quid
536 1061 619 1105 hoc
634 1060 809 1119 eloquio
823 1059 1056 1116 significes,
1072 1066 1252 1101 utantur
1269 1071 1319 1099 eo
1334 1054 1486 1098 melius
1500 1069 1586 1097 me-

188 1131 350 1182 diores,
376 1130 420 1174 id
443 1140 528 1185 est,
548 1129 904 1187 intelligentiores
929 1143 1061 1188 quam
1095 1142 1173 1184 ego
1201 1141 1320 1179 sum,
1349 1125 1585 1184 unicuique

199 1211 413 1263 quantum
430 1216 578 1261 sapere
595 1200 767 1255 dedisti,
787 1204 899 1244 Deus
917 1215 1053 1243 meus.
1071 1198 1242 1242 Placeat
1260 1206 1404 1241 autem
1421 1204 1463 1239 et
1480 1211 1587 1240 con-

199 1273 329 1318 fessio
346 1288 441 1317 mea
458 1287 604 1317 coram
619 1271 755 1316 oculis
768 1271 870 1326 tuis,
886 1287 972 1331 qua
987 1269 1066 1314 tibi
1079 1269 1290 1314 confiteor
1303 1268 1478 1312 credere
1496 1281 1582 1321 me,

201 1343 409 1397 Domine,
435 1358 523 1387 non
540 1343 755 1387 incassum
780 1352 823 1387 te
847 1342 906 1386 ita
927 1340 1125 1386 locutum
1145 1354 1235 1384 esse
1250 1373 1261 1394 ,
1283 1353 1426 1398 neque
1450 1336 1586 1382 silebo

203 1413 324 1473 quod
336 1413 646 1457 mihilectionis
658 1413 734 1472 huj
742 1428 788 1457 us
800 1412 967 1457 occasio
979 1411 1182 1469 suggerit.
1198 1411 1361 1453 Verum
1373 1417 1436 1452 est
1444 1408 1560 1451 enim
1572 1443 1583 1463 ,

202 1499 283 1528 nec
301 1482 426 1528 video
444 1482 551 1543 quid
568 1481 777 1542 impediat
789 1483 846 1526 ita
862 1497 932 1525 me
948 1481 1106 1525 sentire
1120 1480 1235 1524 dicta
1253 1479 1437 1539 figurata
1451 1477 1589 1523 libro-

202 1569 299 1598 rum
309 1562 502 1597 tuorum.
517 1554 624 1598 Novi
637 1553 753 1597 enim
771 1551 1065 1611 multipliciter
1079 1551 1307 1610 significari
1317 1565 1392 1608 per
1405 1564 1561 1607 corpus
1572 1585 1583 1604 ,

202 1623 322 1683 quod
340 1639 428 1668 uno
449 1624 582 1668 modo
605 1632 749 1666 mente
771 1622 1045 1681 intelligitur,
1063 1631 1106 1665 et
1123 1621 1422 1680 multipliciter
1441 1629 1586 1664 mente

203 1693 386 1752 intelligi
403 1729 413 1749 ,
429 1693 550 1753 quod
564 1709 653 1737 uno
662 1693 794 1737 modo
811 1708 887 1751 per
899 1708 1056 1751 corpus
1070 1692 1349 1750 significatur.
1366 1694 1479 1736 Ecce
1491 1691 1587 1735 sim·

201 1765 300 1825 plex
313 1764 487 1809 dilectio
500 1766 577 1809 Dei
592 1774 635 1809 et
648 1764 853 1824 proximi,
870 1779 1001 1823 quam
1016 1763 1329 1822 multiplicibus
1341 1777 1587 1806 sacramen-

201 1836 255 1880 tis
270 1845 332 1890 ,et
350 1835 742 1879 innumerabilibus
755 1834 914 1894 linguis
926 1869 936 1888 ,
958 1843 1001 1878 et
1015 1835 1059 1877 in
1076 1848 1340 1893 unaquaque
1356 1832 1504 1890 lingua
1519 1833 1587 1876 in-

199 1905 546 1950 numerabilibus
556 1906 830 1950 locutionum
842 1904 982 1949 modis
991 1939 1003 1959 ,
1018 1904 1298 1964 corporaliter
1310 1904 1588 1961 enuntiatur?

198 1977 259 2020 ita
295 1985 495 2021 cresc-unt
526 1986 569 2020 et
601 1976 946 2036 multiplicantur
975 1974 1111 2020 foetus
1138 1990 1365 2035 aquarum.
1398 1974 1587 2018 Attende

199 2047 358 2091 iterum
375 2047 570 2107 quisquis
587 2048 680 2091 haec
702 2047 830 2105 legis:
851 2062 950 2091 ecce
967 2045 1087 2106 quod
1106 2062 1195 2090 uno
1217 2044 1348 2089 modo
1367 2046 1586 2104 Scriptura

200 2117 351 2172 effert,
376 2127 419 2161 et
437 2133 520 2162 vox
545 2127 747 2177 personat
771 2138 780 2163 :
811 2138 829 2159 «
852 2121 901 2162 In
922 2118 1135 2177 principio
1161 2116 1262 2160 fecit
1283 2119 1398 2161 Deus
1420 2115 1584 2160 eoelum

206 2206 226 2229 n
252 2197 295 2231 et
315 2190 517 2246 terram¹3
543 2206 562 2229 ))
584 2204 730 2233 nonne
752 2187 1337 2247 multipliciterintelligitur,
1360 2202 1449 2231 non
1471 2201 1587 2231 erro·

202 2274 299 2303 rum
321 2257 512 2314 fallacia,
537 2259 613 2304 sed
630 2275 828 2304 verarum
846 2259 1231 2318 intelligentiarum
1253 2258 1504 2318 generibus?
1524 2258 1584 2302 ita

200 2339 402 2375 crescunt
418 2341 462 2375 et
483 2330 830 2390 multiplicantur
849 2330 982 2375 foetus
1001 2331 1247 2375 hominum.

260 2403 487 2445 XXXVII.
525 2404 678 2461 Itaque
690 2402 724 2444 si
743 2410 918 2444 naturas
931 2402 1043 2460 ipsas
1058 2415 1203 2443 rerum
1218 2415 1307 2444 non
1332 2398 1582 2457 allegorice,
1633 2394 1665 2446 ‚ss

200 2470 275 2516 sed
317 2472 490 2530 proprie
531 2472 796 2531 cogitemus,
837 2470 891 2515 ad
931 2471 1076 2515 omnia
1119 2485 1217 2529 quae
1255 2469 1309 2514 de
1348 2469 1584 2514 seminibus

249 2563 258 2577 ¹
280 2558 355 2587 Gen⁴
379 2567 400 2595 1,
428 2567 453 2587 1.
