1871 3162
222 198 318 251 286,
650 210 684 239 s.
720 212 949 240 Aneus'rml
982 213 1162 241 ssnscom

221 291 350 334 super
370 291 463 331 nos,
496 285 546 321 ut
576 276 732 321 liberes
762 293 840 322 nos
867 278 1063 332 omnino,
1101 279 1306 338 quoniam
1335 279 1522 338 coepisti,
1551 288 1602 323 ut

221 346 467 391 desinamus
484 363 572 392 esse
589 348 731 391 miseri
753 349 798 391 in
820 348 960 403 nobis,
981 358 1023 393 et
1037 349 1333 394 beatificemur
1350 350 1395 393 in
1411 359 1470 405 te,
1491 343 1602 410 quo-

221 418 338 461 niam
360 419 518 462 vocasti
549 434 627 462 nos
659 428 709 463 ut
741 419 872 463 simus
903 435 1113 479 pauperes
1135 421 1304 479 spiritu,
1330 429 1372 464 et
1394 421 1534 475 mites,
1559 429 1604 464 et

220 488 434 547 lugentes,
455 499 498 533 et
514 490 749 533 esurientes
767 505 815 533 ac
836 489 1029 534 sitientes
1045 491 1275 550 justitiam,
1296 501 1339 535 et
1360 491 1604 535 misericor-

222 558 314 613 des,
332 569 375 603 et
391 559 717 615 mundicordes,
739 569 781 603 et
804 560 1012 619 pacifici¹.
1040 563 1152 605 Ecce
1174 562 1343 606 narravi
1365 562 1444 605 tibi
1469 561 1604 605 multa

223 645 322 690 quae
352 631 500 690 potui,
527 640 569 674 et
590 647 688 690 quae
720 630 854 686 volui,
881 632 1086 690 quoniam
1116 641 1163 676 tu
1192 633 1308 691 prior
1330 632 1521 688 voluisti,
1555 642 1605 676 ut

221 701 450 745 confiterer
471 701 550 745 tibi
571 702 753 746 Domino
776 706 864 746 Deo
883 718 996 758 mco,
1021 703 1226 762 quoniam
1250 703 1391 748 bonus
1413 720 1472 759 es,
1491 719 1605 762 quo-

222 772 340 816 niam
354 772 399 816 in
415 771 623 816 saeculum
642 773 931 818 misericordia
950 782 1024 818 tua
1041 776 1073 816 ².

223 940 716 958 mmmmmmm

1142 942 1607 959 mmmmm

746 1075 964 1123 CAPUT
1002 1077 1064 1122 H.

400 1229 530 1274 Petit
560 1245 592 1273 α
621 1227 727 1274 Deo
759 1228 1120 1288 Scripturarum
1151 1240 1431 1275 sanctarum

722 1299 1101 1363 intelllgentiam.

283 1460 341 1501 ΙΙ.
377 1460 564 1510 QUANDO
582 1467 726 1502 autem
743 1459 914 1502 sufficio
931 1458 1080 1517 lingua
1103 1458 1257 1504 calami
1279 1462 1506 1505 enuntiare
1522 1477 1609 1505 om-

225 1528 295 1572 nia
317 1529 591 1573 hortamenta
611 1539 698 1584 tua,
719 1538 762 1572 et
784 1545 933 1573 omnes
955 1539 1136 1574 terrores
1157 1539 1271 1585 tuos,
1292 1540 1334 1574 et
1349 1532 1610 1576 consolatio-

224 1614 314 1652 nes,
351 1608 393 1642 et
423 1600 758 1657 gubernationes
795 1600 956 1658 quibus
984 1615 1053 1643 me
1093 1600 1331 1658 perduxisti
1373 1601 1609 1660 praedicare

224 1669 423 1723 verbum,
445 1679 487 1713 ct
504 1679 822 1712 sacramentum
840 1679 965 1713 tuum
984 1668 1231 1728 dispensare
1244 1669 1407 1729 populo
1428 1673 1531 1715 tuo?
1554 1675 1609 1715 Et

225 1740 259 1783 si
278 1740 445 1783 sufficio
464 1740 556 1784 haec
574 1740 800 1783 enuntiare
815 1756 865 1783 ex
883 1740 1055 1794 ordine,
1080 1756 1178 1784 caro
1196 1740 1303 1784 mihi
1320 1741 1464 1786 valent
1481 1742 1608 1786 stillae

225 1819 488 1868 temporum.
523 1813 579 1853 Et
607 1808 712 1853 olim
732 1808 958 1853 inardesco
979 1809 1180 1853 meditari
1201 1811 1246 1853 in
1268 1809 1362 1869 lege
1384 1822 1474 1866 tua,
1500 1823 1542 1856 et
1563 1813 1608 1856 in

226 1894 274 1923 ea
296 1880 376 1923 tibi
397 1880 594 1923 confiteri
615 1880 835 1923 scientiam
859 1890 901 1923 et
922 1880 1180 1938 imperitiam
1198 1895 1356 1936 meam,
1375 1881 1609 1940 primordia

226 1950 554 1994 illuminationis
573 1959 675 2005 tuae,
697 1960 740 1994 et
762 1950 961 2009 reliquias
985 1950 1260 1994 tenebrarum
1286 1967 1496 2007 mearum,
1522 1969 1610 2011 quo

227 2036 364 2079 usque
386 2022 618 2065 devoretur
638 2037 660 2065 a
684 2021 941 2065 fortitudine
968 2021 1208 2074 infirmitas,
1234 2030 1277 2064 et
1298 2022 1400 2066 nolo
1423 2023 1468 2066 in
1490 2022 1610 2067 aliud

226 2091 346 2135 horae
372 2090 591 2145 diffluant,
615 2107 723 2151 quas
745 2091 922 2135 invenio
943 2090 1099 2134 liberas
1121 2106 1143 2133 a
1167 2091 1489 2136 necessitatibus
1508 2094 1609 2136 refi-

229 2160 373 2205 ciendi
403 2162 609 2219 corporis,
643 2171 685 2205 et
712 2160 963 2204 intentionis
992 2159 1139 2213 animi,
1172 2169 1215 2203 et
1237 2161 1452 2205 servitutis
1477 2179 1608 2222 quam

230 2231 439 2275 debemus
455 2232 718 2287 hominibus,
739 2240 782 2275 et
798 2246 929 2290 quam
946 2246 1036 2274 non
1052 2230 1276 2285 debemus,
1297 2240 1339 2276 et
1356 2240 1501 2277 tamen
1518 2233 1611 2277 red-

230 2300 389 2346 dimus.

289 2375 372 2416 111.
407 2372 590 2417 Domine
607 2375 720 2416 Deus
737 2387 875 2426 meus,
893 2370 1074 2416 intende
1095 2372 1280 2417 orationi
1301 2387 1423 2429 meae,
1451 2383 1494 2418 et
1522 2375 1608 2418 mi-

232 2442 462 2488 sericordia
490 2452 566 2488 tua
597 2442 800 2488 exaudiat
822 2441 1086 2487 desiderium
1108 2457 1271 2500 meum,
1289 2445 1499 2504 quoniam
1520 2461 1610 2492 non

280 2546 289 2563 ¹
311 2540 466 2582 Mami-v,
483 2540 558 2582 3-9.
574 2557 615 2565 —=
635 2547 648 2564 ²
664 2541 744 2574 Psal.
765 2551 864 2582 cxvii,
887 2551 916 2573 1-
