1871 3162
617 215 932 243 coivfsssiommu
945 233 955 253 ,
992 217 1073 242 Lus.
1109 218 1152 242 x.
1497 206 1579 244 253

209 278 352 337 piant,
383 278 500 322 unde
533 287 711 337 apparet
739 294 833 322 eam
861 293 950 323 esse
974 279 1020 322 in
1043 293 1193 323 eorum
1225 279 1405 335 notitia3
1437 287 1582 324 tamen

208 362 285 405 per
307 348 496 406 corporis
530 363 678 392 sensus
705 347 809 392 alios
842 348 1094 408 eloquentes
1114 347 1513 392 animadverterunt
1540 359 1584 393 et

208 415 408 461 delectati
437 427 563 473 sunt,
594 428 637 462 et
661 419 744 462 hoc
776 433 866 462 esse
887 418 1132 462 desiderant
1157 437 1166 462 :
1191 420 1209 475 (
1221 431 1474 477 quanquam
1499 419 1581 461 nisi

209 502 259 531 ex
289 488 490 532 interiore
522 489 674 532 notitia
705 504 795 532 non
832 480 1178 542 delectarentur,
1208 502 1352 546 neque
1387 487 1471 531 hoc
1498 501 1584 530 esse

209 558 369 603 vellent
410 558 490 603 nisi
521 558 866 603 delectarentur:
896 561 912 615 )
944 560 1115 602 beatam
1156 573 1257 602 vero
1287 559 1420 601 vitam
1462 558 1585 603 nullo

207 643 334 672 sensu
356 630 545 688 corporis
570 630 616 673 in
634 629 726 673 aliis
749 630 1006 689 experimur.
1032 629 1258 688 Numquid
1292 629 1403 673 sicut
1429 630 1584 672 memi-

207 699 349 742 nimus
372 699 816 758 gaudium?Fortasse
837 700 912 743 ita.
930 702 1035 744 Nam
1055 699 1262 757 gaudium
1285 714 1431 742 meum
1456 700 1582 743 etiam

208 769 336 812 tristis
359 769 561 824 memini,
585 770 693 813 sicut
708 770 840 813 vitam
857 769 1026 812 beatam
1045 769 1171 812 miser
1193 788 1202 813 ;
1227 783 1369 828 neque
1391 784 1584 828 unquam

208 840 396 898 corporis
419 855 544 884 sensu
575 840 782 898 gaudium
812 854 958 882 meum
982 839 1051 882 vel
1079 839 1193 893 vidi,
1223 839 1292 883 vel
1321 839 1463 882 audivi
1481 875 1490 893 ,
1516 839 1586 883 vel

208 910 413 955 odoratus
443 926 560 965 sum,
595 910 665 954 vel
697 910 889 968 gustavi,
914 909 984 954 vel
1003 910 1150 968 tetigi,
1179 910 1254 953 sed
1274 919 1472 969 expertus
1489 925 1584 953 sum

206 982 252 1025 in
269 981 413 1025 animo
428 996 523 1025 meo
544 981 720 1040 quando
738 981 909 1025 laetatus
926 995 1018 1024 sum
1037 1001 1047 1037 3
1063 989 1106 1024 et
1122 980 1303 1024 adhaesit
1322 981 1410 1039 ejus
1436 981 1586 1025 notitia

209 1052 428 1095 memoriae
460 1067 593 1105 meae,
629 1061 677 1094 ut
711 1051 755 1094 id
784 1051 995 1094 reminisci
1028 1050 1194 1094 valeam
1229 1049 1463 1109 aliquando
1487 1066 1586 1093 cum

208 1123 508 1181 aspernatione
526 1157 536 1176 ,
560 1121 793 1181 aliquando
807 1137 905 1165 cum
925 1121 1153 1171 desiderio,
1179 1136 1257 1179 pro
1273 1136 1419 1164 earum
1442 1136 1587 1164 rerum

207 1191 451 1235 diversitate
473 1192 527 1235 de
546 1192 703 1252 quibus
726 1207 794 1234 me
812 1192 1003 1250 gavisum
1024 1206 1112 1234 esse
1127 1191 1320 1234 memini.
1342 1193 1448 1235 Nam
1469 1200 1510 1234 et
1534 1192 1587 1235 de

211 1262 406 1320 turpibus
432 1262 589 1320 gaudio
620 1261 811 1321 quodam
842 1260 1040 1320 perfusus
1065 1276 1158 1305 sum
1177 1296 1187 1314 ,
1214 1260 1332 1320 quod
1369 1277 1487 1304 nunc
1522 1277 1587 1304 re-

209 1332 390 1376 cordans
423 1321 612 1376 detestor
641 1342 772 1390 atque
806 1347 980 1375 execror
1013 1331 1281 1390 :aliquando
1304 1330 1358 1374 de
1389 1331 1512 1374 bonis
1547 1341 1588 1375 et

209 1403 418 1457 honestis,
451 1402 570 1461 quod
598 1401 846 1446 desiderans
870 1401 1039 1454 recolo,
1070 1401 1239 1445 tametsi
1262 1399 1372 1445 forte
1394 1418 1482 1445 non
1513 1403 1590 1445 ad-

209 1482 331 1523 sunt,
352 1482 395 1515 et
416 1473 515 1516 ideo
539 1472 667 1516 tristis
690 1472 897 1530 gaudium
920 1471 1149 1530 pristinum
1175 1471 1335 1516 recolo.

269 1545 430 1586 XXXI.
462 1543 542 1586 Ubi
565 1557 664 1599 ergo
687 1552 729 1585 et
750 1542 927 1601 quando
950 1552 1149 1601 expertus
1169 1558 1264 1586 sum
1293 1543 1425 1586 vitam
1449 1558 1591 1587 meam

210 1613 379 1657 beatam
400 1623 449 1657 ut
472 1613 669 1657 recorder
686 1629 803 1668 eam,
826 1623 869 1657 et
893 1629 1033 1657 amem
1055 1624 1098 1658 et
1115 1613 1381 1657 desiderem?
1403 1617 1489 1658 Nec
1512 1628 1591 1671 ego

212 1693 379 1728 tantum
397 1719 407 1737 ,
440 1694 514 1727 aut
544 1698 644 1727 cum
674 1684 846 1742 paucis,
878 1684 952 1727 sed
988 1685 1098 1727 beati
1137 1699 1308 1743 prorsus
1330 1699 1479 1727 omnes
1501 1700 1591 1728 esse

210 1755 423 1799 volumus.
441 1755 567 1807 Quod
587 1755 667 1798 nisi
685 1765 799 1798 certa
823 1756 974 1799 notitia
998 1770 1234 1808 nossemus,
1256 1771 1344 1799 non
1362 1764 1450 1798 tam
1474 1766 1590 1799 certa

210 1826 436 1870 voluntate
459 1825 679 1868 vellemus.
709 1824 792 1869 Sed
821 1824 927 1884 quid
949 1835 1010 1868 est
1040 1826 1122 1868 hoc
1156 1826 1275 1883 quod
1305 1826 1337 1868 si
1370 1835 1591 1885 quaeratur

213 1912 234 1939 a
258 1895 452 1950 duobus,
479 1905 627 1938 utrum
650 1895 831 1938 militare
853 1893 1013 1947 velint,
1034 1895 1127 1937 fieri
1145 1904 1286 1953 posset
1308 1904 1357 1938 ut
1379 1895 1487 1939 alter
1513 1911 1589 1939 eo-

213 1982 309 2010 rum
326 1965 436 2010 velle
453 1981 512 2020 se,
529 1966 636 2009 alter
650 1964 766 2009 nolle
780 1964 1036 2024 respondeat
1053 1967 1070 2008 Ρ
1085 1966 1127 2010 Si
1150 1975 1297 2010 autem
1319 1966 1374 2011 ab
1392 1966 1451 2010 eis
1464 1982 1589 2025 quae-

213 2047 357 2092 ratur,
391 2045 538 2080 utrum
566 2036 680 2080 beati
713 2050 800 2079 esse
830 2035 993 2090 velint,
1023 2035 1115 2079 fieri
1140 2036 1296 2094 possit,
1327 2045 1377 2079 ut
1405 2045 1589 2097 uterque

212 2109 356 2152 statim
379 2123 423 2151 se
441 2107 531 2151 sine
552 2106 641 2150 ulla
664 2106 938 2150 dubitatione
964 2105 1078 2150 dicat
1095 2116 1271 2165 optare,
1295 2122 1374 2151 nec
1399 2107 1455 2151 ob
1473 2106 1592 2151 aliud

211 2179 316 2223 velit
345 2178 417 2222 ille
441 2178 646 2232 militare,
672 2192 751 2221 nec
768 2177 826 2221 ob
848 2176 966 2220 aliud
1004 2177 1081 2221 iste
1104 2177 1240 2231 nolit,
1278 2177 1357 2221 nisi
1392 2186 1441 2221 ut
1477 2179 1590 2222 beati

213 2249 328 2293 sint?
349 2250 458 2293 Nam
485 2246 598 2292 forte
624 2247 830 2307 quoniam
854 2246 961 2290 alius
983 2247 1084 2291 hinc
1102 2282 1112 2301 ,
1141 2246 1249 2291 alius
1267 2248 1368 2291 inde
1391 2246 1553 2306 gaudet
1580 2267 1587 2292 ε

214 2320 271 2363 ita
285 2334 329 2363 se
352 2333 498 2363 omnes
513 2319 663 2363 beatos
687 2332 775 2362 esse
796 2316 907 2360 velle
924 2327 1166 2362 consonant
1183 2353 1192 2371 ,
1215 2318 1589 2378 quemadmodum

214 2399 501 2435 consonarent
521 2390 555 2434 si
576 2390 658 2434 hoc
681 2389 1047 2446 interrogarentur
1079 2404 1122 2432 se
1143 2387 1255 2432 velle
1287 2388 1474 2446 gaudere
1491 2424 1502 2444 ,
1523 2398 1590 2433 at-

214 2478 300 2523 que
315 2463 457 2521 ipsum
475 2460 679 2519 gaudium
693 2461 822 2504 vitam
843 2459 1011 2503 beatam
1028 2461 1214 2504 vocant?
1227 2459 1355 2512 Quod
1372 2469 1415 2503 et
1431 2460 1465 2504 si
1483 2460 1590 2504 alius

216 2533 341 2587 hinc,
368 2531 474 2575 alius
496 2530 613 2575 illinc
633 2529 893 2588 assequitur,
921 2543 1057 2572 unum
1075 2537 1137 2572 est
1160 2537 1300 2572 tamen
1322 2545 1409 2588 quo
1431 2545 1584 2588 pervc—
