1871 3162
561 230 906 268 conFEssmNUM,
942 232 1024 258 Lm.
1062 233 1159 259 vm.
1454 220 1535 258 171

135 297 346 343 ‘stabilior
361 298 408 341 in
429 305 474 341 te
495 311 584 340 esse
605 295 852 354 cupiebam.
881 298 943 339 De
962 308 1058 338 mea
1080 309 1183 338 vero
1205 293 1434 352 temporali
1453 294 1538 338 vita

153 367 369 411 nutabant
389 366 552 420 omnia,
575 374 619 410 et
640 363 943 408 mundandum
966 373 1058 408 erat
1079 379 1153 408 cor
1175 379 1199 407 a
1220 363 1436 406 fermento
1463 377 1540 406 ve-

152 438 256 492 teri,
289 446 333 481 et
353 435 551 496 placebat
571 437 639 480 via
665 436 756 495 ipse
776 435 971 480 Salvator
989 456 1000 493 3
1027 444 1070 480 et
1090 436 1152 478 ire
1171 449 1248 493 per
1269 435 1360 494 ejus
1380 447 1542 490 angus-

151 508 230 552 tias
246 507 389 551 adhuc
409 505 602 565 pigebat.
620 508 677 549 Et
697 506 756 549 im
766 505 917 549 misisti
934 507 979 549 in
995 514 1186 550 mentem
1205 519 1362 558 meam,
1384 503 1544 547 visum—

150 591 238 637 que
255 586 317 620 est
334 578 502 621 bonum
520 577 565 620 in
580 585 818 635 conspectu
834 591 932 620 meo
948 590 1126 635 pergere
1144 574 1198 618 ad
1214 573 1542 632 Simplicianum

151 648 227 707 qui
239 647 344 691 mihi
355 647 497 691 bonus
511 647 745 706 apparebat
757 661 902 691 servus
916 655 1032 700 tuus,
1045 645 1269 690 etlucebat
1284 644 1329 688 in
1341 659 1392 688 eo
1403 643 1541 702 gratia

150 725 241 760 tua.
258 715 491 760 Audieram
509 716 637 760 etiam
655 715 774 775 quod
790 732 812 759 a
826 717 1058 774 juventute
1078 731 1153 758 sua
1173 713 1446 758 devotissime
1463 713 1543 757 tihi

150 787 337 831 viveret:
354 787 444 846 jam
459 802 561 831 vero
575 795 681 829 tunc
692 795 909 840 senuerat,
927 786 1111 845 etglonga
1125 794 1252 829 aetate
1265 785 1310 828 in
1323 793 1409 828 tam
1424 784 1542 827 bono

149 856 294 901 studio
312 856 527 901 sectandae
559 857 639 900 viae
670 865 774 910 tuae,
799 856 938 899 multa
965 863 1182 913 expertus,
1203 854 1339 920 multa
1364 852 1542 896 edoctus

149 927 256 974 mihi
277 927 510 970 videbatur
523 962 533 981 ,
559 935 602 970 et
639 942 739 971 vere
772 927 831 970 sic
864 934 969 969 erat.
1008 926 1133 969 Unde
1167 926 1274 968 mihi
1302 933 1351 968 ut
1374 923 1543 983 profer-

149 1005 215 1040 ret
228 995 444 1047 volebam,
465 994 706 1040 conferenti
722 1010 865 1039 secum
882 1004 1010 1038 aestus
1027 1002 1161 1048 meos,
1173 995 1269 1053 quis
1287 1002 1396 1036 esset
1416 1002 1543 1051 aptus

150 1065 306 1109 modus
321 1066 379 1109 sic
401 1066 575 1120 affecto,
591 1075 640 1109 ut
659 1080 740 1122 ego
758 1079 891 1117 eram,
910 1063 965 1106 ad
981 1062 1295 1106 ambulandum
1310 1063 1354 1104 in
1365 1062 1433 1105 via
1449 1070 1538 1104 tua.

208 1138 266 1179 ΙΙ.
303 1136 514 1179 Videbam
538 1136 652 1178 enim
677 1135 850 1193 plenam
872 1133 1125 1186 Ecclesiam,
1154 1142 1197 1176 et
1216 1132 1323 1175 alius
1346 1132 1405 1175 sie
1428 1132 1538 1186 ibat,

150 1205 256 1249 alius
284 1214 429 1249 autem
459 1205 532 1248 sic.
562 1205 670 1248 Mihi
701 1213 847 1247 autern
871 1202 1127 1261 displicebat
1151 1201 1272 1261 quod
1296 1201 1477 1259 agebam
1496 1203 1541 1245 in

150 1274 326 1328 saeculo,
349 1284 392 1318 et
414 1274 534 1318 oneri
552 1274 658 1317 mihi
675 1282 767 1316 erat
783 1272 926 1325 valde,
952 1287 1041 1315 non
1057 1273 1145 1330 jam
1167 1271 1542 1314 inflammantibus

152 1342 480 1402 cupiditatibus,
501 1352 550 1386 ut
568 1342 785 1397 solebant,
808 1357 882 1400 spe
898 1341 1074 1385 honoris
1096 1349 1139 1384 et
1159 1341 1374 1398 pecuniae,
1401 1341 1456 1384 ad
1478 1350 1543 1385 to·

150 1412 373 1457 lerandam
397 1412 516 1456 illam
533 1412 785 1455 servitutem
808 1419 897 1453 tam
923 1425 1111 1467 gravem.
1132 1412 1229 1453 Jam
1246 1410 1359 1452 enim
1381 1425 1451 1452 me
1468 1409 1542 1453 illa

150 1498 241 1527 non
258 1481 532 1525 delectabant
561 1496 649 1539 prae
679 1478 910 1523 dulcedine
928 1488 1002 1522 tua
1025 1488 1068 1522 et
1090 1478 1245 1522 decore
1267 1477 1423 1522 domus
1453 1488 1541 1522 tuae

151 1566 285 1612 quam
302 1550 432 1594 dilexi
445 1552 477 1604 1,
506 1549 582 1593 sed
609 1549 754 1593 adhuc
776 1548 986 1592 tenaciter
1003 1547 1240 1606 colligabar
1261 1562 1312 1591 ex
1330 1546 1510 1592 foemina
1529 1567 1537 1592 z

151 1637 232 1666 nec
249 1636 318 1665 me
334 1620 597 1680 prohibebat
614 1618 847 1678 Apostolus
862 1618 1101 1678 conjugari,
1122 1618 1319 1678 quamvis
1336 1618 1540 1662 exhorta-

151 1701 271 1736 retur
293 1690 348 1735 ad
364 1689 532 1744 melius,
557 1690 741 1733 maxime
763 1688 914 1733 volens
936 1703 1085 1733 omnes
1101 1688 1300 1732 homines
1313 1688 1372 1732 sic
1386 1703 1475 1732 esse
1492 1698 1541 1733 ut

151 1763 242 1822 ipse
263 1769 355 1804 erat
368 1762 400 1804 ².
435 1758 520 1804 Sed
537 1774 617 1817 ego
638 1759 851 1802 infirmior
873 1757 1085 1817 eligebam
1109 1757 1351 1802 molliorem
1373 1757 1537 1813 locum,

153 1841 196 1876 et
214 1840 390 1890 propter
406 1831 490 1874 hoc
507 1844 644 1873 unum
666 1828 874 1873 volvebar
892 1828 937 1872 in
954 1828 1119 1872 caeteris
1140 1827 1390 1886 languidus,
1416 1838 1459 1872 et
1476 1838 1542 1872 ta-

154 1902 331 1946 bescens
352 1900 465 1944 curis
487 1898 700 1954 marcidis,
735 1899 856 1958 quod
878 1907 922 1942 et
944 1899 988 1941 in
1017 1897 1109 1942 aliis
1131 1899 1261 1941 rebus
1281 1913 1389 1957 quas
1415 1899 1542 1942 nole-

154 1972 254 2015 bam
286 1970 391 2030 pati,
426 1983 667 2027 congruere
688 1968 876 2025 cogebar
897 1967 998 2012 vitae
1019 1967 1251 2028 conjugali,
1277 1968 1348 2012 cui
1370 1966 1542 2013 deditus

156 2041 470 2099 obstringebar.
492 2039 728 2083 Audieram
746 2054 799 2082 ex
816 2053 891 2082 ore
908 2038 1113 2092 veritatis,
1133 2053 1223 2082 esse
1239 2037 1451 2097 spadones
1467 2040 1543 2099 qui

156 2128 201 2158 se
216 2113 330 2171 ipsos
346 2111 625 2156 absciderunt
643 2119 821 2169 propter
833 2124 1017 2168 regnum
1036 2108 1250 2154 coelorum
1271 2128 1280 2153 z
1305 2127 1326 2151 «
1344 2108 1446 2165 Sed,
1466 2110 1543 2169 qui

159 2202 181 2225 »
205 2191 362 2242 potest,
379 2182 538 2241 inquit,
556 2196 728 2240 capere,
754 2181 896 2240 capiat
909 2182 942 2224 3.
965 2199 986 2222 »
1009 2180 1121 2224 Vani
1137 2189 1240 2225 sunt
1260 2189 1376 2225 certe
1394 2196 1543 2225 omnes

128 2287 130 2289 -
156 2253 352 2299 homines
374 2253 535 2312 quibus
552 2268 638 2296 non
657 2252 769 2296 inest
786 2252 865 2296 Dei
883 2251 1060 2296 scientia
1078 2272 1089 2308 3
1114 2267 1194 2296 nec
1216 2252 1271 2295 de
1290 2251 1341 2295 iis
1360 2267 1460 2310 quae
1477 2252 1544 2296 vi-

158 2324 319 2369 dentur
355 2324 486 2378 bona,
519 2331 760 2383 potuerunt
792 2322 986 2366 invenire
1016 2337 1116 2366 eum
1140 2323 1215 2381 qui
1235 2330 1299 2365 est
1314 2322 1347 2365 ⁴.
1383 2324 1442 2366 At
1462 2337 1543 2381 ego

156 2399 245 2458 jam
275 2411 366 2441 non
394 2411 509 2440 eram
541 2397 587 2440 in
615 2395 689 2440 illa
717 2395 923 2439 vanitate.
951 2394 1318 2440 Transcenderam
1352 2410 1464 2450 eam,
1500 2404 1543 2439 et

160 2475 428 2513 contestante
448 2467 646 2511 universa
665 2475 861 2511 creatura.
876 2475 966 2521 tua,
984 2466 1235 2511 inveneram
1247 2473 1291 2510 te
1302 2474 1542 2510 creatorem

208 2558 218 2575 ¹
238 2551 318 2584 Psal.
338 2561 415 2591 xxv,
429 2550 461 2582 8.
475 2567 516 2574 —
535 2558 549 2574 ²
571 2562 584 2584 1
601 2553 673 2584 cor.
693 2562 809 2584 v11.-—·
830 2549 843 2575 3
856 2551 971 2583 Matth.
987 2561 1055 2591 xix,
1070 2559 1122 2583 12.
1142 2567 1184 2574 —
1198 2550 1214 2578 4
1232 2551 1309 2592 Sap.
1332 2560 1401 2590 xm,
1423 2560 1452 2581 1.
