1871 3162
555 259 901 295 eonfizssionuM,
937 259 1019 285 ΜΒ.
1055 260 1131 284 xit.
1439 250 1519 287 337

153 443 185 458 a&
190 443 256 459 M!
260 441 892 460 wmmmwummmmwmmmnvmmm
896 441 1527 460 mmmmmmmmmwwsswmm

658 573 879 621 CAPUT
914 575 1018 623 XV.

173 732 296 793 Qace
332 732 391 777 de
412 732 549 789 Deo,
586 733 738 793 deque
767 734 968 798 Angelis
996 744 1042 780 et
1079 734 1277 798 informi
1308 736 1515 780 materia

182 805 323 848 sentit
339 806 655 866 Augustinus,
681 823 777 852 non
784 817 985 867 possunt
997 805 1294 853 oblocutores
1308 823 1501 870 negare.

211 964 376 1007 XVIII.
413 966 517 1008 NUM
541 964 690 1008 dicetis
713 964 822 1008 falsa
854 980 960 1019 esse,
987 981 1086 1025 quae
1108 967 1216 1010 mihi
1237 967 1403 1010 Veritas
1432 981 1537 1010 voce

153 1032 256 1076 forti
276 1032 321 1075 in
336 1048 482 1077 aurem
506 1033 754 1078 interiorem
778 1035 883 1078 dicit
905 1034 960 1078 de
982 1050 1081 1079 vera
1103 1035 1344 1080 aeternitate
1361 1037 1540 1080 Creato-

155 1101 228 1157 ris‚
243 1101 362 1161 quod
373 1118 648 1163 nequaquam
666 1105 757 1162 ejus
773 1104 1011 1148 substantia
1027 1120 1103 1163 per
1121 1114 1317 1163 tempora
1334 1105 1538 1161 varietur,

157 1187 238 1216 nec
270 1173 361 1231 ejus
381 1172 582 1217 voluntas
604 1183 725 1217 extra
755 1175 847 1233 ejus
877 1175 1161 1220 substantiam
1196 1176 1275 1218 sit?
1299 1175 1424 1220 Unde
1450 1192 1540 1220 non

153 1258 252 1287 eum
271 1244 401 1287 modo
419 1243 531 1287 velle
548 1245 647 1299 hoc,
670 1244 805 1288 modo
825 1245 937 1289 velle
957 1243 1081 1301 illud,
1109 1247 1183 1289 sed
1201 1246 1332 1290 semel
1349 1256 1392 1291 et
1411 1248 1541 1292 simul

157 1323 200 1358 et
221 1329 390 1373 semper
412 1313 523 1359 velle
545 1315 691 1358 omnia
712 1331 811 1374 quae
833 1314 950 1369 vult,
977 1330 1066 1359 non
1090 1316 1247 1360 iterum
1271 1326 1313 1361 et
1350 1317 1505 1362 iterum
1524 1354 1534 1374 ,

153 1400 296 1444 neque
311 1400 429 1428 nunc
453 1385 548 1440 ista,
573 1400 691 1429 nunc
711 1384 784 1429 illa
801 1400 898 1439 ‚nec
919 1385 1032 1429 velle
1054 1396 1202 1445 postea
1223 1387 1343 1447 quod
1366 1388 1541 1433 nolebat

153 1464 228 1499 aut
246 1455 361 1499 nolle
383 1455 503 1515 quod
527 1456 644 1514 prius
662 1455 864 1512 volebat3
889 1457 990 1515 quia
1007 1455 1102 1500 talis
1123 1456 1325 1502 voluntas
1347 1460 1540 1503 mutabi-

153 1525 204 1569 lis
225 1535 315 1581 est,
341 1535 383 1570 et
405 1541 533 1571 omne
551 1525 761 1570 mutabile
781 1535 996 1569 aeternum
1018 1542 1106 1570 non
1129 1537 1191 1572 est
1217 1547 1225 1572 :
1250 1531 1363 1573 Deus
1392 1540 1538 1574 autem

154 1606 300 1640 noster
319 1605 506 1640 aeternus
521 1606 598 1640 est.
625 1599 735 1640 Item
759 1596 878 1655 quod
897 1596 1005 1639 mihi
1027 1596 1153 1652 dicit,
1181 1597 1287 1643 dicit
1316 1600 1362 1643 in
1384 1616 1536 1647 aurem

154 1667 405 1711 interiorem
433 1686 440 1711 :
481 1667 723 1725 expectatio
756 1681 904 1710 rerum
930 1675 1215 1712 venturarum
1240 1669 1290 1713 fit
1317 1672 1539 1717 contuitus

157 1753 256 1781 cum
278 1739 476 1782 venerint
489 1759 498 1794 3
512 1738 716 1797 idemque
730 1738 950 1781 contuitus
968 1738 1015 1781 fit
1034 1739 1241 1782 memoria
1259 1755 1359 1783 cum
1378 1752 1539 1800 praete-

158 1808 307 1851 rierint
333 1828 340 1850 ε
368 1809 507 1851 omnis
525 1823 653 1867 porro
676 1808 859 1851 intentio
879 1824 978 1867 quae
1013 1808 1071 1851 ita
1098 1809 1289 1853 variatur
1318 1813 1540 1857 mutabilis

158 1889 245 1934 est,
280 1889 323 1923 et
355 1895 484 1923 omne
516 1879 726 1923 mutabile
750 1888 962 1923 aeternum
991 1894 1079 1923 non
1113 1889 1176 1924 est
1212 1900 1219 1924 :
1257 1884 1368 1926 Deus
1396 1894 1540 1928 autem

159 1959 305 1995 noster
339 1960 526 1994 aeternus
548 1959 625 1994 est.
649 1953 751 1993 Haec
775 1949 933 2008 colligo
957 1960 1086 2008 atque
1114 1951 1331 2009 conjungo
1354 1963 1397 1997 et
1423 1954 1545 1998 inve-

160 2023 232 2067 nio
245 2025 385 2066 Deum
408 2037 554 2066 meum
573 2024 713 2066 Deum
734 2030 965 2075 aeternum,
988 2036 1076 2065 non
1098 2020 1242 2081 aliqua
1256 2039 1367 2068 nova
1391 2025 1544 2070 volun-

160 2102 249 2138 tate
286 2091 528 2137 condidisse
550 2101 794 2136 creaturam
811 2127 822 2147 ,
860 2107 938 2136 nec
967 2092 1186 2136 scientiam
1223 2095 1313 2153 ejus
1339 2097 1543 2141 transito-

161 2165 274 2208 rium
298 2162 464 2223 aliquid
486 2163 590 2223 pati.
1192 2165 1194 2167 ’

220 2237 344 2279 ΧΙΧ.
380 2233 496 2287 Quid
518 2249 621 2293 ergo
653 2233 821 2288 dicetis,
847 2232 1215 2278 contradictores?
1236 2238 1305 2278 An
1318 2233 1424 2280 falsa
1447 2248 1549 2283 sunt

162 2305 265 2349 ista?
288 2306 400 2358 Non,
420 2304 641 2364 inquiunt.
662 2301 778 2356 Quid
799 2301 939 2347 illud?
960 2305 1075 2348 Num
1099 2301 1257 2348 falsum
1291 2314 1355 2349 est
1376 2321 1550 2352 omnem

168 2384 367 2419 naturam
392 2373 619 2418 formatam
642 2373 920 2417 materiamve
943 2372 1220 2418 formabilem
1242 2389 1331 2418 non
1351 2390 1455 2432 esse,
1471 2378 1553 2422 nisi

169 2445 223 2489 ab
245 2444 319 2488 illo
341 2443 417 2503 qui
437 2459 605 2487 summe
630 2443 771 2487 bonus
791 2452 869 2497 est,
887 2443 987 2502 quia
1006 2458 1173 2486 summe
1191 2446 1284 2487 est?
1304 2447 1454 2505 Neque
1473 2448 1555 2493 hoc

170 2531 395 2575 negamus»,
426 2515 647 2575 inquiunt,
675 2514 788 2567 Quid
810 2515 965 2572 igitur?
988 2516 1056 2558 An
1078 2512 1189 2557 illud
1207 2516 1396 2574 negatis,
1420 2517 1558 2562 subli-

173 2601 286 2631 mem
308 2585 543 2647 quamdam
559 2601 648 2631 esse
670 2594 910 2631 creaturam
930 2593 1015 2629 tam
1037 2593 1155 2629 casto
1174 2599 1319 2631 amore
1336 2587 1561 2635 cohaeren-

361 2668 531 2699 cxxxn.
1356 2659 1407 2697 22
