1871 3162
525 261 869 298 CONFESSIONUM,
904 261 986 286 Lm.
1023 263 1052 286 1.
1419 254 1468 290 17

101 324 357 370 crediderat.
392 327 501 370 Nam
533 324 606 368 illa
643 323 865 382 satagebat
893 333 943 368 ut
973 333 1023 368 tu
1044 324 1150 367 mihi
1172 334 1294 383 pater
1335 342 1443 371 esses
1462 364 1471 382 ‚

101 399 216 440 Deus
237 409 374 448 meus,
400 395 543 453 potius
564 409 693 453 quam
712 393 784 437 ille
801 414 812 450 3
827 404 870 438 et
891 394 937 437 in
958 395 1041 438 hoc
1059 394 1293 454 adjuvabas
1315 410 1409 439 eam
1426 407 1476 440 ut

102 474 323 525 superaret
338 465 478 510 virum
490 499 502 520 ‚
521 465 591 509 cui
613 463 766 509 melior
791 465 1030 523 serviebat3
1050 465 1153 525 quia
1169 466 1272 510 etin
1288 467 1371 511 hoc
1395 467 1476 511 tibi

102 536 256 596 utique
276 534 322 579 id
337 535 512 595 jubenti
527 535 754 580 serviebat.

161 608 328 651 XVIII.
352 610 476 666 Rogo
498 616 540 651 te
554 642 565 661 ‚
591 610 704 651 Deus
726 621 862 662 meUS,
887 606 1043 652 vellem
1065 607 1171 651 scire
1187 643 1197 662 ‚
1223 608 1257 651 si
1280 617 1330 652 tu
1352 609 1481 652 etiam

105 676 264 733 velles,
304 693 392 738 quo
425 677 602 722 consilio
639 677 797 722 dilatus
822 693 917 722 sum
937 713 948 733 ‚
987 694 1042 721 ne
1063 687 1168 723 tunc
1203 678 1444 738 baptizarer
1470 699 1479 724 :

107 757 256 792 utrum
289 750 406 793 bono
426 764 524 793 meo
555 749 662 792 mihi
695 750 813 809 quasi
837 749 976 793 laxata
1008 759 1110 793 sunt
1131 749 1220 794 lora
1245 750 1480 809 peccandi,

109 834 253 863 annon
280 819 420 863 laxata
447 821 580 863 sunt?
602 819 728 863 Unde
751 835 853 878 ergo
875 821 1003 864 etiam
1027 836 1145 864 nunc
1169 820 1223 864 de
1240 820 1332 865 aliis
1354 830 1485 880 atque

110 889 202 933 aliis
226 899 349 933 sonat
375 889 571 949 undique
593 890 639 933 in
661 890 836 933 auribus
861 890 1030 934 nostris.
1059 890 1158 934 Sine
1183 890 1307 934 illum
1325 925 1336 946 ‚
1356 890 1487 935 faciat

110 958 230 1019 quod
245 959 361 1013 vult,
386 959 583 1004 nondum
605 959 720 1003 enim
745 960 985 1018 baptizatus
1007 970 1068 1004 est
1089 979 1097 1005 :
1123 970 1165 1004 et
1184 969 1330 1004 tamen
1352 962 1397 1005 in
1418 976 1488 1005 sa-

112 1029 204 1074 lute
233 1031 425 1089 corporis
457 1046 547 1074 non
583 1031 792 1087 dicimus3
831 1031 931 1074 Sine
945 1065 956 1085 ‚
991 1030 1245 1074 vulneretur
1277 1030 1487 1090 amplius,

112 1099 308 1144 nondum
327 1100 441 1143 enim
464 1108 636 1144 sanatus
655 1109 732 1144 est.
755 1102 928 1152 Quanto
945 1114 1045 1157 ergo
1074 1101 1227 1144 melius
1249 1110 1292 1145 et
1315 1102 1400 1146 cito
1422 1118 1492 1146 sa-

114 1184 260 1223 narer,
289 1179 331 1213 et
348 1169 392 1212 id
414 1179 614 1226 ageretur
635 1184 804 1212 mecum
825 1184 1020 1213 meorum
1038 1185 1221 1230 meaque
1242 1170 1463 1230 diligentia
1480 1207 1491 1227 ,

114 1249 164 1283 ut
185 1248 356 1297 recepta
378 1239 492 1282 salus
511 1239 666 1282 animae
687 1254 796 1282 meae
815 1248 908 1283 tuta
926 1248 1034 1283 esset
1052 1241 1188 1284 tutela
1210 1251 1301 1297 tua,
1319 1243 1395 1302 qui
1418 1242 1495 1286 de-

117 1308 244 1353 disses
274 1311 401 1352 eam?
422 1308 578 1353 Melius
598 1324 715 1353 vero.
748 1309 831 1353 Sed
854 1318 963 1369 quot
985 1319 1028 1353 et
1055 1311 1209 1370 quanti
1232 1312 1391 1356 fluctus
1410 1313 1495 1355 im-

118 1378 305 1437 pendere
327 1379 617 1423 tentationum
639 1387 737 1438 post
758 1379 986 1437 pueritiam
1008 1379 1291 1436 videbantur,
1317 1392 1498 1427 noverat

119 1465 190 1494 eos
200 1451 290 1509 jam
308 1449 380 1493 illa
404 1460 569 1508 mater3
595 1459 638 1494 et
661 1458 817 1494 terram
840 1465 916 1508 per
934 1465 1004 1494 eos
1027 1450 1145 1494 unde
1160 1461 1307 1510 postea
1329 1452 1497 1497 forma—

119 1536 187 1565 rer
205 1556 216 1576 ,
236 1536 368 1581 quam
390 1522 523 1580 ipsam
541 1522 632 1581 jam
650 1521 836 1579 effigiem
853 1521 1125 1566 committere
1147 1522 1336 1568 volebat.

121 1699 1391 1721 WWWMMMMWWWVSMWRMOEQNKMMMMWWMUWMRWMWW
1395 1706 1430 1720 m
1436 1706 1503 1721 'vm

634 1833 851 1883 CAPUT
889 1838 1008 1883 ΧΠ.

155 1986 243 2030 Act
274 1985 456 2030 litteras
479 1978 766 2048 cogebatur,
803 2002 895 2046 quo
917 1998 1079 2033 tamen
1099 1989 1233 2034 Deus
1256 1989 1480 2034 utebatur

755 2057 886 2103 bene.

199 2215 322 2258 XIX.
358 2217 408 2259 ΙΝ
447 2215 538 2274 ipsa
579 2224 726 2259 tamen
766 2216 949 2274 pueritia
965 2251 976 2271 ,
1023 2217 1077 2260 de
1105 2232 1192 2277 qua
1227 2218 1332 2262 mihi
1366 2220 1508 2263 miuus

129 2302 261 2346 quam
279 2284 334 2329 de
353 2284 642 2329 adolescentia
663 2286 964 2342 metuebatur,
984 2302 1073 2330 non
1099 2288 1297 2332 amabam
1316 2289 1478 2334 litteras
1495 2325 1506 2344 ‚

131 2366 175 2400 et
196 2371 264 2399 me
291 2356 337 2398 in
359 2370 429 2398 eas
452 2355 595 2413 urgeri
617 2355 791 2398 oderam
812 2376 822 2412 3
848 2365 892 2400 et
913 2356 1102 2414 urgebar
1126 2366 1271 2402 tamen
1289 2393 1299 2411 ,
1332 2368 1374 2402 et
1396 2359 1509 2404 bene

133 2427 238 2470 mihi
254 2426 387 2469 fiebat
402 2460 413 2479 ‚
438 2439 518 2468 nec
540 2423 750 2469 faciebam
774 2440 853 2484 ego
871 2425 982 2470 bene
1001 2445 1009 2470 :
1035 2442 1125 2470 non
1147 2427 1264 2471 enim
1284 2428 1508 2486 discerem,

134 2497 215 2541 nisi
237 2511 427 2554 cogerer.
453 2498 592 2540 Nemo
629 2505 773 2538 autem
806 2496 965 2539 invitus
1001 2496 1112 2540 bene
1145 2496 1273 2552 facit,
1312 2501 1440 2543 etiam
1478 2502 1512 2545 si

137 2569 301 2613 bonum
324 2575 386 2610 est
408 2565 528 2625 quod
550 2565 667 2609 facit.
696 2569 782 2609 Nec
800 2567 875 2624 qui
898 2582 966 2610 me
988 2568 1224 2625 urgebant,
1250 2570 1360 2614 bene
1385 2570 1512 2616 facic-

322 2647 492 2678 cxxxu.
1279 2641 1302 2668 0

1279 2669 1303 2678 .-
