1871 3162
280 233 363 271 334
716 244 750 272 s.
786 244 1017 274 Auousmmr
1047 245 1229 275 13121800121

279 417 842 434 wummmmmmmmmm

1267 419 1657 436 mmmmm

742 550 960 599 CAPUT
1002 553 1122 599 XII.

277 703 307 746 I
315 736 324 745 .
348 699 407 746 N
406 698 496 745 z‘lzz'l
509 700 829 760 expetendum
846 704 941 747 nisi
960 712 1196 762 quatenus
1212 701 1435 748 conducit
1452 702 1523 748 acl
1539 720 1663 749 sum-

334 786 465 815 mum
490 769 685 823 bonum,
715 770 839 816 nillil
856 771 1146 817 horrendam
1168 774 1264 817 nisi
1288 783 1524 833 quatenus
1549 790 1662 821 avo-

335 850 431 885 cat.
457 868 511 874 —
533 840 612 886 II.
639 840 852 886 Cornelii
878 841 1009 887 Celsi
1026 844 1278 888 sententia.

335 1001 436 1044 XX.
473 1002 558 1045 SED
578 1015 729 1060 quaero
752 1001 828 1044 abs
854 1009 920 1055 te,
943 1015 1022 1044 cur
1043 1015 1114 1044 eos
1136 1001 1332 1045 homines
1359 1016 1468 1060 quos
1498 1001 1637 1060 diligis
1655 1037 1666 1057 ,

276 1070 347 1116 vel
368 1071 511 1115 vivere
528 1106 539 1125 ,
558 1070 628 1115 vel
648 1079 790 1114 tecum
810 1071 954 1114 vivere
974 1072 1154 1130 cupias?
1172 1074 1229 1115 A.
1250 1073 1306 1115 Ut
1322 1071 1486 1115 animas
1502 1081 1670 1116 nostras

279 1150 322 1184 et
355 1143 495 1184 Deum
527 1139 654 1184 simul
689 1139 962 1184 concorditer
994 1140 1279 1200 inquiramus.
1307 1143 1374 1184 Ita
1398 1141 1512 1184 enim
1545 1141 1671 1186 facile

282 1211 353 1254 cui
365 1211 496 1270 priori
510 1211 725 1269 contingit
741 1210 952 1265 inventio,
967 1220 1145 1254 caeteros
1168 1226 1218 1255 eo
1236 1212 1325 1255 sine
1338 1212 1488 1256 labore
1508 1212 1673 1271 perdu-

286 1282 360 1326 cit.
382 1285 435 1325 R.
459 1281 577 1334 Quid
598 1283 633 1325 si
654 1281 813 1326 nolunt
834 1282 928 1325 haec
939 1281 1002 1324 illi
1015 1284 1241 1341 quaerere?
1259 1286 1311 1326 A.
1335 1283 1610 1327 Persuadebo
1625 1293 1675 1327 ut

288 1352 438 1396 velint.
453 1355 508 1396 R.
530 1352 646 1405 Quid
665 1353 699 1396 si
717 1367 804 1396 non
822 1352 974 1411 possis,
988 1351 1053 1395 vel
1072 1351 1192 1411 quod
1205 1367 1249 1396 se
1264 1352 1477 1397 invenisse
1488 1353 1674 1413 jam,vel

286 1422 407 1482 quod
424 1423 503 1466 ista
525 1438 615 1466 non
632 1438 754 1482 posse
773 1423 954 1466 inveniri
972 1423 1254 1476 arbitrantur,
1271 1423 1341 1467 vel
1363 1422 1480 1482 quod
1495 1423 1675 1467 aliarum

286 1508 434 1536 rerum
457 1493 572 1537 curis
594 1502 637 1536 et
659 1492 873 1537 desiderio
895 1492 1259 1551 praepediuntur?
1293 1495 1346 1537 A.
1374 1493 1557 1537 Habebo
1577 1509 1650 1537 eos
1664 1528 1675 1547 ‚

288 1573 333 1607 et
355 1564 434 1621 ipsi
456 1579 526 1606 me
534 1599 550 1618 ,
573 1564 684 1607 sicut
704 1578 947 1623 possumus.
974 1566 1028 1607 R.
1057 1562 1169 1616 Quid
1198 1563 1231 1606 si
1263 1572 1306 1606 te
1340 1564 1394 1606 ab
1418 1563 1679 1624 inquirendo

288 1633 420 1676 etiam
447 1632 659 1692 impediat
680 1648 830 1677 eorum
859 1633 1117 1691 praesentia?
1134 1634 1289 1677 Nonne
1306 1632 1525 1677 laborabis
1548 1643 1680 1693 atque

291 1702 482 1761 optabis,
508 1703 543 1745 si
567 1702 691 1745 aliter
714 1717 802 1746 esse
825 1718 913 1744 non
937 1710 1140 1758 possunt,
1158 1717 1248 1745 non
1265 1711 1410 1746 tecum
1427 1718 1516 1746 esse
1537 1703 1682 1762 potius

292 1786 425 1830 quam
458 1771 517 1813 sic
540 1772 660 1813 esse?
683 1773 733 1813 A.
759 1772 934 1823 Fateor,
954 1769 1012 1813 ita
1036 1778 1100 1812 est
1127 1778 1176 1812 ut
1206 1769 1327 1814 dicis.
1354 1774 1406 1814 R.
1432 1774 1530 1817 Non
1550 1773 1684 1831 igitur

294 1855 445 1885 eorum
478 1839 548 1884 vel
584 1840 717 1883 vitam
750 1838 819 1884 vel
856 1840 1130 1899 praesentiam
1152 1850 1329 1900 propter
1351 1857 1395 1885 se
1419 1842 1556 1901 ipsam
1573 1878 1584 1897 ‚
1609 1844 1685 1887 sed
1740 1867 1743 1869 ·

293 1921 473 1971 propter
487 1910 796 1955 inveniendam
817 1911 1073 1970 sapientiam
1093 1911 1247 1970 cupis?
1264 1915 1315 1956 A.
1339 1915 1518 1956 Prorsus
1539 1928 1684 1957 assen-

300 1982 399 2026 tior.
426 1985 479 2025 R.
504 1980 651 2034 Quid?
673 1984 816 2040 Ipsam
837 1981 971 2025 vitam
992 1990 1115 2025 tuam
1137 1982 1170 2024 si
1191 1981 1269 2024 tibi
1292 1991 1459 2026 certum
1477 1993 1586 2026 esset
1601 1984 1687 2027 im·-

297 2051 552 2111 pedimento
571 2067 659 2096 esse
682 2053 737 2095 ad
763 2051 1218 2111 comprehendendam
1254 2053 1505 2111 sapientiam
1521 2089 1532 2108 ,
1556 2053 1688 2099 velles

300 2137 395 2166 eam
413 2137 588 2165 manere
603 2125 621 2165 P
635 2126 687 2166 A.
708 2123 900 2167 Omnino
922 2138 1016 2165 eam
1034 2120 1244 2179 fugerem.
1262 2126 1315 2165 R.
1333 2123 1448 2175 Quid
1465 2124 1498 2167 si
1512 2125 1688 2168 docere-

301 2192 357 2235 ris
372 2226 383 2245 ,
395 2200 485 2235 tam
494 2201 537 2235 te
552 2191 701 2234 relicto
719 2192 801 2235 isto
816 2206 996 2250 corpore
1007 2226 1018 2246 ‚
1039 2207 1172 2250 quam
1192 2192 1238 2234 in
1262 2192 1357 2251 ipso
1372 2194 1655 2238 constitutum
1675 2229 1686 2248 ‚

303 2276 426 2314 posse
455 2261 512 2304 ad
533 2261 785 2319 sapientiam
809 2262 1033 2319 pervenire
1048 2296 1058 2315 ‚
1085 2277 1256 2305 curares
1280 2271 1426 2305 utrum
1451 2263 1543 2318 hic,
1569 2279 1624 2306 an
1644 2264 1688 2306 in

305 2325 387 2369 alia
408 2326 498 2369 vita
531 2345 582 2370 eo
612 2329 733 2386 quod
762 2329 903 2387 diligis
925 2329 1163 2374 fruereris?
1193 2335 1243 2374 A.
1282 2332 1323 2375 Si
1345 2331 1452 2375 nihil
1479 2348 1548 2376 me
1569 2333 1691 2392 pejus

301 2404 585 2453 excepturum
620 2396 933 2455 intelligerem,
957 2400 1078 2457 quod
1117 2409 1232 2443 retro
1255 2410 1401 2458 ageret
1430 2402 1486 2444 ab
1521 2417 1572 2446 eo
1601 2418 1690 2462 quo

299 2478 550 2522 progressus
581 2481 700 2520 sum,
725 2481 815 2510 non
837 2482 1049 2511 curarem.
1077 2472 1130 2511 R.
1166 2472 1292 2513 Nunc
1328 2485 1430 2528 ergo
1463 2480 1690 2530 propterea

303 2533 412 2578 mori
431 2535 576 2589 times,
598 2551 652 2579 ne
669 2536 816 2595 aliquo
834 2538 979 2595 pejore
1002 2536 1115 2581 malo
1129 2537 1359 2582 involvaris
1375 2574 1385 2593 ‚
1406 2555 1495 2598 quo
1512 2541 1590 2584 tibi
1611 2556 1691 2584 au-
