1871 3162
539 239 885 277 CONFESSIONUM‚
916 241 998 268 Lux.
1034 242 1064 265 1.
1430 231 1484 268 19

115 314 266 356 AEneae
285 309 429 354 nescio
450 309 573 368 cujus
593 321 777 361 errores,
803 305 964 349 oblitus
985 317 1180 347 errorum
1201 318 1396 347 meorum
1413 321 1424 355 3
1443 314 1486 349 et

115 380 283 440 plorare
303 378 516 423 Didonem
538 386 781 430 mortuam,
804 375 906 435 quia
933 389 979 418 se
999 372 1158 418 occidit
1185 372 1244 417 ob
1264 387 1456 416 amorem
1473 407 1484 427 ‚

116 465 216 495 cum
237 451 400 494 interea
419 463 489 492 me
508 448 651 508 ipsum
673 447 719 490 in
748 445 815 489 his
843 461 868 489 a
888 453 931 489 te
950 444 1208 489 morientem
1224 477 1235 499 ,
1260 445 1373 487 Deus
1402 443 1488 486 vita

116 535 211 564 mea
228 554 240 574 ,
263 519 383 564 siccis
404 518 540 563 oculis
560 518 718 562 ferrem
738 515 1017 560 miserrimus.

174 591 296 633 XXI.
326 588 442 642 Quid
471 588 586 632 enim
606 587 801 631 miserius
819 586 972 630 misero
993 600 1084 630 non
1104 584 1335 628 miserante
1357 598 1401 627 se
1421 583 1490 642 ip-

117 675 230 715 sum,
245 668 287 704 et
301 659 433 703 flente
449 658 627 703 Didonis
640 666 824 702 mortem
837 672 936 717 quae
950 656 1082 700 fiebat
1095 653 1489 709 amandoAEneam,

118 746 208 775 non
236 730 368 774 flente
386 738 530 774 autem
551 737 735 773 mortem
758 743 903 782 suam,
929 743 1028 787 quae
1049 726 1181 770 fiebat
1200 741 1290 769 non
1308 725 1493 769 amando

118 810 176 855 te,
188 804 302 845 Deus
317 800 469 844 lumen
481 799 620 845 cordis
641 800 744 855 mei,
755 809 798 843 et
813 799 934 859 panis
955 798 1039 843 oris
1055 798 1173 842 intus
1193 797 1348 841 animae
1364 811 1489 850 meae,

119 880 162 916 et
187 872 323 916 virtus
349 874 554 915 maritans
583 879 775 914 mentem
809 884 951 914 meam
978 877 1022 913 et
1054 869 1198 912 sinum
1220 867 1493 926 cogitationis

118 944 367 987 meae?Non
387 951 431 985 te
448 942 663 996 amabam,
683 950 726 985 et
748 939 993 985 fornicabar
1014 940 1089 983 abs
1112 949 1176 993 te,
1194 948 1236 982 et
1258 938 1493 982 fornicanti

120 1013 302 1058 sonabat
314 1013 526 1072 undique,
537 1016 676 1071 Euge,
692 1027 818 1070 euge.
832 1011 1030 1055 Amicitia
1047 1010 1162 1054 enim
1176 1009 1329 1053 mundi
1346 1010 1492 1067 hujus,

121 1083 351 1129 fornicatio
368 1093 430 1128 est
456 1085 532 1127 abs
553 1093 596 1127 te
621 1103 630 1128 ε
651 1093 694 1127 et
714 1086 854 1141 Euge,
876 1097 986 1140 euge
1004 1081 1185 1135 dicitur,
1211 1090 1260 1124 ut
1276 1079 1439 1139 pudeat
1460 1080 1494 1123 si

121 1171 212 1200 non
230 1155 290 1199 ita
306 1155 438 1199 homo
458 1155 526 1198 sit.
539 1156 595 1198 Et
610 1155 705 1197 haec
723 1168 814 1197 non
831 1152 1007 1206 flebam,
1021 1150 1097 1195 sed
1114 1152 1273 1195 flebam
1286 1151 1499 1195 Didonem

499 1276 506 1281 .
554 1249 735 1282 Extinctam
748 1275 757 1291 ,
774 1249 924 1292 ferroque
941 1253 1083 1281 extrema
1100 1253 1245 1281 secutam
1260 1255 1269 1269 ¹
1286 1273 1294 1289 ‚

122 1342 304 1387 sequens
325 1328 416 1386 ipse
437 1336 625 1371 extrema
647 1327 822 1372 condita
839 1337 914 1371 tua
928 1362 938 1382 ,
959 1327 1110 1371 relicto
1131 1336 1190 1381 te,
1215 1335 1258 1370 et
1280 1336 1392 1370 terra
1410 1326 1501 1369 iens

122 1398 168 1441 in
184 1407 341 1442 terram
365 1416 373 1442 :
399 1406 442 1441 et
462 1397 497 1441 si
518 1397 772 1456 prohiberer
795 1413 843 1441 ea
864 1397 1028 1455 legere,
1054 1397 1247 1441 dolerem
1261 1432 1271 1452 ,
1293 1397 1393 1456 quia
1414 1412 1503 1441 non

123 1466 311 1526 legerem
328 1467 448 1527 quod
469 1467 677 1511 dolerem.
691 1467 804 1511 Talis
821 1467 1038 1511 dementia
1054 1469 1320 1511 honestiores
1338 1477 1380 1511 et
1402 1469 1504 1510 uhe-

124 1538 255 1581 riores
276 1536 430 1580 litterae
452 1546 663 1596 putantur
680 1572 691 1593 ,
716 1553 847 1598 quam
869 1532 955 1581 illae
976 1538 1135 1598 quibus
1163 1538 1306 1596 legere
1328 1547 1369 1581 et
1397 1538 1503 1582 scri-

125 1607 226 1651 bere
248 1606 393 1651 didici.

188 1679 333 1721 XXII.
361 1677 445 1721 Sed
468 1693 586 1721 nunc
614 1678 660 1720 in
688 1679 833 1722 anima
856 1693 951 1722 mea
979 1678 1136 1722 clamet
1156 1682 1269 1723 Deus
1298 1694 1442 1733 meus,
1462 1690 1506 1724 et

126 1748 278 1791 veritas
301 1756 375 1790 tua
398 1747 515 1791 dicat
536 1747 642 1790 mihi
665 1766 675 1791 ε
704 1749 801 1792 Non
823 1757 886 1792 est
913 1748 971 1792 ita
989 1783 1000 1802 ,
1024 1764 1113 1792 non
1141 1759 1205 1793 est
1231 1750 1290 1793 ita
1307 1785 1317 1805 ,
1352 1750 1504 1796 melior

126 1825 189 1860 est
217 1831 390 1875 prorsus
421 1816 617 1861 doctrina
648 1815 721 1860 illa
755 1817 887 1876 prior.
919 1820 1027 1862 Nam
1061 1833 1160 1863 ecce
1187 1820 1375 1878 paratior
1406 1837 1503 1864 sum

127 1886 320 1930 oblivisci
352 1901 514 1930 errores
551 1889 723 1941 AEneae,
753 1896 885 1946 atque
919 1889 1064 1932 omnia
1098 1891 1306 1948 ejusmodi
1325 1925 1335 1946 ,
1370 1908 1503 1951 quam

126 1956 312 2001 scribere
333 1966 376 2001 et
397 1956 552 2014 legere.
578 1959 635 2000 At
651 1956 767 2000 enim
784 1955 879 2001 vela
896 1957 1090 2016 pendent
1106 1960 1331 2006 liminibus
1357 1979 1503 2021 gram-

125 2028 381 2071 maticarum
410 2025 657 2071 scholarum
679 2044 687 2070 :
714 2025 790 2070 sed
811 2041 902 2071 non
933 2026 1007 2071 illa
1028 2029 1161 2088 magis
1192 2031 1402 2077 honorem
1434 2051 1503 2079 se—

126 2097 247 2152 creti,
272 2112 404 2156 quam
425 2105 724 2154 tegumentum
747 2097 899 2141 erroris
916 2098 1175 2156 significant.
1197 2103 1293 2146 Non
1314 2102 1503 2150 clament

127 2169 331 2213 adversus
362 2183 456 2222 me,
494 2183 602 2227 quos
633 2169 722 2227 jam
755 2183 844 2212 non
865 2168 1025 2224 timeo,
1050 2170 1154 2214 dum
1177 2175 1387 2219 confiteor
1423 2178 1503 2221 tibi

128 2254 227 2299 quae
247 2238 343 2283 vult
364 2238 506 2282 anima
522 2253 639 2293 mea,
664 2241 778 2282 Deus
794 2253 915 2282 meus
930 2274 940 2294 ,
974 2248 1017 2283 et
1039 2242 1263 2300 acquiesco
1283 2245 1327 2288 in
1355 2262 1502 2305 repre-

127 2310 335 2355 hensione
357 2310 567 2354 malarum
584 2309 753 2353 viarum
774 2325 984 2365 mearum,
998 2321 1047 2356 ut
1068 2312 1243 2372 diligam
1261 2316 1396 2362 bonas
1417 2321 1506 2366 vias

129 2390 239 2425 tuas.
262 2382 360 2426 Non
382 2379 569 2424 clament
601 2379 828 2424 adversum
860 2395 929 2424 me
949 2382 1194 2427 venditores
1218 2391 1506 2443 grammaticae

129 2451 200 2500 vel
229 2460 442 2511 emptores
469 2469 478 2496 ;
502 2450 604 2511 quia
623 2450 658 2495 si
678 2466 919 2510 proponam
947 2452 1006 2498 eis
1023 2487 1034 2509 ,
1058 2453 1328 2515 interrogans
1357 2468 1504 2506 utrum

178 2566 190 2584 1
214 2559 336 2593 AEneid.
357 2559 412 2593 lib.
436 2570 482 2601 vi,
496 2570 576 2593 vers.
596 2558 673 2601 457.

1333 2623 1373 2663 2.
