1871 3162
292 249 378 290 482
726 266 760 293 s.
795 263 1025 293 Aucus-run
1056 264 1236 292 zmscom

295 328 448 373 Dixisti
470 329 586 374 enim
603 329 724 390 quod
744 344 858 389 saepe
875 329 993 390 apud
1009 330 1315 389 Carthaginem
1331 364 1343 386 ,
1367 330 1444 373 ubi
1465 327 1673 374 diaconus

297 414 365 454 es,
397 398 451 443 ad
483 408 526 444 te
553 399 835 445 adducuntur
852 435 863 455 ,
896 401 973 460 qui
1006 401 1093 445 fide
1114 401 1347 445 christiana
1359 401 1566 460 primitus
1591 401 1674 445 im—

291 469 457 514 buendi
487 480 617 526 sunt,
653 486 705 516 eo
739 470 860 531 quod
894 470 1144 515 existimeris
1178 471 1339 515 habere
1377 470 1675 516 catechizandi

290 541 472 585 uberem
492 539 767 596 facultatem,
800 549 843 585 et
863 539 1062 585 doctrina
1083 540 1185 585 fidei
1207 550 1250 585 et
1272 542 1482 586 suavitate
1512 556 1676 586 sermo·
1692 534 1697 539 'V

290 611 356 654 nis
378 630 387 656 ε
412 619 455 654 te
473 620 619 655 autem
636 626 748 671 pene
768 625 938 670 semper
958 611 1176 669 angustias
1199 610 1315 669 pati,
1342 610 1533 669 idipsum
1555 611 1677 670 quod

292 681 511 727 credendo
532 683 762 727 Christiani
780 697 945 738 sumus,
963 697 1053 742 quo
1071 691 1200 741 pacto
1220 682 1450 726 commode
1472 682 1677 726 intiman-

293 752 400 796 dum
422 753 501 809 sit3
525 753 646 796 unde
668 752 949 810 exordienda,
964 768 1194 813 quousque
1215 753 1268 796 sit
1285 752 1565 812 perducenda
1582 768 1678 797 nar-

292 824 592 880 rati03utrum
604 823 952 867 exhortationem
974 823 1164 884 aliquam
1186 823 1415 867 terminata
1433 824 1678 867 narratione

294 894 503 939 adhibere
524 893 785 950 debeamus,
810 909 864 937 an
889 904 1105 953 praecepta
1123 893 1212 938 sola
1228 929 1238 949 ,
1263 895 1423 953 quibus
1446 895 1680 938 observan-

291 964 356 1008 dis
373 964 444 1008 cui
459 963 683 1023 loquimur
704 963 875 1007 noverit
897 964 1175 1007 christianam
1185 964 1321 1007 vitam
1343 964 1679 1022 professionem-

295 1049 382 1094 que
405 1034 595 1077 retineri.
624 1035 746 1093 Saepe
778 1041 925 1076 autem
952 1032 1032 1077 tibi
1068 1032 1270 1077 accidisse
1293 1032 1514 1077 confessus
1550 1042 1681 1092 atque

295 1112 562 1163 conquestus
594 1116 660 1157 es,
695 1111 746 1147 ut
777 1102 822 1147 in
852 1117 1050 1147 sermone
1084 1101 1217 1160 longo
1246 1112 1288 1147 et
1310 1103 1457 1161 tepido
1481 1103 1562 1146 tibi
1592 1103 1681 1162 ipse

296 1174 521 1219 vilesceres
558 1189 757 1234 essesque
779 1171 974 1228 fastidio,
1009 1171 1174 1216 nedum
1195 1173 1258 1216 illi
1290 1189 1421 1232 quem
1459 1172 1682 1233 loquendo

297 1245 544 1300 imbuebas,
575 1253 619 1288 et
653 1244 818 1289 caeteris
853 1243 929 1304 qui
966 1243 1191 1287 audientes
1224 1244 1404 1288 aderant
1430 1262 1438 1287 ε
1470 1258 1607 1302 eaque
1640 1252 1683 1287 te

301 1316 554 1360 necessitate
576 1313 706 1358 fuisse
735 1312 1034 1373 compulsum,
1058 1323 1108 1357 ut
1130 1328 1178 1356 ea
1199 1329 1267 1356 me
1290 1328 1423 1373 quam
1441 1313 1521 1356 tibi
1543 1313 1684 1356 debeo

299 1386 511 1432 charitate
548 1384 830 1445 compelleres
846 1420 859 1440 ,
896 1400 951 1430 ne
1000 1399 1200 1443 gravarer
1231 1385 1343 1431 inter
1377 1384 1683 1443 occupationes

300 1473 417 1502 meas
438 1457 521 1502 tibi
540 1456 597 1502 de
619 1458 701 1501 hac
721 1471 766 1501 re
787 1456 953 1517 aliquid
969 1456 1172 1500 scribere.

355 1532 414 1574 ΙΙ.
437 1531 532 1587 Ego
553 1540 658 1573 vero
679 1542 769 1572 non
786 1543 835 1571 ea
854 1536 1025 1572 tantum
1041 1541 1174 1586 quam
1192 1525 1462 1570 familiariter
1483 1526 1582 1581 tibi,
1611 1525 1688 1569 sed

301 1599 430 1643 etiam
448 1613 581 1658 quam
598 1598 725 1642 matri
747 1594 952 1642 Ecclesiae
975 1594 1274 1641 universaliter
1296 1595 1453 1651 debeo,
1477 1595 1687 1640 charitate

302 1685 350 1713 ac
372 1668 578 1712 servitute
600 1666 839 1726 compellor
854 1701 865 1721 ,
891 1667 924 1709 si
946 1665 1053 1725 quid
1075 1681 1152 1725 per
1175 1681 1351 1724 operam
1380 1681 1522 1710 meam
1556 1680 1687 1726 quam

304 1738 475 1782 Domini
499 1738 634 1781 nostri
655 1737 854 1793 largitate
877 1751 1051 1794 possum
1086 1736 1292 1779 exhibere
1310 1770 1321 1789 ,
1352 1735 1468 1779 idem
1496 1751 1568 1780 eos
1602 1739 1689 1780 Do-

304 1808 447 1850 minus
465 1822 573 1866 quos
598 1806 703 1849 mihi
726 1806 878 1849 fratres
894 1805 1013 1860 fecit,
1039 1805 1232 1864 adjuvari
1248 1805 1391 1864 jubet,
1417 1805 1541 1849 nullo
1558 1805 1690 1849 modo

308 1891 500 1921 recusare
518 1911 529 1931 ,
554 1875 628 1919 sed
651 1876 795 1934 potius
820 1884 1022 1935 prompta
1054 1884 1097 1918 et
1124 1874 1278 1919 devota
1307 1874 1533 1919 voluntate
1556 1876 1691 1919 susci-

306 1963 422 2007 pere.
449 1950 623 2000 Quanto
653 1947 769 1989 enim
796 1947 926 2005 cupio
951 1945 1080 1990 latius
1102 1947 1267 2003 erogari
1291 1946 1520 2004 pecuniam
1544 1947 1692 1990 Domi-

307 2019 447 2062 nicam
468 2053 477 2072 ,
514 2026 637 2061 tanto
671 2017 805 2075 magis
836 2031 905 2059 me
940 2025 1113 2077 oportet
1129 2050 1140 2070 ,
1165 2016 1198 2060 si
1221 2031 1353 2075 quam
1376 2016 1692 2075 dispensatores

310 2104 538 2133 conservos
556 2102 674 2131 meos
693 2085 996 2133 difficultatem
1019 2086 1063 2129 in
1085 2085 1305 2144 erogando
1328 2087 1487 2129 sentire
1511 2101 1694 2144 cognos-

307 2175 358 2203 co
376 2194 387 2213 ,
423 2174 548 2217 agere
580 2167 796 2217 quantum
822 2157 867 2200 in
902 2172 971 2200 me
993 2165 1084 2210 est,
1112 2165 1160 2199 ut
1184 2155 1310 2200 facile
1332 2167 1463 2215 atque
1494 2157 1694 2215 expedite

313 2229 478 2287 possint
497 2263 507 2282 ,
531 2226 650 2287 quod
668 2227 852 2286 impigre
874 2241 922 2273 ac
940 2226 1131 2270 studiose
1150 2226 1318 2271 volunt.
