1871 3162
320 148 401 187 114
750 164 780 188 s.
818 162 1046 189 aucun-mi
1080 163 1259 189 Eriscom

311 224 514 268 veritatis
546 224 629 269 Sed
656 233 801 269 tamen
823 227 862 270 ei
883 242 983 270 cum
1004 226 1275 280 indicassem,
1303 240 1392 269 non
1419 239 1488 268 me
1511 224 1688 283 quidem

302 294 394 352 jam
410 310 500 338 esse
521 296 828 351 Manichaeum,
848 297 923 339 sed
940 311 1082 356 neque
1101 295 1363 340 catholicum
1376 294 1686 348 Christianum,

305 379 395 408 non
417 366 540 424 quasi
562 366 833 424 inopinatum
869 366 1035 426 aliquid
1071 365 1272 419 audierit,
1313 364 1477 409 exilivit
1513 364 1686 420 laetitia,

301 449 404 478 cum
432 436 523 494 jam
555 450 705 479 secura
733 436 856 479 fieret
878 451 930 480 ex
953 451 1002 479 ea
1024 444 1146 494 parte
1168 435 1349 478 miseriae
1382 450 1505 488 meae,
1533 435 1577 477 in
1601 449 1688 493 qua

301 518 371 546 me
392 512 603 564 tanquam
627 514 865 559 mortuum,
900 505 976 549 sed
998 503 1342 549 resuscitandum
1365 504 1444 548 tibi
1466 504 1615 557 flebat,
1647 510 1691 546 et

300 570 459 617 feretro
481 573 753 631 cogitationis
775 574 1001 629 efferebat,
1020 584 1069 618 ut
1086 574 1249 618 diceres
1269 574 1359 618 filio
1377 574 1520 616 viduae
1539 593 1548 617 :
1568 593 1587 614 «
1605 575 1629 616 J
1637 588 1690 616 u-

302 661 321 684 »
348 643 480 697 venis,
507 643 587 686 tibi
609 642 725 697 dico,
751 659 878 703 surge
898 663 908 689 ε
929 662 948 685 >›
969 654 1012 688 et
1033 644 1309 689 revivisceret
1329 653 1372 687 et
1390 643 1602 702 inciperet
1621 642 1690 686 lo-

299 712 391 772 qui,
417 721 461 756 et
482 713 673 757 traderes
695 712 821 757 illum
841 714 967 758 matri
989 716 1119 758 suae1.
1150 712 1281 759 Nulla
1309 728 1410 771 ergo
1438 711 1691 757 turbulenta

296 781 562 828 exultatione
575 784 809 843 trepidavit
824 801 898 830 cor
913 787 1019 845 ejus,
1035 801 1135 830 cum
1154 785 1344 830 audisset
1360 800 1410 828 ex
1426 793 1545 829 tanta
1563 792 1686 843 parte

294 853 384 912 jam
406 851 588 909 factum,
613 853 734 914 quod
755 855 836 899 tibi
859 855 1056 915 quotidie
1080 855 1316 914 plangebat
1343 864 1393 899 ut
1415 855 1553 907 fieret,
1575 853 1691 897 veri-

299 930 433 966 tatem
454 939 525 968 me
554 925 754 969 nondum
776 927 1001 986 adeptum,
1039 925 1116 971 sed.
1143 925 1319 970 falsitati
1341 927 1429 986 jam
1461 933 1687 984 ereptum:

300 992 492 1037 imovero
510 994 612 1053 quia
633 1004 751 1038 certa
773 1004 880 1051 erat,
904 1004 948 1039 et
964 995 1086 1056 quod
1104 996 1293 1039 restabat
1309 1004 1352 1038 te
1369 995 1593 1047 daturum,
1613 993 1691 1053 qui

302 1069 444 1105 totum
474 1063 755 1121 promiseras,
789 1064 1077 1122 placidissime
1101 1073 1144 1107 et
1170 1074 1346 1122 pectore
1367 1063 1499 1123 pleno
1521 1063 1693 1106 fiduciae

302 1132 525 1190 respondit
542 1132 665 1186 mihi,
690 1133 865 1176 credere
887 1148 931 1177 se
950 1133 996 1176 in
1016 1133 1206 1188 Christo,
1227 1133 1347 1192 quod
1366 1127 1619 1192 priusquam
1637 1130 1692 1175 de

300 1201 382 1245 hac
410 1201 499 1246 vita
535 1202 781 1261 emigraret,
816 1217 887 1246 me
907 1202 1052 1246 visura
1081 1211 1191 1247 esset
1213 1202 1389 1246 fidelem
1408 1202 1688 1247 catholicum.

303 1273 361 1315 Et
392 1272 476 1316 hoc
504 1272 683 1331 quidem
717 1272 840 1316 mihi.
867 1273 965 1316 Tibi
994 1282 1141 1317 autem
1173 1272 1271 1317 fons
1301 1272 1693 1317 misericordiarum

303 1355 451 1399 preces
483 1350 527 1384 et
555 1341 770 1398 lacrymas
799 1340 1018 1386 densiores
1051 1351 1101 1385 ut
1135 1341 1394 1385 accelerares
1427 1341 1692 1401 adjutorium

304 1420 431 1455 tuum
453 1420 496 1454 et
516 1410 784 1456 illuminares
812 1411 1012 1455 tenebras
1044 1426 1175 1466 meas,
1207 1421 1250 1455 et
1272 1412 1505 1456 studiosius
1527 1411 1582 1455 ad
1603 1413 1689 1455 Ec-

307 1481 479 1525 clesiam
495 1497 684 1537 currere,
706 1491 749 1526 et
765 1483 811 1525 in
827 1482 1106 1526 Ambrosium
1124 1497 1198 1526 ora
1220 1482 1425 1541 suspendi
1447 1481 1503 1525 ad
1525 1480 1692 1526 fontem

309 1551 499 1596 salientis
519 1567 644 1611 aquae
667 1553 712 1595 in
733 1552 866 1596 vitam
887 1555 1135 1595 aeternam2.
1159 1551 1372 1609 Diligebat
1395 1561 1540 1595 autem
1565 1551 1693 1594 illum

310 1622 452 1666 virum
472 1623 583 1667 sicut
603 1622 821 1682 Angelum
845 1623 935 1678 Dei,
959 1623 1081 1682 quod
1101 1637 1178 1681 per
1197 1621 1323 1666 illum
1344 1631 1606 1680 cognoverat
1623 1636 1692 1665 me

311 1692 485 1736 interim
498 1691 553 1736 ad
571 1691 690 1736 illam
703 1692 934 1751 ancipitem
951 1692 1280 1736 fluctuationem
1290 1692 1382 1751 jam
1398 1707 1487 1736 esse
1505 1691 1693 1751 perduc-

312 1771 422 1819 tum,
446 1778 524 1822 per
544 1779 677 1824 quam
700 1764 983 1808 transiturum
1004 1778 1074 1807 me
1095 1763 1150 1808 ab
1172 1762 1431 1822 aegritudine
1452 1762 1508 1807 ad
1529 1762 1693 1807 sanita-

312 1843 417 1890 tem,
433 1834 748 1879 intercurrente
760 1834 941 1879 arctiore
951 1834 1145 1894 periculo
1164 1835 1287 1895 quasi
1306 1849 1384 1894 per
1406 1834 1692 1879 accessionem

311 1920 445 1965 quam
460 1906 653 1951 criticam
671 1905 827 1951 medici
844 1915 1017 1961 vocant,
1040 1914 1157 1950 certa
1174 1905 1483 1964 praesumebat.

360 2016 373 2050 ¹.
391 2017 470 2048 Luc.
485 2026 542 2058 vn,
564 2015 617 2058 14,
633 2016 685 2049 15.
705 2033 745 2039 —
765 2023 778 2039 ²
792 2017 884 2048 Joan.
900 2025 946 2057 w,
970 2013 1021 2056 14.
