1871 3162
251 211 331 248 296
686 219 719 247 s.
757 218 983 248 Ausus-nm
1015 219 1195 245 Eprscom

246 397 279 412 Μ
919 391 1480 408 wmwwwmmwwtmwxvvw
1485 390 1552 406 &W
1557 390 1622 406 ἋΜ

793 524 1010 573 CAPUT
1046 526 1109 571 X.

253 684 586 730 Obtrectantes
614 679 732 741 qnid
747 682 948 744 faceret
972 680 1106 726 Deus
1121 717 1132 736 ‚
1159 689 1423 739 antequam
1453 678 1625 724 coelmn

691 761 737 796 et
752 761 928 797 terram
944 750 1183 797 conderet.

307 913 407 955 XII.
443 913 597 956 Nomm
634 925 734 953 ecce
755 909 873 968 pleni
895 918 995 952 sunt
1022 908 1245 951 vetustatis
1282 922 1372 951 suae
1395 907 1471 967 qui
1505 907 1631 952 nobis

248 982 401 1026 dicunt
428 1001 436 1025 :
465 1001 485 1023 «
511 980 628 1034 Quid
651 979 835 1024 faciebat
855 983 990 1033 Deus,
1018 988 1249 1038 antequam
1283 978 1444 1022 faceret
1466 978 1630 1022 coelum

248 1062 290 1096 et
307 1054 498 1097 terram?
523 1052 564 1096 Si
587 1052 701 1095 enim
715 1052 918 1104 vacabat,
939 1050 1167 1109 inquiunt,
1194 1058 1237 1092 et
1259 1063 1347 1092 non
1369 1049 1632 1108 operabatur

249 1122 414 1182 aliquid
429 1157 440 1177 ‚
465 1137 544 1166 cur
565 1137 655 1165 non
677 1123 736 1165 sic
758 1135 927 1179 semper
949 1129 991 1163 et
1013 1120 1237 1178 deinceps,
1259 1119 1631 1178 quemadmodum

248 1202 363 1236 retro
390 1207 558 1251 semper
587 1191 766 1235 cessavit
795 1190 849 1234 ab
872 1191 1030 1249 opere?
1062 1190 1115 1233 Si·
1135 1190 1249 1232 enim
1277 1188 1391 1232 ullus
1422 1198 1564 1233 motus
1587 1189 1631 1232 in

252 1269 338 1309 Deo
358 1279 497 1308 novus
519 1262 681 1316 extitit,
709 1271 751 1305 et
771 1260 971 1305 voluntas
994 1276 1104 1304 nova
1126 1269 1175 1302 ut
1198 1269 1438 1303 creaturam
1468 1259 1633 1303 conde-

249 1345 314 1379 ret
336 1350 466 1394 quam
491 1348 718 1393 nunquam
737 1342 836 1376 ante
866 1331 1142 1387 condiderat3
1168 1329 1390 1390 quomodo
1412 1331 1499 1389 jam
1533 1345 1633 1374 vera

251 1406 484 1458 aeternitas,
509 1404 585 1446 ubi
608 1403 746 1447 oritur
761 1402 962 1446 voluntas
979 1417 1079 1461 quae
1097 1417 1183 1444 non
1207 1410 1298 1444 erat
1313 1402 1330 1443 Ρ
1348 1403 1499 1460 Neque
1516 1401 1630 1443 enim

248 1475 450 1520 voluntas
473 1474 548 1517 Dei
571 1482 766 1517 creatura
795 1481 880 1526 est,
907 1470 980 1515 sed
1005 1480 1105 1514 ante
1129 1480 1395 1526 creaturam3
1420 1470 1522 1529 quia
1545 1485 1633 1513 non

251 1553 469 1588 crearetur
506 1542 695 1600 aliquid,
723 1542 803 1585 nisi
825 1541 1038 1585 creatoris·
1071 1539 1271 1583 voluntas
1307 1538 1584 1598 praecederet.
1611 1561 1630 1581 »

251 1614 319 1657 Ad
347 1615 483 1672 ipsam
511 1627 611 1669 ergo
641 1611 716 1654 Dei
755 1611 1040 1654 substantiam
1073 1610 1262 1668 pertinet
1289 1609 1489 1653 voluntas
1523 1611 1632 1668 ejus.

252 1682 380 1736 Quod
402 1683 435 1725 si
456 1691 650 1725 exortum
679 1690 741 1724 est
763 1680 926 1740 aliquid
947 1681 992 1722 in
1016 1679 1090 1723 Dei
1112 1679 1351 1723 substantia
1373 1678 1493 1738 quod
1517 1679 1634 1736 prius

251 1769 339 1797 non
362 1763 473 1803 erat,
502 1768 591 1795 non
613 1751 821 1795 veraciter
851 1750 1009 1794 dicitur
1030 1759 1190 1793 {eterna
1216 1750 1286 1792 illa
1309 1749 1562 1793 substantia.
1593 1750 1635 1793 Si

251 1833 393 1867 autem
417 1823 618 1867 voluntas
635 1823 708 1865 Dei
731 1821 989 1879 sempiterna
1009 1829 1100 1864 erat
1119 1829 1168 1864 ut
1189 1829 1298 1864 esset
1319 1828 1515 1863 creatura
1532 1840 1540 1862 ;
1557 1835 1635 1863 cur

254 1909 341 1937 non
359 1894 619 1952 sempiterna
641 1901 684 1936 et
704 1900 897 1936 creatura
914 1893 931 1935 Ρ
