1871 3162
513 226 566 251 DE
598 224 924 253 CATEcflizANDIS
957 230 1147 256 nunissts.
1436 222 1514 260 541

145 289 247 332 bem
263 297 490 343 terrarum,
507 298 550 333 et
561 290 704 334 adhuc
724 289 960 334 simulacris
982 299 1023 334 et
1045 293 1357 338 daemoniorum
1374 297 1519 341 curio-
1568 293 1570 296 ’

143 358 340 402 sitatibus
353 358 508 403 servire
524 360 785 414 desiderant,
802 360 933 404 audet
953 358 1025 403 ille
1046 368 1212 405 tentare
1226 363 1489 410 Christianos
1508 386 1517 411 :

141 428 219 471 sed
248 429 377 472 etiam
399 442 476 487 per
495 443 566 473 eos
589 444 697 489 quos
719 428 849 488 paulo
873 438 971 473 ante
993 434 1440 488 commemoravimus,
1465 434 1520 478 de

140 497 307 541 unitate
323 496 541 553 Ecclesiae,
565 498 684 542 velut
704 507 854 557 putata
869 500 971 554 vite,
996 500 1215 558 praeciSOS,
1236 502 1312 558 qui
1328 503 1520 547 haeretici

139 566 208 612 vel
230 566 489 612 schismatici
513 568 733 624 dicuntur,
765 578 947 614 conatur
969 570 1098 615 etiam
1120 569 1166 614 id
1188 569 1366 629 quidem
1383 573 1519 617 inter-

138 637 260 682 dum.
278 636 363 683 Sed
380 647 525 683 tamen
540 638 585 683 id
602 640 731 684 etiam
747 639 981 700 aliquando
996 649 1180 685 conatur
1194 649 1236 684 et
1250 656 1328 700 per
1346 643 1371 686 J
1374 641 1520 687 udaeos

135 715 318 762 tentare,
352 717 482 768 atque
511 709 731 754 seducere.
764 709 849 754 Sed
881 710 1065 754 maxime
1095 712 1338 756 cavendum
1363 722 1443 766 est,
1467 728 1522 757 ne

135 791 213 835 per
229 778 426 823 homines
440 779 516 839 qui
534 779 694 823 suntin
710 780 800 837 ipsa
818 778 1032 824 catholica
1049 780 1257 834 Ecclesia,
1275 795 1384 840 quos
1400 782 1521 826 velut

135 846 305 906 paleam
322 863 461 907 usque
479 848 534 892 ad
556 857 728 907 tempus
748 848 1038 894 ventilationis
1060 866 1148 893 suae
1165 851 1363 906 sustinet,
1384 867 1521 896 unus-

134 917 319 975 quisque
327 926 521 963 tentetur
533 927 576 963 et
588 919 842 978 decipiatur.
856 922 1088 978 Propterea
1102 920 1218 963 enim
1229 923 1343 965 Deus
1354 922 1522 980 patiens

133 995 198 1030 est
218 987 265 1031 in
284 985 397 1042 illos,
422 997 472 1031 ut
494 997 538 1032 et
558 1003 736 1033 suorum
757 988 995 1034 electorum
1014 988 1147 1034 fidem
1167 1000 1297 1050 atque
1326 992 1520 1050 pruden-

133 1056 239 1100 tiam
272 1071 350 1115 per
377 1056 552 1101 illorum
574 1057 900 1115 perversitatem
922 1059 1163 1103 exercendo
1186 1061 1412 1104 confirmet
1432 1082 1442 1118 3
1481 1073 1523 1105 et

131 1126 236 1186 quia
252 1125 308 1171 de
328 1142 513 1171 numero
531 1141 683 1171 eorum
697 1126 824 1170 multi
843 1128 1094 1186 proficiunt,
1115 1138 1158 1173 et
1179 1130 1235 1173 ad
1257 1130 1519 1189 placendum

130 1199 222 1240 Deo
253 1197 441 1241 miserati
477 1198 639 1241 animas
670 1212 784 1251 suas,
809 1211 967 1255 magno
997 1199 1164 1257 impetu
1186 1209 1517 1244 convertuntur.

130 1268 229 1312 Non
246 1267 364 1311 enim
382 1282 530 1312 omnes
548 1267 631 1310 sibi
646 1282 724 1325 per
744 1268 997 1326 patientiam
1012 1269 1090 1312 Dei
1107 1270 1399 1314 thesaurizant
1413 1272 1523 1314 iram

128 1336 175 1380 in
189 1336 259 1380 die
270 1336 346 1380 irae
357 1337 462 1395 justi
473 1336 627 1396 judicii
642 1338 678 1396 ej
685 1351 734 1380 us
747 1341 761 1362 ²
781 1355 789 1380 :
812 1336 887 1380 sed
902 1336 1062 1382 multos
1077 1339 1229 1382 eadem
1243 1340 1522 1398 omnipoten-

128 1406 181 1449 tis
204 1406 412 1464 patientia
436 1405 638 1465 perducit
664 1405 720 1451 ad
743 1405 1075 1450 saluberrimum
1097 1410 1367 1467 poenitentiae
1391 1409 1517 1454 dolo-

129 1489 235 1518 rem.
262 1473 393 1527 Quod
412 1473 550 1518 donec
577 1475 668 1529 fiat,
694 1485 916 1519 exercetur
934 1491 1010 1534 per
1032 1492 1103 1521 eos
1120 1477 1296 1522 illorum
1321 1480 1397 1537 qui
1426 1481 1518 1538 jam

128 1553 290 1589 rectam
307 1545 420 1588 viam
436 1553 602 1599 tenent,
623 1559 712 1589 non
729 1545 869 1589 solum
884 1546 1127 1602 tolerantia,
1147 1549 1222 1592 sed
1240 1549 1369 1592 etiam
1386 1549 1515 1592 mise-

127 1615 328 1660 ricordia.
354 1613 517 1660 Multos
538 1630 641 1673 ergo
664 1615 832 1659 visurus
854 1630 897 1658 es
921 1616 1126 1671 ebriosos,
1147 1633 1312 1672 avaros,
1337 1618 1518 1662 frauda-

128 1694 257 1741 tores,
278 1686 501 1740 aleatores,
523 1684 757 1735 adulteros,
777 1685 1074 1736 fornicatores,
1100 1688 1289 1726 remedia
1311 1688 1518 1746 sacrilega

127 1756 211 1801 sibi
232 1755 470 1811 alligantes,
495 1751 900 1811 praecantatoribUS,
921 1760 963 1794 et
980 1752 1296 1797 mathematicis
1313 1757 1382 1799 vel
1404 1773 1516 1815 qua-

127 1825 335 1870 rumlibet
352 1824 582 1882 impiarum
600 1822 758 1866 artium
773 1820 1088 1865 divinatoribus
1102 1821 1286 1867 deditos.
1305 1825 1517 1870 Animad-

127 1909 329 1941 versurus
346 1894 475 1937 etiam
498 1891 619 1952 quod
634 1890 721 1935 illae
740 1892 880 1935 turbae
897 1890 1107 1950 impleant
1121 1891 1318 1938 ecclesias
1332 1909 1407 1953 per
1425 1895 1515 1940 dies

126 1966 259 2010 festos
273 1963 636 2017 Christianorum,
657 1977 757 2022 quae
780 1961 964 2020 implent
988 1970 1030 2005 et
1052 1962 1220 2007 theatra
1243 1979 1319 2022 per
1342 1964 1430 2009 dies
1446 1982 1515 2011 so-

126 2035 291 2079 lemnes
308 2038 610 2092 Paganorum3
635 2042 678 2076 et
692 2032 787 2075 haec
804 2030 995 2075 videndo
1012 2030 1065 2075 ad
1087 2032 1345 2077 imitandum
1370 2043 1513 2081 tenta-

126 2105 256 2149 beris.
273 2107 330 2149 Et
342 2104 450 2163 quid
464 2102 621 2157 dicam,
638 2101 821 2156 videbis,
838 2101 957 2160 quod
976 2101 1104 2144 etiam
1121 2117 1239 2145 nunc
1252 2104 1342 2162 jam
1360 2106 1513 2165 utique

127 2176 268 2220 nosti:
290 2189 381 2219 non
397 2173 514 2217 enim
535 2172 672 2216 nescis
694 2171 854 2215 multos
873 2171 949 2230 qui
965 2171 1240 2229 appellantur
1259 2174 1507 2231 Christiani,

55 2260 58 2263 ·
126 2245 222 2289 haec
245 2245 389 2289 omnia
410 2242 522 2287 mala
544 2242 727 2302 operari,
753 2257 852 2301 quae
876 2241 1063 2286 breviter
1079 2246 1429 2289 commemoravi.
1457 2250 1513 2290 Et

128 2312 364 2374 aliquando
396 2312 577 2358 fortasse
607 2311 801 2369 graviora
822 2310 964 2355 facere
985 2311 1182 2356 homines
1203 2328 1292 2357 non
1322 2315 1507 2372 ignoras,

128 2399 238 2444 quos
259 2383 373 2429 nosti
387 2382 595 2443 appellari
609 2381 888 2429 Christianos.
918 2381 1003 2426 Sed
1016 2381 1050 2425 si
1070 2382 1153 2426 hoc
1174 2383 1320 2428 animo
1336 2387 1506 2441 venisti,

178 2511 187 2528 ¹
208 2506 299 2538 Rom.
321 2515 357 2545 ιι,
377 2503 408 2535 5.

319 2580 490 2610 cxxxii.
1301 2574 1350 2611 35
