1871 3162
539 264 594 292 DE
624 257 955 292 cArEcmzAnms
984 263 1180 291 nummis.
1462 250 1546 292 535

170 331 329 376 diffusa
344 329 555 375 charitate
568 330 615 374 in
626 329 828 375 cordibus
839 343 1008 384 eorum,
1031 343 1122 373 non
1137 328 1278 373 solum
1291 329 1382 373 sine
1398 343 1546 386 onere,

170 402 248 446 sed.
269 401 400 446 etiam
427 414 528 444 cum
552 400 826 460 jucunditate
847 399 986 459 legem
1018 407 1190 459 possent
1223 399 1418 458 implere.
1442 400 1552 452 Quae

164 470 266 516 data
286 480 350 515 est
365 473 391 514 J
395 469 527 514 udaeis
549 470 594 514 in
615 471 766 514 decem
783 470 1025 530 praeceptis,
1045 467 1165 529 quod
1178 468 1398 527 appellant
1412 471 1550 513 Deca-

163 542 328 600 logum.
347 544 455 594 Quae
474 557 619 585 rursus
637 542 692 586 ad
708 541 798 586 duo
813 541 1087 601 rediguntur,
1103 550 1154 584 ut
1166 539 1397 597 diligamus
1410 543 1551 584 Deum

163 629 215 657 ex
234 622 327 658 toto
348 611 494 668 corde,
517 628 567 656 ex
584 621 676 657 tota
699 613 857 667 anima,
878 628 929 656 ex
950 621 1040 656 tota
1058 619 1203 654 mente
1218 631 1230 667 3
1248 618 1298 665 et
1318 608 1550 668 diligamus

163 685 410 744 proximum
433 684 544 728 sicut
566 698 644 728 nos
666 684 780 743 ipsos
797 686 828 726 ¹.
858 685 966 728 Nam
984 682 1029 741 in
1046 680 1112 726 his
1129 680 1302 725 duobus
1323 680 1551 739 praeceptis

163 763 298 799 totam
310 757 470 812 Legem
487 755 812 813 Prophetasque
829 751 1033 812 pendere,
1058 752 1147 810 ipse
1164 750 1374 795 Dominus
1388 759 1432 794 et
1445 748 1553 794 dixit

162 824 209 868 in
225 824 478 881 Evangelio,
501 833 545 868 et
561 839 639 867 suo
654 822 943 867 manifestavit
962 819 1199 880 exemp102.
1222 823 1332 867 Nam
1351 830 1394 865 et
1411 835 1553 880 popu—

161 892 229 937 lus
252 893 384 937 Israe'l
404 907 456 936 ex
477 892 546 936 die
565 908 654 952 quo
677 893 867 952 primum
892 892 1053 936 Pascha
1074 891 1119 934 in
1140 890 1329 949 imagine
1358 889 1554 935 celebra-

162 972 266 1007 runt
297 978 420 1008 ovem
459 963 705 1007 occidentes
735 973 778 1006 et
812 961 1124 1006 manducantes
1139 996 1150 1016 ,
1187 961 1309 1020 cujus
1342 960 1553 1020 sanguine

162 1042 304 1092 postes
335 1047 488 1077 eorum
518 1032 572 1076 ad
607 1031 756 1077 salutis
788 1031 967 1076 tutelam
996 1031 1151 1090 signati
1185 1032 1341 1088 sunt33
1375 1045 1427 1074 ex
1457 1031 1553 1090 ipso

161 1118 265 1162 ergo
289 1103 360 1147 die
386 1103 773 1162 quinquagesimus
803 1101 894 1146 dies
914 1101 1120 1161 impletus
1141 1109 1225 1155 est,
1251 1109 1294 1144 et
1319 1099 1459 1159 legem
1480 1115 1553 1145 ac-

160 1183 371 1233 ceperunt
403 1174 610 1232 scriptam
632 1172 769 1231 digito
791 1172 913 1227 Dei4,
946 1188 1036 1232 quo
1054 1172 1231 1216 nomine
1255 1172 1346 1231 jam
1367 1169 1554 1215 diximus

160 1243 393 1303 significari
416 1243 625 1301 Spiritum
648 1244 875 1287 sanctum⁵
895 1261 904 1287 ;
929 1243 1042 1303 sicut
1069 1250 1167 1300 post
1191 1241 1363 1286 Domini
1388 1241 1552 1300 passio-

160 1330 260 1359 nem
281 1324 324 1358 et
344 1314 720 1368 resurrectionem,
746 1313 866 1373 quod
885 1323 948 1357 est
967 1327 1119 1358 verum
1138 1313 1317 1367 Pascha,
1335 1312 1554 1372 quinqua-

165 1386 326 1443 gesimo
347 1384 418 1428 die
438 1385 528 1443 ipse
548 1383 733 1443 Spiritus
745 1392 920 1428 sanctus
934 1382 1168 1442 Discipulis
1180 1382 1333 1426 missus
1355 1391 1443 1427 est:
1463 1397 1555 1427 non

157 1455 245 1514 jam
258 1454 438 1513 lapideis
456 1454 613 1518 tabulis
635 1454 767 1498 corda
783 1453 893 1498 dura
914 1453 1180 1511 significans,
1201 1452 1278 1497 sed
1295 1467 1397 1497 cum
1412 1461 1555 1497 essent

161 1539 302 1568 unum
333 1524 379 1567 in
400 1523 547 1568 locum
571 1524 819 1581 congregati
848 1524 894 1566 in
921 1524 1012 1581 ipsa
1042 1522 1297 1577 Jerusalem,
1328 1521 1469 1567 factus
1491 1531 1556 1568 est

161 1594 306 1639 subito
328 1593 382 1637 de
403 1593 518 1637 coelo
545 1608 702 1647 sonus,
727 1593 852 1651 quasi
873 1591 1058 1636 ferretur
1079 1592 1208 1636 flatus
1228 1592 1486 1648 vehemens,
1511 1601 1555 1638 ct

161 1666 264 1710 visae
294 1673 396 1708 sunt
426 1661 510 1706 illis
544 1662 705 1720 linguae
740 1660 889 1706 divisae
916 1663 1040 1721 quasi
1072 1661 1223 1720 igni56,
1261 1670 1304 1705 et
1325 1672 1556 1720 coeperunt

161 1735 320 1792 linguis
351 1733 490 1793 loqui,
525 1734 583 1776 ita
614 1741 664 1776 ut
693 1746 843 1776 omnes
864 1733 942 1790 qui
964 1732 1020 1775 ad
1041 1730 1138 1775 illos
1164 1740 1375 1775 venerant
1391 1766 1402 1787 ‚
1431 1746 1555 1777 suam

162 1804 356 1864 linguam
373 1804 558 1864 quisque
576 1810 856 1861 cognosceret
877 1820 885 1846 :
909 1800 981 1858 (ad
997 1800 1117 1844 illam
1134 1800 1250 1844 enim
1267 1800 1484 1846 civitatem
1501 1816 1555 1846 ex

163 1876 284 1920 omni
296 1885 410 1919 terra
423 1874 744 1919 conveniebant
754 1875 779 1917 J
782 1872 911 1927 udaei,
928 1886 1205 1931 quacumque
1219 1870 1398 1931 dispersi
1413 1880 1551 1929 erant,

162 1955 207 1989 et
220 1944 408 1989 diversas
425 1944 596 2003 linguas
609 1944 804 2002 gentium
821 1942 1089 1987 diversarum
1104 1941 1344 1986 didicerant
1355 1945 1384 1998 ε)
1394 1940 1553 1986 deinde

163 2031 264 2060 cum
296 2025 387 2060 tota
408 2015 568 2060 fiducia
591 2015 813 2060 Christum
839 2012 1148 2073 praedicantes,
1184 2013 1230 2056 in
1259 2013 1349 2072 ejus
1376 2012 1554 2057 nomine

163 2085 302 2130 multa
327 2087 449 2145 signa
475 2085 711 2139 faciebant,
739 2085 798 2128 ita
827 2093 876 2127 ut
898 2083 1136 2144 quemdam
1168 2092 1392 2128 mortuum
1411 2092 1554 2128 trans-

164 2165 294 2200 eunte
313 2160 441 2200 Petro
465 2156 619 2200 umbra
641 2157 732 2216 ejus
754 2155 963 2214 tetigerit,
988 2164 1032 2199 et
1053 2169 1195 2199 iesuri
1198 2154 1372 2198 exer1t⁷

222 2228 362 2270 XLII.
400 2225 484 2270 Sed
507 2240 608 2269 cum
630 2226 821 2270 viderint
843 2224 986 2269 Judaei
1009 2233 1128 2269 tanta
1143 2225 1261 2283 signa
1281 2223 1406 2268 fieri
1395 2238 1442 2267 m
1463 2209 1555 2284 ejus

163 2297 356 2352 nomine,
387 2312 518 2357 quem
547 2297 707 2356 partim
735 2311 812 2356 per
834 2295 1059 2352 invidiam,
1087 2311 1164 2355 pal
1168 2304 1244 2340 tim
1271 2310 1349 2355 per
1365 2309 1555 2339 eirorem

163 2368 488 2423 crucifixerunt,
514 2368 585 2411 alii
607 2367 761 2412 irritati
783 2376 885 2413 sunt
907 2367 963 2412 ad
995 2367 1314 2427 persequendos
1343 2364 1554 2426 praedica-

166 2448 279 2483 tores
299 2439 390 2498 ejus
412 2437 658 2498 Apostolos,
684 2437 756 2481 alii
778 2452 882 2482 vero
908 2436 1097 2497 idipsum
1125 2435 1311 2496 amplius
1333 2435 1553 2481 admiran-

212 2542 220 2557 ¹
242 2535 354 2567 Matth.
375 2544 455 2575 xxii,
474 2536 526 2577 37.
540 2542 604 2558 —2
623 2535 704 2566 lbid.
725 2533 778 2575 4ο.
796 2551 837 2556 -
851 2532 864 2557 3
880 2534 980 2566 Exod.
1002 2545 1054 2567 xu.
1069 2533 1137 2564 —4
1158 2534 1241 2567 Ibid.
1260 2545 1326 2574 xix,
1341 2546 1370 2566 1.
1383 2550 1423 2557 »-
1439 2532 1454 2557 5
1472 2535 1551 2566 Luc.

165 2600 295 2632 x11,2o.
318 2590 535 2633 --2‘7Ac[.11‚
560 2603 588 2632 17
610 2596 673 2623 etc*
697 2608 737 2613 —
757 2598 769 2623 7
790 2590 870 2622 Ibid.
891 2601 921 2630 v,
945 2590 996 2630 15,
