<?xml version="1.0" encoding="UTF-8"?>
<!DOCTYPE html PUBLIC "-//W3C//DTD XHTML 1.0 Transitional//EN"
    "http://www.w3.org/TR/xhtml1/DTD/xhtml1-transitional.dtd">
<html xmlns="http://www.w3.org/1999/xhtml" xml:lang="en" lang="en">
 <head>
  <title>
</title>
<meta http-equiv="Content-Type" content="text/html;charset=utf-8" />
  <meta name='ocr-system' content='tesseract 3.04.00' />
  <meta name='ocr-capabilities' content='ocr_page ocr_carea ocr_par ocr_line ocrx_word'/>
</head>
<body>
  <div class='ocr_page' id='page_1' title='image "./operaomniaaccura25auguuoft_0210.png"; bbox 0 0 1871 3162; ppageno 0'>
   <div class='ocr_carea' id='block_1_1' title="bbox 207 228 1168 266">
    <p class='ocr_par' dir='ltr' id='par_1_1' title="bbox 207 228 1168 266">
     <span class='ocr_line' id='line_1_1' title="bbox 207 228 1168 266; baseline 0 -2"><span class='ocrx_word' id='word_1_1' title='bbox 207 228 288 264; x_wconf 78' lang='lat'><strong>200</strong></span> <span class='ocrx_word' id='word_1_2' title='bbox 647 237 679 264; x_wconf 91' lang='lat' dir='ltr'><strong>s.</strong></span> <span class='ocrx_word' id='word_1_3' title='bbox 716 238 945 266; x_wconf 71' lang='lat' dir='ltr'><strong>Annusnm</strong></span> <span class='ocrx_word' id='word_1_4' title='bbox 984 239 1168 266; x_wconf 77' lang='lat' dir='ltr'>EPISCOPI</span> 
     </span>
    </p>
   </div>
   <div class='ocr_carea' id='block_1_2' title="bbox 201 304 1599 1340">
    <p class='ocr_par' dir='ltr' id='par_1_2' title="bbox 201 304 1599 1340">
     <span class='ocr_line' id='line_1_2' title="bbox 202 304 1591 363; baseline 0 -16"><span class='ocrx_word' id='word_1_5' title='bbox 202 312 265 347; x_wconf 89' lang='lat' dir='ltr'><strong>est</strong></span> <span class='ocrx_word' id='word_1_6' title='bbox 287 312 417 363; x_wconf 82' lang='lat' dir='ltr'><strong>atque</strong></span> <span class='ocrx_word' id='word_1_7' title='bbox 440 304 631 361; x_wconf 77' lang='lat' dir='ltr'><strong>firmata3</strong></span> <span class='ocrx_word' id='word_1_8' title='bbox 652 305 780 358; x_wconf 81' lang='lat' dir='ltr'><strong>nosti,</strong></span> <span class='ocrx_word' id='word_1_9' title='bbox 803 308 915 348; x_wconf 87' lang='lat' dir='ltr'><strong>Deus</strong></span> <span class='ocrx_word' id='word_1_10' title='bbox 939 319 1076 358; x_wconf 77' lang='lat' dir='ltr'><strong>meUS,</strong></span> <span class='ocrx_word' id='word_1_11' title='bbox 1097 305 1226 348; x_wconf 87' lang='lat' dir='ltr'><strong>etiam</strong></span> <span class='ocrx_word' id='word_1_12' title='bbox 1250 305 1438 362; x_wconf 86' lang='lat' dir='ltr'><strong>gaudere</strong></span> <span class='ocrx_word' id='word_1_13' title='bbox 1456 306 1591 363; x_wconf 81' lang='lat' dir='ltr'><strong>coepi,</strong></span> 
     </span>
     <span class='ocr_line' id='line_1_3' title="bbox 201 372 1596 433; baseline 0 -17"><span class='ocrx_word' id='word_1_14' title='bbox 201 373 322 432; x_wconf 86' lang='lat' dir='ltr'><strong>quod</strong></span> <span class='ocrx_word' id='word_1_15' title='bbox 354 374 446 416; x_wconf 82' lang='lat' dir='ltr'><strong>haec</strong></span> <span class='ocrx_word' id='word_1_16' title='bbox 481 389 655 432; x_wconf 85' lang='lat' dir='ltr'><strong>quoque</strong></span> <span class='ocrx_word' id='word_1_17' title='bbox 685 375 862 417; x_wconf 84' lang='lat' dir='ltr'>suberat</span> <span class='ocrx_word' id='word_1_18' title='bbox 883 389 972 417; x_wconf 89' lang='lat' dir='ltr'><strong>non</strong></span> <span class='ocrx_word' id='word_1_19' title='bbox 1005 372 1193 416; x_wconf 79' lang='lat' dir='ltr'><strong>mendax</strong></span> <span class='ocrx_word' id='word_1_20' title='bbox 1216 375 1434 418; x_wconf 76' lang='lat' dir='ltr'>excusatio</span> <span class='ocrx_word' id='word_1_21' title='bbox 1452 408 1462 427; x_wconf 87' lang='lat'>‚</span> <span class='ocrx_word' id='word_1_22' title='bbox 1496 389 1596 433; x_wconf 86' lang='lat' dir='ltr'><strong>quae</strong></span> 
     </span>
     <span class='ocr_line' id='line_1_4' title="bbox 201 443 1596 503; baseline -0.001 -16"><span class='ocrx_word' id='word_1_23' title='bbox 201 444 487 487; x_wconf 84' lang='lat' dir='ltr'><strong>offensionem</strong></span> <span class='ocrx_word' id='word_1_24' title='bbox 519 443 746 486; x_wconf 90' lang='lat' dir='ltr'><strong>hominum</strong></span> <span class='ocrx_word' id='word_1_25' title='bbox 787 451 1076 501; x_wconf 83' lang='lat' dir='ltr'><strong>temperaret,</strong></span> <span class='ocrx_word' id='word_1_26' title='bbox 1113 444 1190 502; x_wconf 89' lang='lat' dir='ltr'><strong>qui</strong></span> <span class='ocrx_word' id='word_1_27' title='bbox 1237 453 1416 503; x_wconf 85' lang='lat' dir='ltr'><strong>propter</strong></span> <span class='ocrx_word' id='word_1_28' title='bbox 1438 444 1596 487; x_wconf 87' lang='lat' dir='ltr'><strong>liberos</strong></span> 
     </span>
     <span class='ocr_line' id='line_1_5' title="bbox 203 513 1597 572; baseline 0 -14"><span class='ocrx_word' id='word_1_29' title='bbox 203 529 302 558; x_wconf 90' lang='lat' dir='ltr'><strong>suos</strong></span> <span class='ocrx_word' id='word_1_30' title='bbox 325 529 393 557; x_wconf 87' lang='lat' dir='ltr'><strong>me</strong></span> <span class='ocrx_word' id='word_1_31' title='bbox 405 513 594 556; x_wconf 89' lang='lat' dir='ltr'><strong>liberum</strong></span> <span class='ocrx_word' id='word_1_32' title='bbox 608 528 697 556; x_wconf 87' lang='lat' dir='ltr'><strong>esse</strong></span> <span class='ocrx_word' id='word_1_33' title='bbox 711 528 937 572; x_wconf 88' lang='lat' dir='ltr'><strong>nunquam</strong></span> <span class='ocrx_word' id='word_1_34' title='bbox 954 513 1174 556; x_wconf 88' lang='lat' dir='ltr'><strong>volebant.</strong></span> <span class='ocrx_word' id='word_1_35' title='bbox 1195 513 1356 557; x_wconf 89' lang='lat' dir='ltr'><strong>Plenus</strong></span> <span class='ocrx_word' id='word_1_36' title='bbox 1377 515 1509 570; x_wconf 83' lang='lat' dir='ltr'><strong>igitur</strong></span> <span class='ocrx_word' id='word_1_37' title='bbox 1521 514 1597 558; x_wconf 90' lang='lat' dir='ltr'><strong>tali</strong></span> 
     </span>
     <span class='ocr_line' id='line_1_6' title="bbox 206 581 1598 642; baseline 0.001 -16"><span class='ocrx_word' id='word_1_38' title='bbox 206 584 365 642; x_wconf 82' lang='lat' dir='ltr'><strong>gaudio</strong></span> <span class='ocrx_word' id='word_1_39' title='bbox 381 581 618 626; x_wconf 81' lang='lat' dir='ltr'><strong>tolerabam</strong></span> <span class='ocrx_word' id='word_1_40' title='bbox 636 581 747 625; x_wconf 89' lang='lat' dir='ltr'><strong>illud</strong></span> <span class='ocrx_word' id='word_1_41' title='bbox 761 581 1037 626; x_wconf 86' lang='lat' dir='ltr'><strong>intervallum</strong></span> <span class='ocrx_word' id='word_1_42' title='bbox 1054 584 1276 641; x_wconf 87' lang='lat' dir='ltr'><strong>temporis,</strong></span> <span class='ocrx_word' id='word_1_43' title='bbox 1291 583 1431 627; x_wconf 90' lang='lat' dir='ltr'><strong>donec</strong></span> <span class='ocrx_word' id='word_1_44' title='bbox 1446 583 1598 628; x_wconf 89' lang='lat' dir='ltr'><strong>decur-</strong></span> 
     </span>
     <span class='ocr_line' id='line_1_7' title="bbox 203 653 1597 712; baseline 0 -15"><span class='ocrx_word' id='word_1_45' title='bbox 203 663 342 698; x_wconf 80' lang='lat' dir='ltr'><strong>reret:</strong></span> <span class='ocrx_word' id='word_1_46' title='bbox 369 653 512 697; x_wconf 90' lang='lat' dir='ltr'><strong>nescio</strong></span> <span class='ocrx_word' id='word_1_47' title='bbox 534 662 682 696; x_wconf 90' lang='lat' dir='ltr'><strong>utrum</strong></span> <span class='ocrx_word' id='word_1_48' title='bbox 705 653 775 697; x_wconf 92' lang='lat' dir='ltr'><strong>vel</strong></span> <span class='ocrx_word' id='word_1_49' title='bbox 795 654 949 712; x_wconf 86' lang='lat' dir='ltr'><strong>viginti</strong></span> <span class='ocrx_word' id='word_1_50' title='bbox 965 653 1055 696; x_wconf 91' lang='lat' dir='ltr'><strong>dies</strong></span> <span class='ocrx_word' id='word_1_51' title='bbox 1074 662 1219 707; x_wconf 85' lang='lat' dir='ltr'><strong>erant,</strong></span> <span class='ocrx_word' id='word_1_52' title='bbox 1237 653 1312 698; x_wconf 89' lang='lat' dir='ltr'><strong>sed</strong></span> <span class='ocrx_word' id='word_1_53' title='bbox 1334 663 1482 697; x_wconf 88' lang='lat' dir='ltr'><strong>tamen</strong></span> <span class='ocrx_word' id='word_1_54' title='bbox 1503 654 1597 698; x_wconf 81' lang='lat' dir='ltr'><strong>for-</strong></span> 
     </span>
     <span class='ocr_line' id='line_1_8' title="bbox 201 722 1598 784; baseline 0.001 -17"><span class='ocrx_word' id='word_1_55' title='bbox 201 725 301 768; x_wconf 91' lang='lat' dir='ltr'><strong>titer</strong></span> <span class='ocrx_word' id='word_1_56' title='bbox 322 723 642 777; x_wconf 76' lang='lat' dir='ltr'><strong>tolerabantur,</strong></span> <span class='ocrx_word' id='word_1_57' title='bbox 678 724 780 783; x_wconf 89' lang='lat' dir='ltr'><strong>quia</strong></span> <span class='ocrx_word' id='word_1_58' title='bbox 801 732 1031 768; x_wconf 87' lang='lat' dir='ltr'><strong>recesserat</strong></span> <span class='ocrx_word' id='word_1_59' title='bbox 1049 722 1264 782; x_wconf 85' lang='lat' dir='ltr'><strong>cupiditas</strong></span> <span class='ocrx_word' id='word_1_60' title='bbox 1298 739 1398 784; x_wconf 86' lang='lat' dir='ltr'><strong>quae</strong></span> <span class='ocrx_word' id='word_1_61' title='bbox 1424 739 1598 768; x_wconf 85' lang='lat' dir='ltr'><strong>mecum</strong></span> 
     </span>
     <span class='ocr_line' id='line_1_9' title="bbox 201 790 1599 853; baseline 0.001 -16"><span class='ocrx_word' id='word_1_62' title='bbox 201 790 367 838; x_wconf 73' lang='lat' dir='ltr'><strong>solebat</strong></span> <span class='ocrx_word' id='word_1_63' title='bbox 395 793 507 836; x_wconf 88' lang='lat' dir='ltr'><strong>ferre</strong></span> <span class='ocrx_word' id='word_1_64' title='bbox 537 809 665 851; x_wconf 83' lang='lat' dir='ltr'><strong>grave</strong></span> <span class='ocrx_word' id='word_1_65' title='bbox 688 795 933 851; x_wconf 84' lang='lat' dir='ltr'><strong>negotium,</strong></span> <span class='ocrx_word' id='word_1_66' title='bbox 956 804 998 838; x_wconf 91' lang='lat' dir='ltr'><strong>et</strong></span> <span class='ocrx_word' id='word_1_67' title='bbox 1020 809 1101 853; x_wconf 84' lang='lat' dir='ltr'><strong>ego</strong></span> <span class='ocrx_word' id='word_1_68' title='bbox 1124 795 1391 853; x_wconf 87' lang='lat' dir='ltr'><strong>premendus</strong></span> <span class='ocrx_word' id='word_1_69' title='bbox 1420 810 1599 839; x_wconf 87' lang='lat' dir='ltr'><strong>reman-</strong></span> 
     </span>
     <span class='ocr_line' id='line_1_10' title="bbox 201 863 1598 923; baseline 0.002 -16"><span class='ocrx_word' id='word_1_70' title='bbox 201 879 339 908; x_wconf 84' lang='lat' dir='ltr'><strong>seram</strong></span> <span class='ocrx_word' id='word_1_71' title='bbox 360 899 370 918; x_wconf 85' lang='lat'>,</span> <span class='ocrx_word' id='word_1_72' title='bbox 413 864 495 907; x_wconf 89' lang='lat' dir='ltr'><strong>nisi</strong></span> <span class='ocrx_word' id='word_1_73' title='bbox 523 864 731 923; x_wconf 89' lang='lat' dir='ltr'><strong>patientia</strong></span> <span class='ocrx_word' id='word_1_74' title='bbox 764 863 1025 908; x_wconf 81' lang='lat' dir='ltr'><strong>succederet.</strong></span> <span class='ocrx_word' id='word_1_75' title='bbox 1069 868 1272 909; x_wconf 90' lang='lat' dir='ltr'><strong>Peccasse</strong></span> <span class='ocrx_word' id='word_1_76' title='bbox 1318 880 1388 909; x_wconf 91' lang='lat' dir='ltr'><strong>me</strong></span> <span class='ocrx_word' id='word_1_77' title='bbox 1425 865 1474 908; x_wconf 91' lang='lat' dir='ltr'><strong>in</strong></span> <span class='ocrx_word' id='word_1_78' title='bbox 1509 866 1598 910; x_wconf 85' lang='lat' dir='ltr'><strong>hoc</strong></span> 
     </span>
     <span class='ocr_line' id='line_1_11' title="bbox 204 932 1595 991; baseline 0.003 -16"><span class='ocrx_word' id='word_1_79' title='bbox 204 932 436 991; x_wconf 89' lang='lat' dir='ltr'><strong>quisquam</strong></span> <span class='ocrx_word' id='word_1_80' title='bbox 477 949 700 975; x_wconf 84' lang='lat' dir='ltr'><strong>servorum</strong></span> <span class='ocrx_word' id='word_1_81' title='bbox 734 943 913 978; x_wconf 91' lang='lat' dir='ltr'><strong>tuorum</strong></span> <span class='ocrx_word' id='word_1_82' title='bbox 946 934 1132 979; x_wconf 88' lang='lat' dir='ltr'><strong>fratrum</strong></span> <span class='ocrx_word' id='word_1_83' title='bbox 1165 950 1366 979; x_wconf 88' lang='lat' dir='ltr'><strong>meorum</strong></span> <span class='ocrx_word' id='word_1_84' title='bbox 1404 934 1595 991; x_wconf 78' lang='lat' dir='ltr'><strong>dixerit,</strong></span> 
     </span>
     <span class='ocr_line' id='line_1_12' title="bbox 206 1000 1598 1062; baseline 0.002 -16"><span class='ocrx_word' id='word_1_85' title='bbox 206 1001 326 1062; x_wconf 89' lang='lat' dir='ltr'><strong>quod</strong></span> <span class='ocrx_word' id='word_1_86' title='bbox 345 1003 433 1061; x_wconf 84' lang='lat' dir='ltr'><strong>jam</strong></span> <span class='ocrx_word' id='word_1_87' title='bbox 451 1001 582 1060; x_wconf 88' lang='lat' dir='ltr'><strong>pleno</strong></span> <span class='ocrx_word' id='word_1_88' title='bbox 608 1000 739 1045; x_wconf 90' lang='lat' dir='ltr'><strong>corde</strong></span> <span class='ocrx_word' id='word_1_89' title='bbox 761 1002 915 1046; x_wconf 87' lang='lat' dir='ltr'><strong>militia</strong></span> <span class='ocrx_word' id='word_1_90' title='bbox 938 1011 1037 1057; x_wconf 85' lang='lat' dir='ltr'><strong>tua,</strong></span> <span class='ocrx_word' id='word_1_91' title='bbox 1074 1018 1222 1061; x_wconf 90' lang='lat' dir='ltr'><strong>passus</strong></span> <span class='ocrx_word' id='word_1_92' title='bbox 1246 1019 1314 1047; x_wconf 91' lang='lat' dir='ltr'><strong>me</strong></span> <span class='ocrx_word' id='word_1_93' title='bbox 1344 1006 1503 1048; x_wconf 85' lang='lat' dir='ltr'><strong>fuerim</strong></span> <span class='ocrx_word' id='word_1_94' title='bbox 1528 1006 1598 1049; x_wconf 89' lang='lat' dir='ltr'><strong>vel</strong></span> 
     </span>
     <span class='ocr_line' id='line_1_13' title="bbox 202 1070 1598 1131; baseline 0.002 -15"><span class='ocrx_word' id='word_1_95' title='bbox 202 1087 291 1116; x_wconf 88' lang='lat' dir='ltr'><strong>una</strong></span> <span class='ocrx_word' id='word_1_96' title='bbox 311 1072 418 1116; x_wconf 91' lang='lat' dir='ltr'><strong>hora</strong></span> <span class='ocrx_word' id='word_1_97' title='bbox 435 1070 583 1114; x_wconf 87' lang='lat' dir='ltr'><strong>sedere</strong></span> <span class='ocrx_word' id='word_1_98' title='bbox 610 1072 656 1114; x_wconf 88' lang='lat' dir='ltr'><strong>in</strong></span> <span class='ocrx_word' id='word_1_99' title='bbox 682 1071 888 1116; x_wconf 85' lang='lat' dir='ltr'><strong>cathedra</strong></span> <span class='ocrx_word' id='word_1_100' title='bbox 915 1070 1145 1115; x_wconf 88' lang='lat' dir='ltr'><strong>mendacii.</strong></span> <span class='ocrx_word' id='word_1_101' title='bbox 1182 1075 1239 1116; x_wconf 81' lang='lat' dir='ltr'><strong>At</strong></span> <span class='ocrx_word' id='word_1_102' title='bbox 1267 1088 1348 1131; x_wconf 85' lang='lat' dir='ltr'><strong>ego</strong></span> <span class='ocrx_word' id='word_1_103' title='bbox 1371 1088 1462 1118; x_wconf 91' lang='lat' dir='ltr'><strong>non</strong></span> <span class='ocrx_word' id='word_1_104' title='bbox 1486 1090 1598 1119; x_wconf 94' lang='lat' dir='ltr'><strong>con-</strong></span> 
     </span>
     <span class='ocr_line' id='line_1_14' title="bbox 208 1140 1598 1197; baseline 0.003 -12"><span class='ocrx_word' id='word_1_105' title='bbox 208 1140 357 1186; x_wconf 87' lang='lat' dir='ltr'><strong>tendo.</strong></span> <span class='ocrx_word' id='word_1_106' title='bbox 401 1140 486 1185; x_wconf 91' lang='lat' dir='ltr'><strong>Sed</strong></span> <span class='ocrx_word' id='word_1_107' title='bbox 523 1150 588 1195; x_wconf 84' lang='lat' dir='ltr'><strong>tu,</strong></span> <span class='ocrx_word' id='word_1_108' title='bbox 613 1141 797 1185; x_wconf 88' lang='lat' dir='ltr'><strong>Domine</strong></span> <span class='ocrx_word' id='word_1_109' title='bbox 824 1141 1245 1197; x_wconf 81' lang='lat' dir='ltr'><strong>misericordissime,</strong></span> <span class='ocrx_word' id='word_1_110' title='bbox 1282 1158 1429 1187; x_wconf 91' lang='lat' dir='ltr'><strong>nonne</strong></span> <span class='ocrx_word' id='word_1_111' title='bbox 1450 1153 1494 1188; x_wconf 91' lang='lat' dir='ltr'><strong>et</strong></span> <span class='ocrx_word' id='word_1_112' title='bbox 1514 1145 1598 1190; x_wconf 92' lang='lat' dir='ltr'><strong>hoc</strong></span> 
     </span>
     <span class='ocr_line' id='line_1_15' title="bbox 205 1212 1597 1274; baseline 0.004 -19"><span class='ocrx_word' id='word_1_113' title='bbox 205 1220 435 1271; x_wconf 89' lang='lat' dir='ltr'><strong>peccatum</strong></span> <span class='ocrx_word' id='word_1_114' title='bbox 450 1226 549 1254; x_wconf 91' lang='lat' dir='ltr'><strong>cum</strong></span> <span class='ocrx_word' id='word_1_115' title='bbox 566 1212 731 1255; x_wconf 77' lang='lat' dir='ltr'><strong>caeteris</strong></span> <span class='ocrx_word' id='word_1_116' title='bbox 747 1212 973 1256; x_wconf 88' lang='lat' dir='ltr'><strong>horrendis</strong></span> <span class='ocrx_word' id='word_1_117' title='bbox 991 1221 1034 1257; x_wconf 90' lang='lat' dir='ltr'><strong>et</strong></span> <span class='ocrx_word' id='word_1_118' title='bbox 1054 1212 1244 1257; x_wconf 85' lang='lat' dir='ltr'><strong>funereis</strong></span> <span class='ocrx_word' id='word_1_119' title='bbox 1257 1214 1302 1257; x_wconf 93' lang='lat' dir='ltr'><strong>in</strong></span> <span class='ocrx_word' id='word_1_120' title='bbox 1319 1229 1431 1274; x_wconf 88' lang='lat' dir='ltr'><strong>aqua</strong></span> <span class='ocrx_word' id='word_1_121' title='bbox 1450 1224 1597 1260; x_wconf 87' lang='lat' dir='ltr'><strong>sancta</strong></span> 
     </span>
     <span class='ocr_line' id='line_1_16' title="bbox 210 1281 864 1340; baseline -0.005 -14"><span class='ocrx_word' id='word_1_122' title='bbox 210 1282 412 1340; x_wconf 79' lang='lat' dir='ltr'><strong>ignovisti</strong></span> <span class='ocrx_word' id='word_1_123' title='bbox 433 1291 476 1325; x_wconf 92' lang='lat' dir='ltr'><strong>et</strong></span> <span class='ocrx_word' id='word_1_124' title='bbox 498 1281 696 1326; x_wconf 88' lang='lat' dir='ltr'><strong>remisisti</strong></span> <span class='ocrx_word' id='word_1_125' title='bbox 715 1282 822 1325; x_wconf 90' lang='lat' dir='ltr'><strong>mihi</strong></span> <span class='ocrx_word' id='word_1_126' title='bbox 846 1284 864 1323; x_wconf 70' lang='lat'><strong>‘3</strong></span> 
     </span>
    </p>
   </div>
   <div class='ocr_carea' id='block_1_3' title="bbox 214 1460 1598 1479">
    <p class='ocr_par' dir='ltr' id='par_1_3' title="bbox 214 1460 1598 1479">
     <span class='ocr_line' id='line_1_17' title="bbox 214 1460 1598 1479; baseline 0.004 -4"><span class='ocrx_word' id='word_1_127' title='bbox 214 1461 562 1477; x_wconf 57' lang='lat' dir='ltr'><strong>xutwwmmwumm</strong></span> <span class='ocrx_word' id='word_1_128' title='bbox 566 1460 1271 1477; x_wconf 60' lang='lat' dir='ltr'><strong>mmmmmmmm</strong></span> <span class='ocrx_word' id='word_1_129' title='bbox 1276 1462 1598 1479; x_wconf 62' lang='lat' dir='ltr'><strong>mmmmmw</strong></span> 
     </span>
    </p>
   </div>
   <div class='ocr_carea' id='block_1_4' title="bbox 733 1589 1088 1638">
    <p class='ocr_par' dir='ltr' id='par_1_4' title="bbox 733 1589 1088 1638">
     <span class='ocr_line' id='line_1_18' title="bbox 733 1589 1088 1638; baseline 0 -1"><span class='ocrx_word' id='word_1_130' title='bbox 733 1589 950 1638; x_wconf 88' lang='lat' dir='ltr'><strong>CAPUT</strong></span> <span class='ocrx_word' id='word_1_131' title='bbox 996 1593 1088 1637; x_wconf 66' lang='lat' dir='ltr'><strong>lli.</strong></span> 
     </span>
    </p>
   </div>
   <div class='ocr_carea' id='block_1_5' title="bbox 444 1741 1354 1790">
    <p class='ocr_par' dir='ltr' id='par_1_5' title="bbox 444 1741 1354 1790">
     <span class='ocr_line' id='line_1_19' title="bbox 444 1741 1354 1790; baseline 0.003 -3"><span class='ocrx_word' id='word_1_132' title='bbox 444 1741 500 1787; x_wconf 87' lang='lat' dir='ltr'><em>V</em></span> <span class='ocrx_word' id='word_1_133' title='bbox 497 1742 760 1787; x_wconf 73' lang='lat' dir='ltr'><strong>ereczmdus</strong></span> <span class='ocrx_word' id='word_1_134' title='bbox 780 1741 1001 1788; x_wconf 74' lang='lat' dir='ltr'><strong>concedit</strong></span> <span class='ocrx_word' id='word_1_135' title='bbox 1017 1742 1085 1788; x_wconf 69' lang='lat' dir='ltr'><strong>illi</strong></span> <span class='ocrx_word' id='word_1_136' title='bbox 1099 1760 1179 1789; x_wconf 76' lang='lat' dir='ltr'><strong>rus</strong></span> <span class='ocrx_word' id='word_1_137' title='bbox 1201 1761 1354 1790; x_wconf 78' lang='lat' dir='ltr'><strong>suum.</strong></span> 
     </span>
    </p>
   </div>
   <div class='ocr_carea' id='block_1_6' title="bbox 203 1892 1596 2591">
    <p class='ocr_par' dir='ltr' id='par_1_6' title="bbox 203 1892 1596 2591">
     <span class='ocr_line' id='line_1_20' title="bbox 265 1892 1596 1951; baseline 0.006 -8"><span class='ocrx_word' id='word_1_138' title='bbox 265 1903 318 1944; x_wconf 92' lang='lat' dir='ltr'><strong>V.</strong></span> <span class='ocrx_word' id='word_1_139' title='bbox 365 1892 686 1944; x_wconf 65' lang='lat' dir='ltr'><strong>MACERABATUIt</strong></span> <span class='ocrx_word' id='word_1_140' title='bbox 708 1900 985 1945; x_wconf 83' lang='lat' dir='ltr'><strong>anxietudine</strong></span> <span class='ocrx_word' id='word_1_141' title='bbox 1003 1904 1288 1948; x_wconf 88' lang='lat' dir='ltr'><strong>Verecundus</strong></span> <span class='ocrx_word' id='word_1_142' title='bbox 1307 1903 1361 1949; x_wconf 87' lang='lat' dir='ltr'><strong>de</strong></span> <span class='ocrx_word' id='word_1_143' title='bbox 1378 1905 1460 1950; x_wconf 90' lang='lat' dir='ltr'><strong>isto</strong></span> <span class='ocrx_word' id='word_1_144' title='bbox 1491 1921 1596 1951; x_wconf 87' lang='lat' dir='ltr'><strong>nos-</strong></span> 
     </span>
     <span class='ocr_line' id='line_1_21' title="bbox 204 1970 1592 2033; baseline 0.005 -19"><span class='ocrx_word' id='word_1_145' title='bbox 204 1981 272 2015; x_wconf 79' lang='lat' dir='ltr'><strong>tro</strong></span> <span class='ocrx_word' id='word_1_146' title='bbox 294 1972 411 2015; x_wconf 89' lang='lat' dir='ltr'><strong>bono</strong></span> <span class='ocrx_word' id='word_1_147' title='bbox 427 2006 437 2025; x_wconf 82' lang='lat'><strong>‚</strong></span> <span class='ocrx_word' id='word_1_148' title='bbox 463 1970 581 2030; x_wconf 84' lang='lat' dir='ltr'><strong>quod</strong></span> <span class='ocrx_word' id='word_1_149' title='bbox 604 1980 782 2030; x_wconf 87' lang='lat' dir='ltr'><strong>propter</strong></span> <span class='ocrx_word' id='word_1_150' title='bbox 800 1972 974 2016; x_wconf 82' lang='lat' dir='ltr'><strong>vincula</strong></span> <span class='ocrx_word' id='word_1_151' title='bbox 1002 1988 1078 2017; x_wconf 89' lang='lat' dir='ltr'><strong>sua</strong></span> <span class='ocrx_word' id='word_1_152' title='bbox 1094 2008 1104 2027; x_wconf 89' lang='lat'>,</span> <span class='ocrx_word' id='word_1_153' title='bbox 1138 1974 1297 2033; x_wconf 83' lang='lat' dir='ltr'><strong>quibus</strong></span> <span class='ocrx_word' id='word_1_154' title='bbox 1324 1976 1592 2021; x_wconf 86' lang='lat' dir='ltr'><strong>tenacissime</strong></span> 
     </span>
     <span class='ocr_line' id='line_1_22' title="bbox 204 2041 1592 2098; baseline 0.004 -14"><span class='ocrx_word' id='word_1_155' title='bbox 204 2042 431 2085; x_wconf 79' lang='lat' dir='ltr'><strong>tenebatur</strong></span> <span class='ocrx_word' id='word_1_156' title='bbox 449 2076 459 2095; x_wconf 87' lang='lat'>,</span> <span class='ocrx_word' id='word_1_157' title='bbox 500 2041 638 2085; x_wconf 90' lang='lat' dir='ltr'><strong>deseri</strong></span> <span class='ocrx_word' id='word_1_158' title='bbox 672 2057 714 2085; x_wconf 89' lang='lat' dir='ltr'><strong>se</strong></span> <span class='ocrx_word' id='word_1_159' title='bbox 752 2051 898 2086; x_wconf 89' lang='lat' dir='ltr'><strong>nostro</strong></span> <span class='ocrx_word' id='word_1_160' title='bbox 926 2043 1143 2086; x_wconf 90' lang='lat' dir='ltr'><strong>consortio</strong></span> <span class='ocrx_word' id='word_1_161' title='bbox 1170 2042 1371 2098; x_wconf 85' lang='lat' dir='ltr'><strong>videbat,</strong></span> <span class='ocrx_word' id='word_1_162' title='bbox 1395 2046 1592 2090; x_wconf 90' lang='lat' dir='ltr'><strong>nondum</strong></span> 
     </span>
     <span class='ocr_line' id='line_1_23' title="bbox 204 2111 1592 2175; baseline 0.003 -19"><span class='ocrx_word' id='word_1_163' title='bbox 204 2113 473 2156; x_wconf 87' lang='lat' dir='ltr'><strong>Christianus</strong></span> <span class='ocrx_word' id='word_1_164' title='bbox 511 2114 695 2171; x_wconf 82' lang='lat' dir='ltr'><strong>conjuge</strong></span> <span class='ocrx_word' id='word_1_165' title='bbox 724 2111 868 2169; x_wconf 77' lang='lat' dir='ltr'><strong>fideli3</strong></span> <span class='ocrx_word' id='word_1_166' title='bbox 904 2128 954 2156; x_wconf 90' lang='lat' dir='ltr'><strong>ea</strong></span> <span class='ocrx_word' id='word_1_167' title='bbox 989 2114 1078 2171; x_wconf 89' lang='lat' dir='ltr'><strong>ipsa</strong></span> <span class='ocrx_word' id='word_1_168' title='bbox 1110 2122 1257 2157; x_wconf 90' lang='lat' dir='ltr'><strong>tamen</strong></span> <span class='ocrx_word' id='word_1_169' title='bbox 1292 2116 1473 2159; x_wconf 85' lang='lat' dir='ltr'><strong>arctiore</strong></span> <span class='ocrx_word' id='word_1_170' title='bbox 1502 2132 1592 2175; x_wconf 83' lang='lat' dir='ltr'><strong>prae</strong></span> 
     </span>
     <span class='ocr_line' id='line_1_24' title="bbox 203 2182 1593 2241; baseline 0.004 -15"><span class='ocrx_word' id='word_1_171' title='bbox 203 2183 366 2226; x_wconf 66' lang='lat' dir='ltr'><strong>caeteris</strong></span> <span class='ocrx_word' id='word_1_172' title='bbox 388 2183 615 2240; x_wconf 80' lang='lat' dir='ltr'><strong>compede,</strong></span> <span class='ocrx_word' id='word_1_173' title='bbox 636 2182 690 2225; x_wconf 87' lang='lat' dir='ltr'><strong>ab</strong></span> <span class='ocrx_word' id='word_1_174' title='bbox 705 2182 858 2225; x_wconf 87' lang='lat' dir='ltr'><strong>itinere</strong></span> <span class='ocrx_word' id='word_1_175' title='bbox 875 2182 995 2241; x_wconf 86' lang='lat' dir='ltr'><strong>quod</strong></span> <span class='ocrx_word' id='word_1_176' title='bbox 1011 2183 1195 2240; x_wconf 83' lang='lat' dir='ltr'><strong>aggressi</strong></span> <span class='ocrx_word' id='word_1_177' title='bbox 1213 2198 1381 2227; x_wconf 89' lang='lat' dir='ltr'><strong>eramus</strong></span> <span class='ocrx_word' id='word_1_178' title='bbox 1401 2187 1593 2231; x_wconf 90' lang='lat' dir='ltr'><strong>retarda-</strong></span> 
     </span>
     <span class='ocr_line' id='line_1_25' title="bbox 204 2253 1592 2302; baseline 0.005 -7"><span class='ocrx_word' id='word_1_179' title='bbox 204 2254 349 2296; x_wconf 81' lang='lat' dir='ltr'><strong>batur.</strong></span> <span class='ocrx_word' id='word_1_180' title='bbox 371 2255 458 2297; x_wconf 91' lang='lat' dir='ltr'><strong>Nec</strong></span> <span class='ocrx_word' id='word_1_181' title='bbox 489 2253 784 2297; x_wconf 81' lang='lat' dir='ltr'><strong>Christianum</strong></span> <span class='ocrx_word' id='word_1_182' title='bbox 818 2268 907 2296; x_wconf 86' lang='lat' dir='ltr'><strong>esse</strong></span> <span class='ocrx_word' id='word_1_183' title='bbox 933 2253 1016 2296; x_wconf 87' lang='lat' dir='ltr'><strong>alio</strong></span> <span class='ocrx_word' id='word_1_184' title='bbox 1044 2255 1174 2297; x_wconf 91' lang='lat' dir='ltr'><strong>modo</strong></span> <span class='ocrx_word' id='word_1_185' title='bbox 1207 2269 1249 2297; x_wconf 90' lang='lat' dir='ltr'><strong>se</strong></span> <span class='ocrx_word' id='word_1_186' title='bbox 1273 2254 1383 2298; x_wconf 86' lang='lat' dir='ltr'><strong>velle</strong></span> <span class='ocrx_word' id='word_1_187' title='bbox 1419 2255 1592 2302; x_wconf 88' lang='lat' dir='ltr'><strong>dicebat</strong></span> 
     </span>
     <span class='ocr_line' id='line_1_26' title="bbox 205 2324 1592 2383; baseline 0.004 -17"><span class='ocrx_word' id='word_1_188' title='bbox 205 2339 334 2382; x_wconf 84' lang='lat' dir='ltr'><strong>quam</strong></span> <span class='ocrx_word' id='word_1_189' title='bbox 360 2324 434 2367; x_wconf 84' lang='lat' dir='ltr'><strong>illo</strong></span> <span class='ocrx_word' id='word_1_190' title='bbox 475 2339 563 2383; x_wconf 85' lang='lat' dir='ltr'><strong>quo</strong></span> <span class='ocrx_word' id='word_1_191' title='bbox 602 2339 691 2367; x_wconf 85' lang='lat' dir='ltr'><strong>non</strong></span> <span class='ocrx_word' id='word_1_192' title='bbox 733 2332 916 2382; x_wconf 80' lang='lat' dir='ltr'><strong>poterat.</strong></span> <span class='ocrx_word' id='word_1_193' title='bbox 963 2324 1153 2381; x_wconf 89' lang='lat' dir='ltr'><strong>Benigne</strong></span> <span class='ocrx_word' id='word_1_194' title='bbox 1187 2340 1287 2368; x_wconf 86' lang='lat' dir='ltr'><strong>sane</strong></span> <span class='ocrx_word' id='word_1_195' title='bbox 1319 2326 1502 2382; x_wconf 82' lang='lat' dir='ltr'><strong>obtulit,</strong></span> <span class='ocrx_word' id='word_1_196' title='bbox 1542 2338 1592 2374; x_wconf 88' lang='lat' dir='ltr'><strong>ut</strong></span> 
     </span>
     <span class='ocr_line' id='line_1_27' title="bbox 203 2391 1586 2453; baseline 0.004 -19"><span class='ocrx_word' id='word_1_197' title='bbox 203 2391 397 2450; x_wconf 72' lang='lat' dir='ltr'><strong>quandiu</strong></span> <span class='ocrx_word' id='word_1_198' title='bbox 415 2393 477 2436; x_wconf 91' lang='lat' dir='ltr'><strong>ibi</strong></span> <span class='ocrx_word' id='word_1_199' title='bbox 500 2408 688 2436; x_wconf 85' lang='lat' dir='ltr'><strong>essemus</strong></span> <span class='ocrx_word' id='word_1_200' title='bbox 705 2428 715 2446; x_wconf 85' lang='lat'>‚</span> <span class='ocrx_word' id='word_1_201' title='bbox 737 2394 782 2435; x_wconf 91' lang='lat' dir='ltr'><strong>in</strong></span> <span class='ocrx_word' id='word_1_202' title='bbox 805 2408 904 2436; x_wconf 89' lang='lat' dir='ltr'><strong>rure</strong></span> <span class='ocrx_word' id='word_1_203' title='bbox 922 2394 1013 2452; x_wconf 76' lang='lat' dir='ltr'><strong>ejus</strong></span> <span class='ocrx_word' id='word_1_204' title='bbox 1029 2409 1229 2437; x_wconf 85' lang='lat' dir='ltr'><strong>essemus.</strong></span> <span class='ocrx_word' id='word_1_205' title='bbox 1259 2396 1488 2440; x_wconf 84' lang='lat' dir='ltr'><strong>Retribues</strong></span> <span class='ocrx_word' id='word_1_206' title='bbox 1507 2397 1586 2453; x_wconf 89' lang='lat' dir='ltr'><strong>illi,</strong></span> 
     </span>
     <span class='ocr_line' id='line_1_28' title="bbox 206 2464 1588 2525; baseline 0.006 -20"><span class='ocrx_word' id='word_1_207' title='bbox 206 2464 404 2516; x_wconf 81' lang='lat' dir='ltr'><strong>Domine,</strong></span> <span class='ocrx_word' id='word_1_208' title='bbox 419 2464 463 2506; x_wconf 90' lang='lat' dir='ltr'><strong>in</strong></span> <span class='ocrx_word' id='word_1_209' title='bbox 483 2465 796 2508; x_wconf 84' lang='lat' dir='ltr'><strong>resurrectione</strong></span> <span class='ocrx_word' id='word_1_210' title='bbox 807 2466 1041 2524; x_wconf 86' lang='lat' dir='ltr'><strong>justorum,</strong></span> <span class='ocrx_word' id='word_1_211' title='bbox 1062 2466 1263 2525; x_wconf 85' lang='lat' dir='ltr'><strong>quiajam</strong></span> <span class='ocrx_word' id='word_1_212' title='bbox 1279 2467 1416 2525; x_wconf 87' lang='lat' dir='ltr'><strong>ipsam</strong></span> <span class='ocrx_word' id='word_1_213' title='bbox 1429 2477 1588 2514; x_wconf 89' lang='lat' dir='ltr'><strong>sortem</strong></span> 
     </span>
     <span class='ocr_line' id='line_1_29' title="bbox 204 2533 1587 2591; baseline 0.005 -14"><span class='ocrx_word' id='word_1_214' title='bbox 204 2533 437 2577; x_wconf 74' lang='lat' dir='ltr'><strong>retribuisti</strong></span> <span class='ocrx_word' id='word_1_215' title='bbox 452 2535 503 2577; x_wconf 78' lang='lat' dir='ltr'><strong>ei.</strong></span> <span class='ocrx_word' id='word_1_216' title='bbox 523 2536 727 2587; x_wconf 76' lang='lat' dir='ltr'><strong>Quamvis</strong></span> <span class='ocrx_word' id='word_1_217' title='bbox 744 2536 857 2580; x_wconf 87' lang='lat' dir='ltr'><strong>enim</strong></span> <span class='ocrx_word' id='word_1_218' title='bbox 875 2537 1126 2581; x_wconf 83' lang='lat' dir='ltr'><strong>absentibus</strong></span> <span class='ocrx_word' id='word_1_219' title='bbox 1145 2537 1268 2581; x_wconf 90' lang='lat' dir='ltr'><strong>nobis</strong></span> <span class='ocrx_word' id='word_1_220' title='bbox 1283 2573 1293 2591; x_wconf 84' lang='lat'>,</span> <span class='ocrx_word' id='word_1_221' title='bbox 1315 2553 1415 2582; x_wconf 88' lang='lat' dir='ltr'><strong>cum</strong></span> <span class='ocrx_word' id='word_1_222' title='bbox 1438 2542 1587 2584; x_wconf 82' lang='lat' dir='ltr'><strong>Romae</strong></span> 
     </span>
    </p>
   </div>
   <div class='ocr_carea' id='block_1_7' title="bbox 1817 536 1844 1106">
    <p class='ocr_par' dir='ltr' id='par_1_7' title="bbox 1817 536 1844 1106">
     <span class='ocr_line' id='line_1_30' title="bbox 1817 536 1844 1106; baseline 0 2056"><span class='ocrx_word' id='word_1_223' title='bbox 1817 536 1844 1106; x_wconf 95' lang='lat' dir='ltr'><strong> </strong></span> 
     </span>
    </p>
   </div>
   <div class='ocr_carea' id='block_1_8' title="bbox 1831 2573 1864 3162">
    <p class='ocr_par' dir='ltr' id='par_1_8' title="bbox 1831 2573 1864 3162">
     <span class='ocr_line' id='line_1_31' title="bbox 1831 2573 1864 3162; baseline 0 0"><span class='ocrx_word' id='word_1_224' title='bbox 1831 2573 1864 3162; x_wconf 95' lang='lat' dir='ltr'><strong> </strong></span> 
     </span>
    </p>
   </div>
  </div>
 </body>
</html>

  </div>
 </body>
</html>
