1871 3162
581 264 929 304 CONFESSmNUM,
963 266 1046 293 LIB.
1083 266 1143 292 1v.
1491 253 1543 293 '71

172 332 336 377 viveret
352 331 528 391 quando
548 331 701 375 absens
716 340 822 375 erat.
846 332 1005 374 Factus
1021 343 1138 373 eram
1155 328 1246 388 ipse
1265 329 1371 372 mihi
1391 343 1549 387 magna

175 402 356 462 quaestio
374 436 385 456 ,
407 410 450 445 et
466 401 787 460 interrogabam
809 400 998 445 animam
1019 413 1162 443 meam
1183 413 1318 458 quare
1339 398 1471 442 tristis
1492 413 1552 441 es-

174 476 273 527 set¹,
289 481 332 516 et
350 486 484 531 quare
503 472 785 515 conturbaret
805 486 875 514 me
896 470 1049 521 valde;
1073 479 1116 513 et
1136 469 1246 512 nihil
1268 477 1446 512 noverat
1461 482 1551 512 res-

173 544 366 602 pondere
387 537 509 585 mibi.
532 545 589 586 Et
611 542 645 586 si
662 542 860 585 dicebam
883 559 892 585 :
916 543 1048 600 Spera
1068 539 1113 583 in
1135 542 1274 583 Deum
1290 573 1301 592 ,
1321 540 1437 598 juste
1466 553 1554 582 non

173 612 504 670 obtemperabat
521 632 531 668 3
551 611 653 671 quia
673 611 813 655 verior
827 620 918 654 erat
933 619 978 654 et
991 610 1144 654 melior
1158 610 1290 653 homo
1302 623 1433 668 quem
1450 609 1554 652 cha-

171 682 385 725 rissimum
408 682 630 736 amiserat,
656 696 787 740 quam
807 681 1067 739 phantasma
1087 680 1133 723 in
1153 678 1273 738 quod
1300 693 1469 737 sperare
1481 679 1556 737 ju-

171 751 373 796 bebatur.
393 749 517 795 Solus
534 751 662 794 fletus
679 760 770 795 erat
788 748 928 795 dulcis
942 748 1066 805 mihi,
1087 758 1130 794 et
1142 757 1403 794 successerat
1419 747 1557 792 amico

172 837 271 866 meo
291 821 337 865 in
357 820 520 866 deliciis
535 821 670 866 animi
691 822 791 866 mei.

171 971 1546 993 mmmmmmwummmmmmmm

707 1093 924 1142 CAPUT
958 1095 1020 1141 V.

531 1236 631 1281 Car
641 1235 796 1297 fletus
829 1234 984 1281 dulcis
1005 1235 1206 1281 miseris.

229 1386 286 1428 X.
322 1386 386 1428 ΕΤ
403 1398 521 1427 nunc
536 1418 547 1437 ,
573 1383 773 1438 Domine,
793 1384 884 1443 jam
905 1382 979 1426 illa
1000 1383 1266 1428 transierunt
1280 1417 1291 1438 ,
1311 1391 1355 1426 et
1366 1390 1561 1441 tempore

170 1455 354 1498 lenitum
388 1463 452 1498 est
469 1454 628 1498 vulnus
657 1469 822 1497 meum.
848 1457 1044 1497 Possum·
1056 1469 1111 1497 ne
1134 1453 1284 1497 audire
1311 1453 1386 1497 abs
1414 1461 1457 1496 te
1481 1452 1560 1512 qui

170 1525 327 1569 veritas
345 1538 388 1566 es
404 1557 415 1577 ,
440 1532 483 1566 et
500 1522 729 1566 admovere
752 1537 899 1566 aurem
917 1522 1059 1566 cordis
1075 1523 1161 1565 mei
1178 1522 1241 1565 ori
1258 1530 1359 1575 tuo,
1377 1530 1428 1564 ut
1445 1520 1561 1565 dicas

171 1595 279 1638 mihi
302 1608 380 1637 cur
401 1594 531 1637 fletus
553 1592 693 1636 dulcis
714 1593 770 1636 sit
792 1592 980 1636 miseris?
996 1596 1064 1636 An
1080 1601 1130 1635 tu
1145 1627 1156 1646 ,
1181 1591 1377 1651 quamvis
1394 1590 1560 1650 ubique

171 1665 283 1710 adsis
302 1699 312 1717 ,
333 1663 463 1721 longe
486 1664 677 1723 abjecisti
699 1678 723 1706 a
746 1674 787 1706 te
809 1663 1025 1706 miseriam
1053 1664 1270 1706 nostram?
1300 1664 1358 1706 Et
1378 1671 1428 1705 tu
1450 1661 1494 1704 in
1517 1670 1560 1705 te

171 1749 319 1778 manes
336 1753 345 1778 ε
366 1749 444 1777 nos
462 1742 607 1777 autem
626 1734 671 1775 in
685 1732 988 1791 experiment1s
1002 1731 1234 1776 volvimur.
1252 1734 1308 1775 Et
1322 1741 1468 1775 tamen
1479 1730 1560 1774 nisi

171 1804 225 1849 ad
241 1820 364 1848 aures
382 1814 476 1848 tuas
490 1803 773 1862 ploraremus,
791 1803 899 1846 nihil
915 1801 1075 1846 residui
1093 1801 1148 1845 de
1163 1817 1238 1860 spe
1254 1811 1400 1845 nostra
1418 1802 1554 1845 fieret.

175 1876 299 1919 Unde
316 1875 448 1933 igitur
470 1874 610 1917 suavis
644 1873 812 1917 fructus
832 1872 887 1918 de
908 1871 1196 1916 amaritudine
1214 1872 1315 1916 vitae
1336 1872 1523 1930 carpitur
1545 1906 1556 1926 ,

173 1959 343 2003 gemere
367 1953 409 1988 et
432 1944 536 1987 flere
553 1952 596 1986 et
617 1943 829 2001 suspirare
850 1951 893 1986 et
915 1941 1237 2001 conque1·i?An
1253 1942 1336 1985 hoc
1350 1941 1410 1984 ibi
1431 1939 1559 1984 dulce

172 2024 236 2058 est
257 2014 378 2074 quod
400 2028 622 2072 speramus
645 2013 852 2056 exaudire
873 2014 949 2056 te?
979 2016 1112 2056 Recte
1128 2012 1246 2055 istud
1265 2012 1310 2055 in
1331 2011 1555 2070 precibus,

172 2086 274 2145 quia
294 2085 555 2129 desiderium
578 2083 860 2143 perveniendi
879 2084 1058 2126 habent.
1095 2082 1321 2142 Numquid
1341 2082 1386 2125 in
1405 2081 1556 2126 dolore

173 2155 338 2199 amissae
359 2154 421 2197 rei
440 2162 484 2197 et
500 2152 624 2197 luctu
645 2169 734 2213 quo
755 2162 862 2198 tunc
883 2152 1136 2212 openiebar?
1157 2154 1308 2212 Neque
1326 2151 1440 2195 enim
1462 2167 1558 2211 spe—

173 2226 323 2269 rabam
346 2224 599 2268 reviviscere
620 2223 768 2278 illum,
795 2233 869 2268 aut
897 2225 980 2268 hoc
1002 2224 1204 2282 petebam
1224 2222 1426 2280 lacrymis
1443 2257 1454 2277 ,
1481 2223 1557 2266 sed

175 2305 346 2341 tantum
361 2294 564 2341 dolebam
581 2303 624 2338 et
641 2295 820 2338 flebam.
843 2294 975 2339 Miser
993 2294 1106 2338 enim
1125 2309 1260 2348 eram,
1281 2303 1324 2338 et
1336 2293 1561 2337 amiseram

177 2365 384 2425 gaudium
399 2380 560 2409 meum.
581 2369 649 2409 An
664 2374 706 2409 et
720 2365 848 2409 fletus
864 2381 930 2409 res
941 2380 1085 2409 amara
1102 2374 1165 2409 est
1181 2400 1191 2420 ,
1217 2374 1260 2409 et
1281 2380 1370 2424 prae
1384 2363 1558 2408 fastidio

175 2451 321 2479 rerum
339 2436 498 2495 quibus
516 2436 634 2495 prius
656 2435 990 2491 fruebamur,-et
1003 2444 1109 2480 tunc
1127 2434 1233 2480 dum
1251 2435 1306 2479 ab
1318 2435 1378 2479 eis
1394 2435 1556 2479 abhor-

176 2521 342 2560 remus,
370 2506 584 2550 delectat?

226 2596 233 2611 ¹
255 2589 333 2620 Psal
356 2599 417 2627 xm,
436 2589 468 2620 6.
