1871 3162
702 288 852 317 mnzx.
1381 282 1465 323 559

115 355 218 387 Caput
243 363 310 388 xn-
335 354 416 393 Quid
434 354 468 386 in
489 354 588 387 sacris
605 353 707 388 Libris
722 353 908 396 invenerit,
930 363 996 387 non
1022 353 1189 391 inventum
1208 357 1240 391 in
1263 357 1374 390 Plato-

391 408 483 442 uicis.
1288 423 1368 458 pag.
1397 415 1462 447 168

608 515 781 560 LIBER
812 516 936 560 VIII.

80 634 174 671 Vitae
203 635 316 682 ipsius
335 641 481 682 partem
512 638 662 683 attingit
687 637 990 680 celeberrimam,
1010 647 1145 673 annum
1173 637 1288 673 aetatis
1306 639 1460 683 trigesi-

125 696 481 739 mum-secundum,
515 706 588 741 quo
615 706 749 742 nempe
777 706 864 732 cum
893 695 1172 742 simplicianum
1198 697 1465 742 consuluisset,

126 755 173 790 ab
192 765 311 799 eoque
327 755 515 790 didicisset
528 755 713 791 Victorini
729 754 1014 791 conversionem
1026 780 1038 796 ,
1051 765 1138 791 eum
1157 756 1311 794 Antonii
1329 757 1465 804 AEgyp-

125 811 167 847 tii
186 813 356 848 monachi
375 813 488 848 vitam
504 823 547 848 ex
564 812 767 848 Pontitiani
780 812 960 849 relatione
979 815 1236 860 cognovisset,
1251 820 1334 860 post
1350 816 1462 853 vehe-

125 877 290 906 mentem
310 872 450 907 luctam
467 880 620 906 carnem
638 871 737 906 inter
753 877 790 906 et
807 872 970 907 animum
983 898 995 916 ‚
1014 873 1184 909 codicem
1203 873 1371 919 Apostoli
1389 884 1464 910 coe-

125 928 207 963 lesti
238 930 446 964 admonitus
474 929 625 964 oraculo
654 929 832 975 inspexit3
857 940 1018 976 moxque
1043 941 1087 966 ex
1108 932 1205 968 illius
1231 932 1391 968 lectione
1416 933 1463 969 ad

121 986 315 1022 meliorem
332 987 478 1032 frugem
499 992 582 1023 toto
598 988 720 1022 animo
736 988 958 1024 immutatus
975 989 1059 1032 fuit,
1074 990 1259 1036 pleneque
1278 990 1325 1026 ad
1342 990 1464 1027 Deum

122 1053 339 1080 conversus-

130 1159 233 1190 CAPUT
287 1168 308 1189 ι.
336 1157 447 1189 Studio
465 1156 537 1189 vitae
561 1157 673 1190 melius
688 1157 895 1190 instituendae
914 1158 955 1191 ad
975 1157 1217 1201 simplicianum
1234 1159 1280 1193 ire
1300 1163 1371 1193 sta-

380 1214 456 1246 tuit.
1398 1218 1462 1249 170

275 1282 312 1302 ιι.
336 1273 382 1303 De
403 1271 564 1303 Victorino
581 1271 711 1304 rhetore
727 1271 767 1303 ad
785 1271 880 1303 fidem
896 1280 1076 1304 converso.
1399 1272 1461 1303 172

264 1339 312 1360 111.
338 1328 429 1366 Quod
446 1330 528 1360 Dens
546 1333 578 1359 et
601 1328 714 1370 Angeli
739 1328 835 1370 magis
853 1328 997 1370 gaudent
1013 1327 1046 1360 in
1064 1331 1269 1369 peccatorum
1287 1338 1370 1361 con-

378 1383 537 1416 versione.
1393 1386 1458 1415 175

266 1449 308 1470 ιν.
336 1441 440 1476 Quare
458 1438 528 1480 plus
545 1438 715 1471 laetandum
728 1439 769 1470 sit
786 1440 818 1470 in
837 1439 1053 1472 conversione
1070 1440 1235 1472 nobilium.
1393 1441 1459 1470 177

274 1505 307 1526 v.
335 1496 409 1531 Quae
427 1495 672 1526 remorabantur
690 1506 764 1528 eum
783 1505 802 1527 a
818 1496 1040 1528 conversione.
1393 1495 1458 1526 178

260 1560 307 1581 vl.
332 1549 530 1581 Pontitianus
543 1554 653 1582 narrat
671 1550 803 1582 Antonii
821 1551 932 1582 vitam.
1388 1550 1454 1581 180

251 1616 307 1638 vu.
333 1605 522 1638 Rodebatur
535 1606 620 1638 intus
637 1606 746 1638 audito
765 1606 965 1637 Pontitiano.
1393 1606 1459 1637 184

235 1671 305 1694 vu1.
331 1661 367 1692 In
383 1661 514 1692 hortum
527 1661 652 1693 secedit
662 1674 673 1703 5
692 1661 768 1704 quid
785 1660 832 1692 ibi
853 1660 966 1702 egerit.
1392 1662 1455 1692 186

260 1728 304 1751 ix.
330 1717 420 1750 Unde
436 1717 472 1748 fit
488 1721 525 1748 ut
542 1717 663 1748 animus
682 1716 825 1757 imperet
848 1713 907 1745 sibi
928 1717 962 1745 et
977 1712 1157 1745 resistatur.
1394 1715 1457 1749 188

269 1785 300 1806 x.
326 1774 486 1806 Adversus
499 1771 687 1804 Manichaeos
698 1770 754 1814 qui
768 1781 808 1803 ex
823 1768 947 1802 duabus
966 1769 1132 1802 contrariis
1148 1769 1365 1804 voluntatibus

372 1828 449 1861 duas
464 1827 643 1861 contrarias
659 1831 790 1859 naturas
809 1829 1008 1858 asseverant.
1386 1827 1452 1859 189

254 1896 299 1920 xi.
322 1888 428 1920 Lucta
439 1886 570 1930 spiritus
584 1889 618 1918 et
634 1885 738 1918 earnis
755 1885 789 1918 in
804 1882 990 1927 Augustino.
1385 1885 1451 1917 199.

242 1953 299 1976 xu-
322 1942 415 1976 Vocis
428 1941 592 1976 admonitu
608 1940 767 1985 quomodo
782 1944 870 1973 totus
886 1949 1072 1973 conversus
1385 1940 1451 1973 194

62 2194 160 2230 Dicit
176 2194 222 2230 de
240 2199 350 2240 capto
370 2205 390 2230 a
407 2204 444 2229 se
458 2194 612 2229 consilio
627 2193 827 2229 rhetoricae
850 2191 1119 2238 professionem
1133 2190 1350 2236 abjiciendi,
1370 2201 1445 2227 non

108 2258 234 2289 tamen
259 2258 460 2298 antequam
491 2251 771 2289 vindemialium
798 2250 1000 2294 feriarum,
1018 2250 1121 2295 quod
1143 2250 1311 2296 proxime
1329 2250 1444 2285 insta-

109 2311 194 2353 bat,
212 2317 361 2356 tempus
377 2312 604 2348 advenisset.
624 2310 654 2345 'I'
659 2320 720 2345 um
746 2310 792 2346 de
817 2320 884 2345 suo
902 2310 940 2345 in
960 2308 1174 2344 Verecundi
1196 2309 1303 2345 amici
1322 2308 1444 2344 villam

110 2379 279 2411 secessu,
299 2370 344 2405 de
370 2380 435 2406 suo
453 2370 696 2416 baptismate,
725 2378 766 2403 ac
796 2369 842 2403 de
867 2367 1051 2405 Monnicae
1080 2367 1208 2403 matris
1236 2366 1440 2403 virtutibus

111 2431 223 2471 atque
241 2426 364 2470 obitu,
392 2427 457 2472 qui
472 2427 662 2472 baptizato
688 2426 767 2472 ipso
784 2425 913 2461 incidit
944 2426 983 2461 in
1009 2425 1184 2460 eumdem
1210 2424 1354 2461 huncce
1378 2434 1442 2460 an-

112 2494 203 2520 num
215 2509 226 2529 ,
238 2485 359 2521 aetatis
377 2485 551 2521 videlicet
568 2484 771 2531 Augustini
784 2483 1211 2531 trigesimum-tertium.

126 2612 228 2644 cni-r
279 2620 302 2643 1.
329 2608 452 2642 Laudat
469 2608 530 2645 Dei
543 2608 719 2643 bonitatem
737 2618 911 2652 agnoscens
924 2618 1011 2642 suam
1026 2606 1197 2642 miseriam.
1386 2606 1445 2638 197

1221 2660 1283 2698 36.
