1871 3162
576 255 923 292 sommomontwt
941 272 951 292 ‚
989 256 1068 281 Lm.
1108 257 1152 281 11.
1467 242 1551 281 46⁴.»

174 323 316 367 morbi
332 331 546 383 quantum
563 336 758 380 possum:
785 319 916 365 modo
927 321 1019 379 jam
1038 328 1088 363 *tu
1105 320 1246 378 incipe
1263 334 1472 379 quaerere,
1498 336 1551 364 nt·

173 392 401 451 superfluis
417 392 714 435 immoremur.

230 464 437 506 XXVIII.
474 464 528 505 R.
569 464 633 505 Ex
665 476 716 506 eo
747 469 961 521 quantum
994 459 1171 504 memini
1206 459 1429 503 veritatem
1463 474 1550 504 non

172 546 295 591 posse
317 532 493 576 interire
509 530 816 586 conclusimus,
841 530 962 591 quod
976 546 1065 575 non
1077 529 1217 574 solum
1236 528 1270 572 si
1287 537 1402 572 totus
1422 545 1552 573 mun-

170 601 253 647 dus
269 602 468 657 intereat,
493 601 569 646 sed
584 601 712 646 etiam
734 601 768 645 si
785 602 874 661 ipsa
888 600 1063 655 veritam,
1088 613 1237 643 ver-um
1261 598 1343 642 erit
1364 608 1407 642 et
1428 614 1552 642 mun-

169 671 276 716 dum
291 682 334 718 et
351 673 574 718 veritatem
592 673 800 717 interisse.
822 670 940 716 Nihil
953 679 1099 715 autem
1117 685 1269 714 verum
1281 670 1372 713 siue
1390 668 1547 713 verita:

169 742 293 788 nullo
315 743 445 788 modo
465 743 597 802 igitur
618 743 767 787 interit
788 742 957 787 veritas.
980 745 1032 787 A.
1054 745 1255 801 Agnosco
1267 742 1362 795 ista,
1382 751 1425 784 et
1442 740 1552 785 mul-

169 823 262 858 tum
286 814 418 859 miror
435 815 468 858 si
491 813 596 858 falsa
618 822 733 858 sunt.
764 817 817 857 R.
835 816 951 872 Ergo
972 811 1084 856 illud
1106 813 1290 856 alterum
1307 811 1546 854 videamus.

168 888 220 928 A.
249 885 349 930 Sine
376 899 446 928 me
469 883 697 944 paululum
719 882 1007 937 considerare,
1034 897 1110 927 oro
1125 891 1184 939 te3
1209 897 1264 925 ne
1284 882 1371 925 huc
1390 881 1548 924 iterum

171 954 352 1013 turpiter
366 953 556 998 redeam.
576 957 630 997 R.
644 956 839 1012 Ergo-ne
855 952 1276 997 interisseveritatem
1295 966 1444 996 verum
1461 966 1548 995 non

167 1025 279 1068 erit?
303 1024 346 1069 Si
368 1040 456 1068 non
469 1025 549 1067 erit
571 1039 737 1078 verum,
763 1039 852 1068 non
878 1039 981 1082 ergo
1005 1023 1166 1067 interit.
1202 1024 1244 1067 Si
1273 1038 1423 1066 verum
1439 1022 1517 1064 erit
1536 1057 1545 1075 ‚

168 1094 285 1139 unde
307 1104 404 1153 post
421 1110 621 1139 occasum
643 1095 833 1138 veritatis
852 1109 1003 1137 verum
1028 1093 1124 1147 erit,
1149 1107 1247 1137 cum
1272 1093 1360 1151 jam
1396 1092 1549 1135 veritas

168 1165 286 1209 nulla
309 1169 399 1210 est?
421 1170 472 1209 A.
495 1165 611 1211 Nihil
629 1166 769 1209 habeo
791 1165 896 1224 quid
920 1165 1018 1223 plus
1046 1164 1233 1223 cogitem
1255 1173 1385 1223 atque
1406 1165 1549 1207 consie

166 1235 311 1278 derem
339 1257 349 1292 3
374 1250 503 1294 perge
526 1236 580 1278 ad
602 1235 735 1278 aliud.
758 1237 886 1279 Certe
912 1235 1120 1278 faciemus
1147 1243 1361 1294 quantum
1396 1248 1550 1291 possu—

167 1320 277 1359 mus,
302 1315 352 1349 ut
368 1304 484 1349 docti
501 1315 630 1365 atque
643 1304 879 1364 prudentes
907 1305 986 1348 viri
1005 1305 1148 1361 legant
1166 1305 1275 1357 haec,
1297 1313 1340 1347 et
1357 1313 1549 1346 nostram

164 1375 197 1418 si
215 1391 300 1434 qua
323 1384 402 1429 est,
421 1377 636 1432 corrigant
655 1375 941 1418 temeritatem
961 1392 971 1418 .·
1001 1390 1099 1417 nam
1121 1390 1188 1417 me
1204 1389 1282 1417 nec
1318 1373 1448 1417 modo
1471 1388 1549 1416 nec

165 1444 400 1504 aliquando
415 1446 598 1489 arbitror
613 1445 719 1504 quid
734 1454 883 1490 contra
901 1445 982 1489 hoc
991 1444 1176 1498 dicatur,
1192 1459 1315 1503 posse
1336 1444 1544 1487 invenire.

222 1514 385 1559 XXIX.
423 1519 475 1559 R.
503 1515 832 1575 Numquidnam
859 1531 961 1574 ergo
985 1516 1331 1569 diciturveritas‚
1364 1514 1443 1557 uisi
1462 1530 1547 1573 qua

164 1601 315 1630 verum
333 1595 395 1629 est
422 1585 637 1644 quidquid
653 1601 803 1629 verum
827 1588 913 1628 est?
934 1589 985 1629 A.
1010 1583 1141 1629 Nullo
1163 1585 1310 1628 modo.
1348 1587 1547 1627 R.Num-

165 1655 373 1715 quidnam
394 1664 508 1699 recte
526 1655 684 1699 dicitur
700 1670 866 1709 verum,
886 1655 965 1698 nisi
981 1654 1100 1714 quod
1116 1662 1206 1698 ‘non
1225 1663 1288 1698 est
1305 1653 1480 1697 falsum?
1493 1657 1542 1697 Λ.

166 1727 277 1770 Hinc
298 1741 401 1770 vero
423 1726 624 1769 dubitare
637 1725 854 1768 dementia
878 1735 954 1768 est.
986 1728 1039 1767 R.
1063 1727 1177 1769 Num
1197 1724 1355 1768 falsum
1374 1739 1459 1768 non
1485 1734 1547 1767 est

163 1796 282 1856 quod
302 1797 356 1840 ad
375 1795 701 1840 similitudinem
720 1795 901 1854 alicujus
919 1795 1294 1839 accommodatum
1309 1804 1386 1849 est,
1403 1810 1546 1854 neque

162 1868 206 1912 id
220 1877 363 1911 tamen
377 1876 439 1911 est
456 1868 577 1925 cujus
598 1867 734 1910 simile
753 1875 930 1925 apparet
952 1868 969 1908 p
992 1871 1042 1909 A.
1076 1864 1196 1910 Nihil
1224 1866 1399 1924 quidem
1425 1864 1543 1908 aliud

163 1938 290 1982 video
322 1938 441 1997 quod
473 1938 679 1980 libentius
709 1936 863 1980 falsum
894 1952 1058 1980 vocem.
1104 1936 1187 1981 Sed
1228 1946 1386 1980 tamem
1429 1935 1541 1979 solet

163 2008 317 2052 falsum
355 2007 455 2060 dici,
490 2008 615 2050 etiam
647 2007 766 2066 quod
799 2024 819 2051 a
854 2006 1226 2050 verisimilitudine
1259 2008 1387 2065 longe
1405 2007 1538 2049 abest.

164 2082 216 2122 R.
241 2079 345 2131 Quis
370 2079 523 2135 negat?
541 2077 623 2122 Sed
642 2088 786 2121 tamen
811 2078 928 2137 quod
947 2077 1105 2121 habeat
1121 2078 1174 2121 ad
1191 2093 1338 2121 verum
1358 2077 1542 2120 nonnul·

162 2150 245 2192 lam
284 2148 586 2192 imitationem.
631 2152 680 2191 Α.
709 2148 973 2201 Quomodo?
1005 2152 1101 2194 Non
1125 2149 1237 2191 enim
1261 2164 1360 2191 cum
1385 2147 1542 2191 dicitur

155 2219 318 2278 junctis
340 2218 514 2262 alitibus
532 2219 746 2277 anguibus
764 2219 961 2263 Medeam
977 2219 1158 2274 volasse,
1174 2220 1262 2263 ulla
1278 2235 1327 2262 ex‘
1343 2230 1464 2278 parte
1477 2234 1540 2262 res

162 2290 239 2333 ista
263 2305 411 2332 verum
435 2290 639 2343 imitatur,
659 2290 822 2349 quippe
837 2307 935 2349 quae
958 2290 1076 2334 nulla
1101 2291 1176 2347 sit3
1197 2307 1274 2334 nec
1297 2291 1451 2333 imitari
1470 2289 1540 2334 ali-

161 2358 267 2419 quid
291 2360 422 2418 possit
444 2375 491 2403 ea
514 2375 578 2403 res
600 2376 698 2420 quae
729 2361 907 2404 omnino
940 2376 1028 2404 non
1055 2361 1121 2404 sit.
1150 2364 1202 2404 R.
1238 2363 1369 2404 Recte
1399 2361 1502 2404 dicis
1529 2381 1537 2406 ;

162 2429 236 2473 sed
264 2444 352 2473 non
376 2428 561 2473 attendis
581 2446 674 2473 eam
697 2445 787 2473 rem
818 2446 916 2489 quae
939 2431 1117 2474 omnino
1140 2430 1259 2474 nulla
1282 2431 1356 2483 sit,
1382 2446 1437 2474 ne
1460 2430 1543 2474 fal-

161 2516 255 2544 sum
271 2499 445 2560 quidem
465 2516 586 2559 posse
603 2500 700 2545 dici.
726 2502 769 2546 Si
786 2502 899 2545 enim
919 2501 1077 2546 falsum
1096 2510 1174 2555 est,
1194 2511 1280 2546 est:
1301 2502 1335 2546 si
1352 2518 1439 2546 non
1457 2511 1536 2556 est,

161 2585 250 2613 non
283 2579 346 2613 est
372 2569 542 2614 falsum.
578 2576 624 2616 Α.
661 2575 754 2615 Non
788 2587 890 2629 ergo
916 2571 1107 2616 dicemus
1139 2571 1249 2616 illud
1282 2572 1336 2615 de
1357 2572 1534 2624 Medea,
