1871 3162
320 219 402 258 432
754 231 785 258 5.
825 231 1052 259 ΑυαυεΤιΜ
1088 232 1265 258 izmscom

320 427 387 442 ’ἱῑνὶ
395 427 409 441 x
413 426 459 441 υνὶ
464 426 530 441 §mm
534 427 600 442 Um}
605 427 622 441 ἢ
626 426 742 441 wxmwm
749 427 812 441 νυνὶ
819 426 1286 442 xwwwivwwvtMAtwkuvtnth
1290 429 1300 441 x
1304 428 1317 441 ἱ
1323 428 1335 441 ὶ
1339 427 1362 440 W!
1366 427 1417 441 ,ῪΙΑ
1423 428 1432 440 ι
1437 428 1448 439 ἱ
1455 427 1467 440 ἱ
1472 427 1498 441 Ex
1502 427 1551 441 νῑῑ
1558 427 1624 442 &mxx
1628 429 1643 442 ἱ
1648 428 1693 443 ιῑὶ

829 582 1041 628 metri*
1079 584 1168 628 RE.

309 756 537 800 Externa
558 755 810 800 commoda
830 771 926 800 non
944 765 1145 814 propter
1164 772 1214 799 se
1231 791 1240 804 ,
1265 754 1354 799 secl
1371 766 1570 815 propter
1589 755 1691 800 αἰὶα

378 842 491 869 vera
517 825 642 870 bona
660 836 861 885 possunt
882 825 1077 869 admitti
1095 827 1251 870 verius
1274 843 1420 884 quam
1444 827 1620 886 eoepeti.

366 999 530 1040 XViII.
558 999 610 1039 R.
637 1000 839 1041 Momm
873 995 1092 1055 profecisti
1118 1015 1127 1040 ;
1153 1012 1201 1040 ea
1224 1005 1371 1039 tamen
1399 1011 1498 1055 quae
1531 1005 1692 1040 restant

308 1066 363 1109 ad
385 1066 619 1109 videndam
642 1064 762 1108 illam
780 1065 939 1120 lucem,
962 1065 1198 1125 plurimum
1217 1064 1478 1124 impediunt.
1502 1065 1586 1109 Sed
1603 1081 1693 1110 mo-

305 1134 388 1179 lior
410 1135 578 1194 aliquid
614 1134 736 1195 quod
758 1135 867 1178 mihi
898 1135 1072 1179 videtur
1101 1134 1228 1179 facile
1250 1134 1441 1189 ostendi,
1473 1144 1548 1178 aut
1583 1135 1691 1178 nihil

306 1205 603 1249 edomandum
633 1205 759 1249 nobis
784 1220 1007 1248 remanere
1025 1239 1036 1259 ,
1062 1214 1137 1248 aut
1158 1204 1266 1248 nihil
1288 1220 1365 1248 nos
1391 1205 1569 1248 omnino
1591 1220 1692 1263 pro-

303 1274 453 1318 fecisse
472 1309 482 1329 ,
506 1275 794 1334 omniumque
816 1274 990 1318 illorum
1010 1290 1108 1333 quae
1127 1284 1288 1318 resecta
1305 1273 1521 1318 credimus
1544 1275 1690 1317 tabem

306 1359 496 1388 manere.
522 1347 632 1388 Nam
656 1359 806 1404 quaero
839 1345 915 1387 abs
951 1353 990 1387 te
1007 1378 1018 1398 ,
1056 1344 1089 1386 si
1126 1344 1207 1388 tibi
1235 1344 1546 1402 persuadeatur
1567 1343 1691 1387 aliter

303 1430 405 1458 cum
437 1414 586 1458 multis
619 1415 874 1458 charissimis
904 1414 987 1458 tuis
1018 1423 1060 1457 te
1096 1415 1139 1456 in
1172 1414 1315 1458 studio
1348 1414 1569 1472 sapientiae
1600 1429 1690 1458 non

303 1500 426 1544 posse
448 1485 592 1529 vivere
608 1519 618 1538 ,
644 1485 723 1527 nisi
753 1484 895 1543 ampla
916 1499 980 1527 res
1003 1483 1146 1542 aliqua
1168 1483 1387 1526 familiaris
1418 1484 1688 1528 necessitates

300 1566 462 1600 vestras
507 1556 718 1599 sustinere
760 1555 917 1614 possit,
955 1570 1101 1598 nonne
1141 1554 1404 1598 desiderabis
1437 1555 1608 1600 divitias
1646 1565 1690 1599 et

299 1626 498 1684 optabis?
516 1629 568 1668 A.
589 1625 826 1668 Assentior.
849 1628 901 1667 R.
925 1624 1042 1676 Quid
1064 1624 1097 1667 si
1115 1624 1242 1667 etiam
1267 1623 1378 1667 illud
1399 1634 1618 1683 appareat,
1645 1635 1688 1669 et

301 1695 447 1739 multis
469 1705 510 1739 te
538 1711 846 1754 persuasurum
869 1710 957 1738 esse
986 1695 1262 1752 sapientiam,
1289 1695 1321 1738 si
1344 1695 1422 1738 tibi
1446 1695 1500 1738 de
1523 1697 1687 1740 honore

302 1767 535 1810 auctoritas
553 1766 751 1818 creverit,
766 1779 926 1823 eosque
948 1766 1061 1822 ipsos
1082 1764 1311 1808 familiares
1335 1776 1431 1810 tuos
1453 1782 1543 1810 non
1568 1783 1687 1827 posse

302 1836 615 1894 cupiditatibus
639 1836 724 1878 suis
747 1835 927 1878 modum
950 1835 1174 1893 imponere
1189 1871 1200 1890 ,
1226 1851 1357 1896 seque
1381 1846 1492 1881 totos
1514 1854 1687 1882 conver-

305 1918 391 1952 tere
415 1907 468 1950 ad
493 1905 780 1966 quaerendum
804 1908 942 1948 Deum
959 1941 970 1959 ,
1003 1906 1084 1948 nisi
1106 1915 1145 1948 et
1169 1907 1247 1965 ipsi
1271 1906 1432 1950 fuerint
1455 1909 1682 1963 honorati,

302 1979 435 2038 idque
452 1980 532 2022 nisi
553 1995 627 2038 per
642 1990 738 2023 tuos
753 1981 937 2023 honores
955 1978 1298 2037 dignitatemque
1321 1979 1413 2021 fieri
1432 1995 1520 2022 non
1544 1996 1682 2038 posse,

302 2065 448 2093 nonne
477 2051 554 2093 ista
595 2051 723 2093 etiam
758 2049 1043 2093 desideranda
1079 2059 1232 2102 erunt,
1270 2061 1313 2092 et
1347 2059 1396 2092 ut
1427 2052 1685 2108 proveniant

302 2134 565 2178 magnopere
582 2119 848 2163 instandum.
863 2122 913 2163 Α.
928 2122 993 2162 Ita
1008 2128 1071 2162 est
1091 2128 1141 2162 ut
1157 2118 1277 2162 dicis.
1295 2122 1344 2161 R.
1359 2122 1382 2161 J
1387 2134 1454 2162 am
1479 2120 1534 2163 de
1552 2136 1684 2164 uxore

302 2190 410 2232 nihil
432 2189 606 2248 disputo
621 2224 631 2239 ,
657 2187 836 2233 fortasse
859 2189 974 2232 enim
997 2204 1086 2232 non
1116 2197 1258 2247 potest
1286 2199 1334 2231 ut
1357 2188 1543 2233 ducatur
1571 2191 1682 2233 exis-

300 2269 390 2303 tere
412 2259 508 2304 talis
532 2261 757 2302 necessitas
782 2279 790 2303 ε
816 2275 1067 2319 quanquam
1090 2259 1123 2302 si
1146 2261 1238 2318 ejus
1255 2260 1400 2318 amplo
1424 2262 1681 2318 patrimonio

300 2339 467 2373 certum
501 2330 554 2373 sit
592 2330 821 2372 sustentari
856 2345 978 2388 posse
1009 2345 1158 2374 omnes
1192 2346 1300 2389 quos
1336 2340 1478 2374 tecum
1515 2333 1555 2373 iu
1593 2348 1680 2376 uno

300 2399 397 2443 loco
417 2400 558 2443 vivere
581 2399 715 2443 otiose
729 2399 868 2457 cupis,
885 2400 973 2458 ipsa
988 2401 1115 2443 etiam
1132 2400 1403 2444 concorditer
1426 2401 1469 2443 id
1494 2402 1676 2457 sinente,

302 2471 539 2527 praesertim
559 2471 591 2513 si
616 2471 779 2527 generis
802 2470 1030 2513 nobilitate
1062 2479 1180 2513 tanta
1202 2471 1390 2528 polleat,
1420 2482 1465 2514 ut
1495 2473 1678 2517 honores

297 2539 391 2583 illos
414 2555 521 2598 quos
543 2555 630 2583 esse
653 2541 914 2583 necessarios
929 2541 1018 2598 jam
1041 2539 1213 2595 dedisti,
1239 2556 1422 2599 peream
1443 2541 1564 2586 facile
1582 2543 1676 2587 adi-
