1871 3162
308 194 358 230 16
730 201 764 230 s.
800 201 1029 230 „mensum
1062 201 1242 229 Episcom

303 268 463 311 venire.
491 267 599 311 Vide
628 267 707 312 ista
723 301 734 322 ‚
762 266 944 311 Domine
960 299 972 320 ,
992 263 1323 309 misericorditer
1338 297 1350 320 ,
1375 272 1418 308 et
1445 263 1582 307 libera
1603 277 1681 307 nos

296 337 386 397 jam
407 338 654 382 invocantes
676 346 718 381 te
736 357 747 394 3
770 336 909 380 libera
930 335 1061 379 etiam
1083 349 1155 379 eos
1172 334 1247 395 qui
1268 333 1468 380 nondum
1490 343 1533 378 te
1554 333 1681 378 invo-

300 417 422 464 cant,
443 417 492 452 ut
512 409 716 453 invocent
736 416 801 463 te,
827 415 870 451 et
890 406 1044 451 liberes
1067 421 1154 451 eos.

301 582 1683 603 mwmmmmmmmmmmmmwmmm

822 720 1038 769 CAPUT
1076 723 1163 768 Χῖ.

330 875 505 920 Morbo
524 891 720 935 pressus
751 873 1039 934 baptismum
1061 873 1274 938 flagitat
1286 911 1301 931 ,
1336 890 1474 933 quem
1497 883 1657 918 mater

436 944 443 947 “
720 955 850 990 certo
870 944 1069 990 consilio
1091 944 1143 989 di
1184 955 1269 990 ert.

360 1103 503 1145 XVII.
530 1105 767 1146 Acme-nin
791 1103 906 1145 enim
931 1117 1012 1160 ego
1040 1101 1183 1146 adhuc
1203 1117 1311 1161 puer
1339 1101 1394 1145 de
1416 1102 1503 1145 vita
1526 1110 1685 1146 aeterna

301 1172 425 1216 nobis
449 1173 655 1231 promissa
689 1188 764 1231 per
791 1172 1081 1217 humilitatem
1111 1172 1283 1217 Domini
1312 1172 1388 1216 Dei
1419 1172 1553 1216 nostri
1584 1173 1684 1216 des-

301 1242 523 1286 cendentis
551 1244 606 1286 ad
633 1243 880 1302 superbiam
922 1252 1135 1298 nostram,
1163 1252 1205 1286 et
1236 1242 1437 1301 signabar
1450 1244 1541 1302 jam
1563 1244 1686 1301 signo

301 1313 437 1356 crucis
460 1314 549 1372 ejus
565 1347 575 1367 ,
601 1322 644 1356 et
667 1312 903 1356 condiebar
924 1314 1014 1372 ejus
1042 1313 1128 1356 sale
1145 1315 1235 1370 (1),
1256 1314 1346 1372 jam
1363 1312 1466 1356 inde
1487 1313 1541 1357 ab
1559 1322 1683 1357 utero

302 1384 448 1427 matris
465 1399 587 1438 meae,
613 1399 711 1443 quae
734 1383 925 1427 multum
942 1384 1128 1442 speravit
1144 1384 1190 1426 in
1208 1393 1263 1427 te.
1291 1383 1463 1438 Vidisti,
1483 1384 1681 1438 Domine,

302 1469 402 1498 eum
425 1453 568 1498 adhuc
595 1469 702 1512 puer
727 1469 887 1508 essem,
918 1463 962 1497 et
982 1453 1171 1513 quodam
1195 1453 1265 1497 die
1293 1469 1442 1512 pressu
1475 1453 1686 1498 stomachi

302 1534 481 1584 repente
512 1534 738 1570 aestuarem
765 1540 876 1584 pene
907 1525 1157 1569 moriturus.
1190 1523 1368 1579 Vidisti,
1394 1527 1507 1569 Deus
1535 1540 1683 1579 meus,

302 1595 510 1654 quoniam
537 1605 680 1640 custos
711 1610 833 1639 meus
861 1596 950 1654 jam
974 1610 1091 1651 eras,
1121 1610 1209 1655 quo
1232 1604 1356 1639 motu
1379 1595 1512 1638 animi
1534 1604 1577 1639 et
1598 1611 1685 1655 qua

303 1664 390 1709 fide
412 1666 679 1724 baptismum
700 1665 860 1710 Christi
885 1665 949 1709 tui
976 1665 1053 1709 Dei
1085 1674 1128 1709 et
1150 1665 1321 1710 Domini
1343 1665 1428 1709 mei
1451 1666 1641 1723 flagitavi
1663 1682 1687 1710 a

303 1736 464 1795 pietate
481 1737 628 1780 matris
652 1751 779 1791 meae,
815 1745 857 1779 et
878 1736 1025 1780 matris
1046 1737 1241 1780 omnium
1264 1745 1462 1780 nostrum
1480 1735 1686 1781 Ecclesiae

304 1814 407 1850 tuae.
434 1809 489 1849 Et
517 1806 777 1850 conturbata
796 1815 935 1849 mater
956 1805 1094 1849 carnis
1111 1821 1219 1849 meae
1234 1841 1244 1860 ‚
1270 1807 1476 1865 quoniam
1506 1815 1549 1850 et
1570 1821 1685 1850 sem-

305 1876 520 1934 piternam
547 1875 730 1920 salutem
762 1890 903 1919 meam
933 1875 1104 1920 charius
1129 1877 1398 1934 parturiebat
1416 1877 1546 1920 corde
1570 1886 1687 1921 casto

305 1946 350 1989 in
372 1945 459 1989 fide
483 1955 558 1990 tua
575 1981 585 2000 ,
609 1947 698 2005 jam
721 1955 890 1989 curaret
913 1945 1219 1990 festinabunda
1242 1956 1292 1990 ut
1313 1947 1588 1991 sacramentis
1619 1963 1687 1992 sa-

312 2015 524 2060 lutaribus
546 2017 738 2060 initiarer
756 2026 799 2060 et
821 2015 1036 2071 abluerer,
1052 2026 1110 2071 te,
1137 2017 1318 2061 Domine
1341 2019 1458 2072 JeSU,
1476 2019 1688 2064 confitens

307 2086 352 2129 in
383 2086 675 2130 remissionem
694 2095 970 2145 peccatorum
988 2120 998 2141 ,
1032 2086 1113 2130 nisi
1134 2087 1278 2131 statim
1296 2096 1510 2131 recreatus
1532 2103 1683 2133 essem.

307 2156 447 2201 Dilata
482 2166 545 2200 est
579 2157 726 2217 itaque
747 2156 974 2202 mundatio
1005 2172 1128 2213 mea,
1153 2158 1275 2218 quasi
1307 2173 1479 2203 necesse
1509 2168 1618 2203 esset
1639 2168 1688 2204 ut

309 2226 449 2270 adhuc
473 2225 738 2281 sordidarer,
776 2227 809 2271 si
844 2227 1062 2284 viverem,
1087 2228 1190 2287 quia
1224 2227 1425 2273 videlicet
1452 2238 1549 2288 post
1569 2228 1689 2274 lava-

309 2312 430 2341 crum
452 2295 563 2341 illud
585 2298 722 2357 major
750 2306 793 2341 et
813 2297 1096 2356 periculosior
1128 2298 1174 2342 in
1197 2298 1395 2343 sordibus
1427 2298 1686 2343 delictorum

309 2376 450 2411 reatus
466 2367 590 2411 foret.
606 2370 671 2411 Ita
683 2369 774 2427 jam
790 2367 1035 2422 credebam,
1051 2378 1093 2412 et
1111 2368 1183 2412 illa
1202 2378 1243 2412 et
1259 2369 1397 2413 omnis
1419 2369 1591 2424 domus,
1606 2370 1687 2413 nisi

310 2447 428 2497 pater
445 2437 559 2482 solus
578 2473 588 2492 ,
611 2437 687 2496 qui
708 2446 852 2481 tamen
870 2453 959 2481 non
977 2438 1103 2482 evicit
1124 2438 1169 2481 in
1187 2454 1255 2482 me
1271 2440 1341 2498 jus
1360 2449 1566 2483 maternae
1590 2440 1684 2497 pie-

313 2509 423 2563 tatis,
448 2510 679 2568 quominus
700 2509 744 2552 in
760 2509 980 2553 Christum
998 2510 1234 2564 crederem,
1255 2510 1364 2553 sicut
1394 2509 1464 2553 ille
1487 2510 1685 2554 nondum
