1871 3162
284 218 364 256 468
704 229 735 255 ς.
776 230 998 256 Aion-snm
1037 230 1211 256 EHSCOPI

280 295 423 343 niuut,
449 309 548 353 quae
573 294 615 336 in
639 303 784 338 nostra
808 302 1020 351 potestate
1042 308 1131 337 non
1153 303 1270 348 sunt,
1297 308 1442 338 nonne
1468 295 1662 352 turpissi—

280 380 399 408 mum
416 372 478 407 est
491 364 629 423 perire
645 365 782 421 otium
801 373 1014 419 nostrum,
1032 374 1074 408 et
1089 373 1228 409 totum
1244 365 1385 425 ipsum
1403 364 1596 408 animum
1612 379 1662 407 ex

278 435 442 479 incerto
457 434 635 479 arbitrio
649 433 840 494 pendere
857 432 1109 492 deligatum.

278 626 418 642 mmmm!
424 626 489 642 §Qu
492 626 544 641 -m
547 627 573 641 Ἃ
576 626 626 641 vx&
630 627 646 641 1
650 627 662 641 ἱ
666 626 768 642 ’ἱᾹΜΦὶ
772 626 839 641 mvt=
842 625 905 640 ννῑὶ
908 625 1047 641 mmmmm*
1052 625 1119 640 'Um
1122 624 1260 641 ’ΊΜΊΝΛΝὮ
1264 624 1396 641 ΆἊΜἉἊ
1401 624 1467 640 SM!
1471 624 1538 640 W„
1541 624 1661 641 mmm

803 782 1017 828 <APUT
1059 783 1162 828 XV.

698 961 824 1005 Veri
842 970 886 1005 et
906 958 1030 1016 falsi
1049 969 1243 1005 natura.

334 1134 516 1177 XXVII,
556 1135 630 1177 Um
654 1143 718 1177 est
735 1132 855 1192 quod
878 1135 1017 1177 Deum
1042 1143 1084 1176 et
1113 1133 1357 1190 rogavimus
1379 1142 1422 1175 et
1447 1146 1662 1190 rogamus,

276 1214 323 1248 ut
345 1204 472 1248 nobis
495 1220 583 1248 non
605 1203 794 1261 divitias,
814 1219 903 1247 non
922 1204 1114 1263 corporis
1131 1204 1391 1263 voluptates,
1410 1219 1498 1247 non
1520 1219 1664 1263 popu-

273 1276 381 1320 lares
399 1285 622 1334 suggestus
641 1285 771 1336 atque
788 1277 990 1329 honores,
1012 1275 1087 1319 sed
1112 1275 1297 1318 animam
1320 1284 1511 1318 nostram
1533 1289 1666 1334 seque

272 1347 413 1405 ipsum
431 1346 745 1406 quaerentibus,
772 1347 854 1389 iter
875 1346 1069 1404 aperiat?
1091 1349 1231 1388 Ita—ne
1252 1360 1330 1388 nos
1348 1345 1531 1398 deseret,
1550 1354 1624 1388 aut
1642 1361 1665 1389 a

273 1417 398 1461 nobis
421 1416 675 1460 deseretur?
698 1419 751 1459 R.
778 1415 1099 1459 Alienissimum
1124 1414 1301 1473 quidem
1327 1415 1382 1457 ab
1403 1414 1496 1472 ipso
1513 1423 1592 1468 est,
1617 1424 1665 1458 ut

271 1502 342 1532 eos
375 1488 451 1546 qui
486 1487 587 1530 talia
622 1486 868 1530 desiderant
901 1485 1084 1529 deserat.
1124 1484 1246 1528 Unde
1277 1500 1299 1527 a
1328 1484 1453 1528 nobis
1486 1500 1665 1544 quoque

271 1558 463 1601 alienum
491 1572 580 1600 esse
601 1557 749 1611 debet,
776 1565 825 1600 ut
847 1565 1018 1599 tantum
1048 1554 1202 1599 ducem
1230 1554 1492 1597 deseramus.
1521 1557 1664 1607 Quare

271 1629 303 1672 si
325 1627 482 1687 placet,
505 1636 750 1686 repetamus
774 1627 979 1680 breviter,
1000 1626 1118 1669 unde
1140 1624 1212 1668 illa
1231 1623 1321 1669 duo
1343 1624 1543 1669 confecta
1558 1625 1657 1680 sint,

271 1707 346 1742 aut
373 1713 542 1756 semper
576 1712 752 1740 manere
774 1696 1017 1749 veritatem,
1044 1704 1119 1738 aut
1145 1695 1369 1738 veritatem
1394 1709 1482 1738 esse
1510 1694 1664 1753 dispu-

271 1767 392 1813 tandi
417 1769 645 1811 rationem.
667 1769 768 1810 Haec
789 1766 903 1810 enim
922 1765 1124 1809 vacillare
1141 1765 1300 1819 dixisti,
1335 1765 1568 1824 quominus
1586 1780 1664 1810 nos

272 1840 400 1884 faciat
419 1840 550 1883 totius
563 1838 625 1881 rei
641 1853 810 1881 summa
824 1852 1012 1881 securos.
1034 1841 1100 1880 An
1114 1837 1257 1895 potius
1272 1835 1382 1880 illud
1397 1851 1658 1895 quaeremus,

271 1908 494 1969 quomodo
525 1923 615 1952 esse
646 1908 777 1966 possit
798 1907 844 1950 in
866 1906 1066 1966 imperito
1089 1906 1233 1950 animo
1256 1904 1498 1965 disciplina,
1529 1920 1661 1964 quem

272 1996 361 2026 non
383 1994 613 2039 possumus
635 1994 724 2023 non
747 1978 940 2022 animum
963 1977 1132 2021 dicere?
1156 1977 1267 2020 Hinc
1286 1977 1399 2020 enim
1418 1985 1662 2020 commotus

270 2052 491 2105 videbare,
518 2059 567 2093 ut
589 2050 643 2093 de
665 2049 748 2093 illis
766 2064 866 2108 quae
887 2062 1170 2101 concesseras,
1197 2047 1399 2090 dubitare
1418 2061 1564 2089 rursus
1585 2061 1662 2089 ne-

271 2137 386 2166 eesse
422 2121 567 2165 suerit.
607 2125 656 2164 Α.
691 2123 784 2163 Imo
812 2119 1093 2163 discutiamus
1123 2119 1242 2177 prius
1270 2116 1359 2170 illa,
1396 2117 1556 2160 deinde
1579 2117 1661 2160 hoe¹

272 2192 401 2251 quale
435 2193 489 2235 sit
521 2191 782 2235 videbimus.
811 2193 874 2233 Ita
897 2189 1029 2242 enim,
1054 2197 1104 2232 ut
1125 2188 1295 2246 opinor,
1331 2186 1452 2231 nulla
1484 2197 1660 2231 contro—

274 2263 408 2306 versia
433 2261 689 2304 remanebit.
724 2263 775 2302 R.
810 2263 874 2304 Ita
891 2259 982 2313 fiat,
1003 2258 1078 2302 sed
1097 2257 1245 2302 adesto
1264 2266 1379 2301 totus
1401 2267 1532 2316 atque
1555 2273 1661 2301 cau-

273 2332 472 2375 tissimus.
492 2331 588 2375 Scio
603 2330 717 2373 enim
733 2329 841 2389 quid
855 2329 934 2372 tibi
951 2329 1122 2372 eveniat
1136 2327 1393 2376 attendenti,
1413 2326 1519 2371 dum
1535 2327 1661 2371 nimis

272 2401 434 2461 pendes
449 2401 495 2445 in
509 2399 850 2453 conclusionem,
869 2407 911 2442 et
930 2407 977 2442 ut
989 2400 1078 2458 jam
1091 2400 1269 2458 jamque
1285 2397 1496 2440 inferatur
1513 2411 1661 2456 expec-

272 2480 351 2524 tas,
372 2486 419 2514 ea
437 2487 536 2530 quae
554 2472 875 2529 interrogantur
892 2485 981 2513 non
999 2468 1229 2525 diligenter
1245 2467 1485 2511 examinata
1500 2481 1659 2510 conce·

271 2542 351 2584 dis.
384 2545 433 2585 A.
464 2544 626 2585 Verum
647 2541 825 2585 fortasse
844 2541 965 2594 dicis,
990 2541 1062 2582 sed
1087 2540 1224 2582 enitar
1246 2548 1396 2583 contra
1418 2539 1499 2584 hoc
1523 2553 1657 2594 genus
