1871 3162
11 1695 43 1951 ῃ,
14 890 37 1694 ψ-“---ᾕ-ᾕη
23 665 37 890 -ᾲᾼ
38 744 41 745 ¹
26 490 33 664 „qm-.-Iffi

56 488 63 490 v

595 247 913 275 CONFESSIONUM
926 265 937 286 ‚
972 248 1055 275 ΠΒ.
1091 250 1139 275 11.
1496 240 1550 280 43

176 421 209 435 Μ
216 419 1550 439 mmmmmmmmmmmmmmm

720 551 937 602 CAPUT
972 555 1035 600 X.

552 706 617 751 In
659 706 766 752 Deo
805 723 945 753 omne
980 706 1169 753 bonum.

229 861 396 907 XVIII.
420 865 525 916 Qms
547 863 736 922 exaperit
754 863 881 908 istam
901 864 1258 909 tortuosissimam
1285 874 1330 910 et
1351 865 1550 926 implica-

170 934 378 979 tissimam
395 933 715 978 nodositatem?
729 934 865 978 Foeda
887 943 950 978 est
966 955 976 991 3
996 934 1097 979 nolo
1115 935 1161 978 in
1182 950 1275 979 eam
1298 935 1547 981 intendere:

171 1004 273 1049 nolo
292 1020 385 1048 eam
404 1004 565 1048 videre.
594 1008 652 1048 Te
673 1005 773 1049 volo
791 1040 801 1059 ‚
821 1006 988 1063 justitia
1006 1014 1049 1049 et
1069 1006 1316 1049 innocentia
1333 1040 1344 1059 ‚
1368 1006 1551 1064 pulchra

171 1084 214 1119 et
235 1075 391 1119 decora
414 1075 603 1119 honestis
620 1075 872 1128 luminibus,
889 1084 932 1118 et
952 1075 1180 1118 insatiabili
1197 1076 1404 1119 satietate.
1418 1077 1550 1128 Quies

171 1154 235 1188 est
267 1146 384 1203 apud
418 1154 458 1187 te
485 1143 633 1198 valde,
665 1153 707 1187 et
730 1145 818 1187 vita
839 1143 1221 1202 imperturbabilis.
1248 1145 1329 1197 Qui
1350 1145 1482 1189 intrat
1504 1146 1549 1188 in

170 1224 236 1268 te,
272 1216 404 1258 intrat
425 1215 469 1257 in
491 1214 696 1271 gaudium
730 1214 901 1258 Domini
935 1214 1051 1270 sui13
1083 1223 1125 1257 et
1161 1229 1249 1258 non
1278 1215 1448 1258 timebit
1469 1250 1480 1269 ‚
1506 1224 1549 1260 et

171 1283 349 1327 habebit
369 1299 412 1326 se
428 1285 591 1342 optime
610 1284 654 1327 in
671 1284 852 1342 optimo.
866 1283 1035 1326 Dessuxi
1059 1283 1131 1327 abs
1153 1293 1195 1327 te
1217 1299 1313 1342 ego,
1328 1294 1371 1327 et
1392 1286 1546 1340 erravi,

172 1357 285 1397 Deus
306 1368 448 1407 meus,
473 1353 599 1396 nimis
621 1351 770 1396 devius
788 1369 811 1396 a
828 1352 1060 1396 stabilitate
1082 1362 1154 1396 tua
1175 1353 1220 1396 in
1238 1352 1541 1409 adolescentia,

154 1432 215 1467 -et
232 1421 370 1466 factus
387 1437 481 1466 sum
504 1423 610 1465 mihi
634 1423 751 1480 regio
773 1422 988 1481 egestatis.

220 1542 234 1562 ¹
247 1540 360 1572 Matth.
375 1550 449 1581 xxv,
462 1549 516 1572 21.
