1871 3162
325 201 379 237 32
705 209 739 236 s.
785 210 1016 238 Aueusnm
1047 209 1227 236 EPJSCOH

1169 383 1698 401 mmmmmmwum

321 384 956 402 wumvum·mmwummwuwnm

841 516 1056 566 CAPUT
1093 518 1188 566 ΠΙ.

323 674 402 719 De
420 676 815 738 peregrinatione
836 672 1100 719 studiorum
1123 689 1276 719 eausa
1299 684 1344 719 et
1364 673 1425 719 cle
1447 683 1704 734 parentum

875 746 1137 804 proposito.

376 908 429 948 V.
455 907 519 948 ΕΤ
554 917 668 946 anno
690 903 868 961 quidem
888 902 964 947 illo
984 904 1225 948 intermissa
1246 912 1369 947 erant
1403 903 1546 948 studia
1574 919 1669 948 mea
1686 939 1697 959 ‚

317 975 425 1020 dum
448 975 556 1019 mihi
587 972 768 1017 reducto
799 989 823 1017 a
853 974 1071 1017 Madauris
1091 1008 1102 1028 ‚
1129 974 1174 1016 in
1195 989 1281 1032 qua
1309 973 1449 1017 vicina
1473 974 1580 1018 urbe
1611 976 1702 1034 jam

316 1061 536 1106 coeperam
563 1044 818 1088 litteraturae
852 1052 984 1103 atque
1021 1043 1218 1087 oratoriae
1242 1043 1533 1102 percipiendae
1569 1045 1703 1102 gratia

316 1116 602 1176 peregrinari,
635 1114 954 1173 longinquioris
981 1115 1097 1173 apud
1122 1114 1430 1172 Carthaginem
1453 1115 1702 1173 peregrina-

316 1187 444 1231 tionis
466 1194 666 1245 sumptus
694 1184 1074 1243 praeparabantur,
1111 1184 1383 1228 animositate
1405 1185 1541 1243 magis
1570 1200 1713 1244 quam

315 1256 472 1315 opibus
505 1255 636 1315 patris
675 1253 906 1313 municipis
941 1253 1238 1312 'thagastensis
1271 1253 1509 1297 admodum
1541 1255 1697 1298 tenuis.

314 1327 398 1372 Cui
423 1341 552 1370 narro
568 1326 698 1369 haec?
727 1339 870 1383 neque
894 1323 1010 1367 enim
1034 1323 1114 1366 tibi
1130 1358 1141 1378 ‚
1173 1325 1288 1367 Deus
1309 1338 1431 1367 meus
1455 1342 1465 1368 ς
1487 1323 1562 1367 sed
1585 1314 1723 1383 apud‘

314 1405 357 1440 te
378 1412 507 1440 narro
528 1396 622 1440 haec
644 1395 789 1453 generi
810 1409 908 1438 meo
923 1429 934 1448 ,
960 1394 1107 1451 generi
1130 1395 1345 1448 humano,
1363 1397 1701 1453 quantulacum-
1736 1407 1739 1409 ·

313 1482 401 1527 que
422 1483 472 1511 ex
493 1464 706 1526 particula
729 1465 922 1509 incidere
949 1473 1091 1523 potest
1117 1463 1164 1508 in
1180 1465 1280 1508 istas
1304 1479 1419 1509 meas
1436 1464 1616 1509 litteras.
1642 1468 1699 1510 Et

313 1547 364 1582 ut
381 1536 490 1598 quid
512 1538 628 1581 hoc?
651 1538 708 1580 Ut
728 1533 931 1580 videlicet
952 1549 1034 1593 ego
1048 1543 1091 1578 et
1113 1533 1309 1594 quisquis
1329 1535 1423 1579 haec
1443 1534 1563 1594 legit,
1579 1537 1698 1594 cogi-

312 1616 453 1652 temus
470 1607 525 1651 de
547 1622 678 1667 quam
700 1604 923 1665 profundo
954 1605 1232 1649 clamandum
1270 1605 1324 1649 sit
1345 1607 1400 1649 ad
1424 1614 1482 1650 te.
1514 1608 1571 1650 Et
1593 1605 1702 1666 quid

313 1680 492 1739 propius
509 1679 688 1723 auribus
710 1678 795 1722 tuis
813 1712 824 1732 ‚
849 1677 883 1721 si
904 1691 978 1721 cor
1008 1677 1220 1721 confitens
1242 1685 1285 1721 et
1306 1677 1395 1721 vita
1417 1692 1467 1720 ex
1495 1676 1582 1721 fide
1603 1680 1701 1722 est?

313 1749 419 1803 Quis
435 1750 549 1793 enim
571 1764 660 1793 non
674 1747 912 1797 extollebat
932 1746 1138 1790 laudibus
1158 1756 1262 1791 tuuc
1286 1747 1510 1791 hominem
1531 1757 1699 1807 patrem

313 1835 458 1863 meum
478 1818 598 1879 quod
619 1818 734 1861 ultra
753 1818 864 1861 vires
882 1816 943 1860 rei
961 1816 1183 1861 familiaris
1200 1832 1290 1861 suae
1312 1817 1587 1876 impenderet
1608 1817 1700 1863 filio

312 1890 531 1952 quidquid
552 1891 681 1934 etiam
703 1889 831 1947 longe
853 1889 1144 1948 peregrinanti
1167 1889 1411 1933 studiorum
1442 1905 1568 1933 causa
1591 1903 1700 1948 opus

312 1964 452 2006 esset?
476 1961 861 2008 multorum,enim
887 1959 1046 2003 civium
1078 1957 1208 2017 longe
1244 1958 1570 2017 opulentiorum
1598 1959 1700 2003 nul-

313 2032 406 2076 lum
429 2031 516 2075 tale
538 2032 764 2090 negotium
794 2045 873 2088 pro
895 2028 1042 2072 liberis
1061 2037 1153 2072 erat
1178 2047 1187 2072 :
1212 2043 1313 2072 cum
1336 2028 1499 2072 interea
1520 2045 1610 2073 non
1631 2045 1699 2074 sa-

312 2112 479 2162 tageret
499 2102 615 2146 idem
638 2110 760 2161 pater
774 2100 913 2160 qualis
935 2113 1169 2142 crescerem
1192 2099 1287 2154 tibi,
1305 2107 1380 2143 aut
1403 2114 1536 2159 quam
1557 2109 1698 2145 castus

313 2189 477 2229 essem3
511 2172 751 2216 dummodo
781 2185 915 2214 essem
937 2169 1122 2214 disertus
1139 2204 1150 2224 ,
1175 2170 1244 2214 vel
1272 2169 1465 2214 desertus
1495 2172 1637 2230 potius
1674 2188 1697 2216 a

311 2243 483 2288 cultura
514 2252 587 2286 tua
603 2278 615 2296 ,
643 2245 777 2290 Deus,
798 2241 873 2299 qui
898 2255 941 2284 es
965 2255 1079 2283 unus
1100 2255 1227 2284 verus
1257 2250 1300 2285 et
1322 2241 1464 2285 bonus
1487 2242 1697 2286 Dominus

312 2315 401 2372 agri
427 2313 491 2357 tui
512 2312 653 2356 cordis
672 2311 773 2354 inei.

370 2387 446 2427 VI.
476 2382 560 2427 Sed
578 2381 654 2425 ubi
678 2390 798 2425 sexto
820 2380 896 2423 illo
919 2388 961 2423 et
983 2378 1152 2423 decimo
1175 2395 1306 2436 anno5
1332 2381 1585 2439 interposito
1608 2383 1697 2427 otio

311 2470 361 2497 ex
385 2453 639 2497 necessitate
667 2451 900 2496 domestica
928 2449 1107 2494 feriatus
1145 2449 1199 2493 ab
1237 2451 1355 2494 omni
1388 2451 1532 2495 schola
1552 2488 1561 2505 ‚
1597 2468 1697 2496 cum

311 2525 564 2584 parentibus
586 2538 673 2568 esse
695 2522 835 2582 coepi,
857 2529 1130 2566 excesserunt
1150 2530 1281 2580 caput
1304 2535 1449 2566 meum
1471 2538 1620 2582 vepres
1642 2522 1696 2567 li-
