1871 3162
226 197 306 234 200
658 205 691 233 S.
730 206 954 234 AUGUSTINI
990 206 1164 233 ENSCOPI

226 395 262 412 1ιὶ
266 393 1317 412 ΜΜΜΜΛΝΜΜΜΜΜΜΛΛΜΜΜΜΜΜΜΜΜΜΛΊ
1321 392 1458 409 mm!
1463 393 1599 410 mum

696 527 910 576 CAPUT
946 529 1133 575 XXXI,

219 685 433 732 sensisse
452 682 697 743 putandas
730 693 799 728 est
826 685 1021 744 Aonses
1050 681 1283 742 quidquid
1315 685 1414 727 veri
1441 692 1597 742 potest

599 755 647 798 in
666 755 812 813 ipsias
832 753 984 799 verbis
1002 755 1214 799 inveniri.

277 916 418 957 XLII.
441 915 515 957 ln
546 928 645 957 cum
669 912 776 956 alius
801 912 954 958 dixerit
975 932 983 957 :
1011 916 1103 958 Hoc
1125 913 1256 957 sensit
1272 913 1392 972 quod
1418 929 1527 972 ego3
1558 922 1600 958 et

220 984 344 1038 alius,
373 987 465 1027 Imo
480 981 591 1027 illud
613 984 733 1042 quod
755 998 857 1041 ego·7
873 983 1107 1040 religiosius
1133 998 1200 1025 me
1217 983 1401 1026 arbitror
1418 984 1561 1027 dicere
1588 1004 1597 1029 ι

219 1057 307 1098 Cur
329 1069 417 1098 non
441 1063 677 1112 utrumque
705 1054 864 1111 potius,
887 1053 920 1096 si
944 1063 1179 1112 utrumque
1201 1068 1350 1096 verum
1371 1054 1459 1096 est?
1486 1056 1542 1098 Et
1568 1055 1601 1096 si

218 1125 324 1183 quid
350 1125 541 1178 tertium,
562 1133 606 1166 et
625 1124 658 1165 si
680 1123 786 1182 quid
807 1133 1029 1182 quartum,
1051 1133 1092 1166 ct
1111 1123 1143 1166 si
1158 1122 1263 1182 quid
1282 1124 1459 1166 omnino
1483 1123 1599 1166 aliud

219 1211 368 1240 verum
392 1196 607 1255 quispiam
629 1197 672 1239 in
697 1196 760 1239 his
796 1195 938 1238 verbis
964 1195 1096 1249 videt,
1132 1210 1210 1238 eur
1236 1210 1325 1238 non
1356 1195 1425 1238 illa
1458 1196 1600 1238 onmia

221 1268 376 1311 vidisse
398 1268 614 1321 credatur,
638 1282 712 1326 per
734 1282 863 1326 quem
883 1282 994 1310 unus
1022 1269 1132 1309 Deus
1153 1281 1291 1309 sacras
1310 1267 1488 1309 Litteras
1504 1281 1601 1309 vera

217 1347 261 1381 et
293 1338 461 1383 diversa
491 1338 642 1381 visuris
680 1337 919 1381 multorum
952 1337 1148 1380 sensibus
1179 1337 1467 1395 temperavit?
1509 1340 1602 1395 Ego

219 1418 350 1462 certe,
385 1408 506 1468 quod
535 1409 777 1468 intrepidus
808 1409 863 1452 de
897 1407 1026 1453 corde
1061 1424 1155 1451 meo
1186 1408 1440 1466 pronuntio,
1478 1408 1508 1451 si
1548 1407 1602 1451 ad

158 1520 160 1536 =
220 1480 394 1524 culmen
430 1480 696 1523 auctoritatis
729 1478 894 1538 aliquid
929 1479 1175 1528 scriberem,
1212 1479 1270 1521 sic
1298 1477 1473 1521 mallem
1500 1478 1603 1521 scri-

158 1540 162 1581 ³2
221 1551 340 1604 bere,
367 1558 416 1593 ut
438 1549 557 1609 quod
593 1549 680 1593 veri
701 1549 886 1608 quisque
918 1548 972 1592 de
999 1549 1065 1592 his
1093 1549 1222 1591 rebus
1258 1563 1410 1607 capere
1442 1557 1599 1606 posset,

217 1635 314 1664 mea
337 1619 466 1663 verba
494 1628 756 1672 resonarent,
793 1634 925 1678 quam
949 1627 999 1662 ut
1021 1633 1152 1662 unam
1176 1633 1321 1661 veram
1344 1620 1600 1662 sententiam

222 1690 277 1733 ad
292 1690 373 1733 hoc
397 1689 585 1747 apertius
607 1697 891 1747 pone1*em‚ut
912 1687 1182 1731 excluderem
1203 1699 1394 1743 caeteras,
1417 1703 1601 1748 quarum

221 1758 380 1803 falsitas
396 1774 463 1801 mc
483 1774 570 1802 non
595 1768 736 1816 posset
757 1758 995 1802 offendere.
1016 1757 1126 1804 Nolo
1145 1760 1308 1818 itaque,
1334 1762 1445 1802 Deus
1462 1773 1599 1811 meus,

227 1839 312 1872 tam
325 1843 514 1887 praeceps
535 1843 638 1882 esse,
664 1838 713 1872 ut
735 1829 817 1872 hoc
839 1828 959 1871 illum
985 1829 1124 1872 virum
1149 1829 1202 1871 de
1224 1838 1267 1871 te
1289 1828 1494 1872 meruisse
1515 1844 1604 1872 non

222 1897 411 1942 credam.
440 1898 578 1943 Sensit
600 1897 672 1941 ille
700 1899 878 1942 omnino
902 1899 946 1941 in
969 1899 1035 1941 his
1055 1899 1217 1953 verbis,
1245 1909 1374 1958 atque
1401 1899 1604 1956 cogitavit

224 1985 323 2013 cum
345 1985 394 2012 ea
410 1969 631 2023 scriberet,
652 1968 867 2028 quidquid
890 1969 958 2012 hic
984 1971 1072 2012 veri
1093 1970 1310 2028 potuimus
1328 1970 1536 2022 invenire,
1562 1978 1604 2012 et

224 2039 439 2100 quidquid
476 2056 552 2084 nos
588 2055 676 2083 non
706 2040 942 2098 potuimus,
975 2049 1049 2084 aut
1077 2040 1270 2083 nondum
1295 2055 1534 2097 possumus,
1561 2049 1603 2083 et

228 2120 370 2153 tamen
392 2110 437 2153 in
455 2111 512 2153 eis
531 2109 712 2152 inveniri
731 2118 885 2167 potest.
