1871 3162
567 260 912 297 CONFESSIONUM,
947 260 1030 286 Lux.
1067 261 1161 286 viu.
1452 252 1531 288 177

153 325 270 385 justa
285 339 415 384 opera
431 333 522 379 tua,
547 325 633 369 suis
650 340 839 385 quaeque
855 323 1028 368 sedibus
1049 323 1226 379 locares,
1252 333 1295 367 et
1311 326 1397 369 suis
1414 342 1536 385 quae-

158 411 244 454 que
261 395 531 455 temporibus
553 397 725 454 ageres?
738 398 836 440 Heu
849 396 971 450 mihi,
989 410 1121 455 quam
1138 394 1327 439 excelsus
1344 410 1386 438 es
1402 396 1448 438 in
1463 411 1538 439 ex-

157 464 296 521 celsis,
308 474 352 509 et
360 480 492 526 quam
502 464 747 525 profundus
759 465 805 510 in
817 464 1046 525 profundis
1059 466 1068 508 t
1086 473 1128 510 et
1135 480 1351 526 nusquam
1360 465 1536 520 recedis,

159 543 204 579 et
216 535 286 581 vix
299 535 489 582 redimus
502 536 558 581 ad
573 545 632 581 te.

161 690 196 707 M

687 690 1540 709 ,mmmwmmwmumm

667 815 884 864 CAPUT
941 817 1026 863 IV·

287 945 454 1005 Quare
487 945 599 1004 plus
643 945 905 991 laetandum
936 949 997 990 sit
1033 948 1083 991 z'n
1122 948 1426 993 conversione

728 1015 971 1061 nobilium.

220 1153 298 1196 IX.
320 1155 440 1206 Aen,
461 1153 642 1195 Domine
657 1186 668 1206 ,
692 1151 760 1195 fae
777 1172 788 1208 3
808 1153 961 1206 excita,
982 1161 1025 1196 et
1047 1167 1198 1197 revoca
1218 1168 1296 1197 nos
1313 1174 1323 1211 3
1338 1154 1540 1209 accende,

160 1232 204 1267 et
239 1238 341 1282 rape
359 1244 370 1280 3
395 1223 528 1281 flagra
543 1257 554 1277 ‚
587 1222 787 1266 dulcesce
814 1241 822 1266 :
855 1237 1048 1266 amemus
1063 1258 1078 1278 ,
1114 1239 1354 1269 curramus.
1393 1228 1547 1271 Nonne

158 1293 288 1338 multi
320 1309 370 1337 ex
399 1292 682 1353 profundiore
713 1302 875 1337 tartaro
898 1293 1102 1337 caecitatis
1127 1310 1259 1354 quam
1282 1297 1542 1351 Victorinus,

159 1363 346 1408 redeunt
367 1363 422 1408 ad
444 1373 486 1408 te
502 1399 512 1418 ,
553 1372 596 1408 et
618 1363 832 1407 accedunt
849 1398 859 1417 ,
891 1372 935 1406 et
955 1362 1260 1409 illuminantur
1293 1367 1547 1426 recipientes

158 1434 309 1479 lumen
324 1469 335 1490 ,
360 1433 481 1494 quod
503 1435 537 1478 si
559 1433 635 1494 qui
656 1434 874 1493 recipiunt
890 1469 900 1488 ,
938 1435 1157 1493 accipiunt
1179 1451 1201 1479 a
1223 1445 1266 1480 te
1287 1446 1547 1496 potestatem

159 1513 211 1548 ut
232 1504 311 1548 filii
330 1504 396 1548 tui
414 1505 582 1548 fiant¹P
613 1503 696 1548 Sed
716 1504 749 1547 si
773 1504 914 1547 minus
942 1504 1035 1548 noti
1063 1514 1164 1549 sunt
1186 1507 1379 1565 populis,
1404 1509 1548 1552 minus

159 1574 215 1619 de
236 1574 319 1619 illis
348 1575 541 1634 gaudent
574 1575 704 1619 etiam
736 1575 812 1634 qui
846 1585 1064 1619 noverunt
1099 1591 1186 1621 eos,
1226 1580 1412 1631 Quando
1434 1581 1549 1624 enim

161 1662 262 1691 cum
276 1645 425 1691 multis
446 1647 675 1705 gaudetur,
701 1654 744 1690 et
761 1646 807 1689 in
826 1646 1006 1704 singulis
1028 1647 1207 1692 uberius
1228 1658 1292 1693 est
1315 1650 1545 1707 gaudium,

161 1718 263 1778 quia
285 1716 573 1762 fervefaciunt
589 1732 633 1761 se
650 1726 694 1761 et
714 1716 1044 1760 inflammantur
1063 1733 1114 1761 ex
1135 1717 1358 1765 alterutro.
1385 1722 1551 1767 Deinde

161 1789 284 1849 quod
311 1788 460 1832 multis
476 1789 569 1832 noti
589 1823 599 1843 ,
624 1786 773 1832 multis
795 1797 897 1832 sunt
926 1789 1172 1833 auctoritati
1193 1790 1248 1833 ad
1270 1790 1453 1835 salutem
1471 1827 1481 1847 ,
1507 1802 1551 1837 et

161 1858 311 1903 multis
340 1868 540 1918 praeeunt
572 1858 797 1903 secuturis.
837 1859 1030 1919 Ideoque
1066 1860 1255 1905 multum
1285 1863 1340 1906 de
1367 1862 1476 1919 illis,
1506 1874 1550 1907 et

163 1930 241 1989 qui
258 1945 330 1974 eos
357 1938 670 1989 praecesserunt
697 1928 902 1973 laetantur
918 1964 929 1984 ‚
956 1931 1058 1989 quia
1087 1946 1176 1975 non
1202 1931 1256 1975 de
1276 1933 1376 1977 solis
1399 1933 1550 1978 laetan-

164 2008 253 2044 tur.
269 1998 395 2044 Absit
419 2000 536 2044 enim
553 2008 604 2044 ut
625 2000 671 2043 in
688 1998 971 2043 tabernaculo
988 2008 1066 2044 tuo
1084 2016 1170 2057 prae
1187 2002 1452 2061 pauperibus
1477 2019 1550 2048 ac·
1582 2031 1587 2034 -

165 2070 383 2130 cipiantur
403 2085 599 2129 personae
621 2067 806 2113 divitum
821 2104 832 2124 ,
857 2079 933 2114 aut
952 2084 1041 2129 prae
1063 2070 1329 2129 ignobilibus
1352 2074 1518 2118 nobiles
1538 2094 1547 2119 ς

166 2141 344 2202 quando
362 2141 503 2201 potius
523 2141 694 2186 infirma
715 2140 871 2184 mundi
893 2140 1057 2199 elegisti
1080 2153 1129 2186 ut
1155 2143 1446 2190 confunderes
1461 2144 1552 2190 for-

168 2212 227 2256 tia
243 2233 254 2270 3
278 2220 322 2256 et
335 2210 544 2271 ignobilia
562 2212 691 2271 hujus
705 2211 859 2255 mundi
877 2211 1042 2271 elegisti
1057 2222 1099 2257 et
1113 2214 1482 2274 contemptibilia,
1509 2227 1551 2261 et

169 2296 219 2326 ea
239 2297 339 2342 quae
360 2297 450 2326 non
471 2290 573 2326 sunt
604 2290 814 2341 tanquam
843 2282 927 2326 sint
945 2317 955 2337 ,
980 2292 1030 2326 ut
1050 2299 1098 2327 ea
1116 2300 1215 2344 quae
1247 2295 1349 2330 sunt
1376 2301 1554 2331 evacua-

169 2368 237 2397 res
255 2355 289 2398 2.
311 2354 367 2397 Et
383 2361 527 2397 tamen
550 2351 665 2396 idem
681 2353 771 2411 ipse
787 2352 992 2397 minimus
1010 2355 1318 2413 Apostolorum
1334 2360 1553 2413 tuorum³‚

171 2438 248 2483 per
269 2423 391 2482 cujus
417 2422 612 2480 linguam
642 2431 716 2466 tua
746 2423 824 2466 ista
852 2423 984 2467 verba
1018 2425 1227 2480 sonuisti,
1264 2441 1364 2470 cum
1394 2428 1555 2472 Paulus

171 2493 407 2553 proconsul
428 2508 503 2553 per
525 2495 615 2553 ejus
639 2492 835 2537 militiam
860 2492 1073 2538 debellata
1104 2496 1305 2554 superbia
1323 2533 1334 2552 ,
1358 2498 1438 2542 sub
1461 2499 1558 2544 lene

179 2594 184 2598 '
224 2598 233 2614 ¹
253 2594 390 2632 Joan.1‚
410 2601 431 2632 9
448 2595 554 2622 et12.
574 2607 614 2613 ——
635 2597 647 2612 ²
672 2602 684 2622 1
709 2593 779 2623 Cor.
801 2602 823 2631 ι,
841 2600 895 2632 25,
914 2594 964 2623 28.
992 2608 1032 2614 —-
1058 2591 1128 2625 31d.
1152 2604 1205 2634 xv,
1225 2606 1256 2635 9.

389 2655 564 2684 cxxxn.
1299 2649 1347 2687 12
