1871 3162
233 207 318 248 314
663 218 696 248 s.
733 218 963 249 mausum
994 221 1176 263 musena

230 284 342 330 derit
362 285 451 331 sive
469 285 788 341 existimaverit,
813 295 863 330 ut
884 286 970 331 dici
991 285 1100 331 solet
1119 286 1217 346 plus
1238 286 1397 331 minus.
1423 288 1522 332 Non
1542 296 1605 332 est

231 371 335 415 ergo
352 365 522 416 tempus
540 356 730 416 eorporis
752 364 912 402 motus.

1080 525 1606 553 mmmmm-mmmmm

231 535 866 553 «RMMWQMMMMAAMMMMMM

635 710 647 721 -
708 682 924 732 CAPUT
967 683 1123 730 XXV.

583 852 764 896 Rursus
786 850 945 897 Deum
969 850 1255 911 interpellat.

288 1022 474 1065 XXXII.
502 1022 565 1065 ΕΤ
587 1020 829 1066 confitebor
851 1021 929 1065 tibi
945 1056 956 1076 ‚
983 1020 1187 1077 Domine,
1212 1021 1411 1081 ignorare
1431 1036 1501 1065 me
1532 1023 1612 1068 ad·

228 1092 314 1136 huc
337 1092 445 1152 quid
473 1091 525 1136 sit
555 1100 726 1151 tempus
747 1113 759 1149 3
791 1100 833 1136 et
854 1106 1000 1136 rursus
1028 1092 1238 1136 confiteor
1259 1091 1364 1147 tibi,
1399 1092 1582 1137 Domine
1597 1129 1608 1149 ‚

172 1174 173 1180 ¹
228 1162 335 1206 scire
357 1178 427 1206 me
450 1163 496 1206 in
519 1172 715 1222 tempore
742 1162 821 1207 ista
857 1161 1000 1207 dicere
1017 1197 1028 1216 ,
1052 1171 1094 1206 et
1116 1161 1194 1206 diu
1220 1177 1290 1206 me
1306 1163 1396 1222 jam
1416 1161 1537 1223 loqui
1559 1162 1613 1208 de

227 1242 444 1292 tempore,
468 1242 599 1293 atque
621 1233 763 1292 ipsum
783 1233 859 1277 diu
881 1248 971 1277 non
989 1248 1078 1277 esse
1100 1233 1176 1277 diu
1199 1233 1278 1276 nisi
1299 1248 1419 1277 mora
1441 1229 1610 1292 temposs

226 1304 298 1348 ris.
320 1303 551 1357 Quomodo
575 1304 705 1362 igitur
737 1305 821 1349 hoc
849 1305 935 1349 scio
953 1340 963 1359 ‚
996 1304 1173 1364 quando
1206 1304 1313 1364 quid
1342 1305 1395 1348 sit
1434 1313 1608 1365 tempus

225 1375 400 1418 nescio?
421 1378 487 1419 An
504 1374 616 1419 forte
634 1375 779 1419 neseio
801 1375 1173 1434 quemadmodum
1189 1374 1333 1419 dicam
1354 1374 1475 1435 quod
1491 1376 1609 1420 scio?

227 1445 305 1488 Hei
345 1445 450 1488 mihi
479 1446 555 1505 qui
585 1446 731 1489 nescio
760 1445 911 1489 saltem
937 1444 1042 1505 quid
1076 1445 1288 1489 nesciam!
1326 1447 1465 1499 Ecce,
1496 1448 1609 1490 Deus

224 1530 363 1570 meus,
380 1531 525 1559 coram
541 1525 600 1570 te,
625 1516 726 1574 quia
740 1531 829 1559 non
842 1517 1049 1560 mentior:
1066 1515 1176 1559 sieut
1191 1516 1364 1575 loquor,
1378 1516 1437 1558 ita
1457 1525 1519 1560 est
1536 1531 1610 1561 eor

225 1601 386 1629 meum.
430 1589 494 1629 Tu
527 1585 792 1629 illuminabis
827 1584 1050 1629 lucernam
1082 1600 1252 1639 meam,
1289 1586 1471 1630 Domine
1494 1589 1607 1631 Deus

225 1671 346 1700 meus
363 1691 373 1711 ‚
399 1655 664 1700 illuminabis
685 1655 885 1700 tenebras
908 1671 1021 1700 meas
1046 1659 1074 1700 ¹.

275 1783 282 1799 ¹
306 1776 384 1807 Psal.
402 1785 478 1816 xvn,
499 1776 552 1807 25.
