1871 3162
294 173 346 209 80
724 180 757 210 s.
793 181 1023 213 AUGUSTINI
1056 185 1235 212 EPISCOPI

290 392 1668 411 mmmmmwvwwummwuwummwummmmmmwuwwmmmmm

779 551 995 600 CAPUT
1039 553 1184 598 XIII.

689 719 847 763 Amor
861 715 986 762 unde
1005 718 1274 776 proveniat.

349 895 449 938 XX.
486 895 586 938 HAEc
604 903 710 939 tunc
730 910 819 939 non
838 911 1060 951 noveram,
1079 907 1122 940 et
1139 898 1338 942 amabam
1357 897 1541 956 pulchra
1562 896 1677 940 infe-

292 966 421 1021 riora,
457 974 500 1010 et
532 965 650 1010 ibam
674 966 720 1010 in
741 964 1030 1026 profundum,
1063 977 1107 1010 et
1141 967 1340 1011 dicebam
1371 968 1517 1012 amicis
1538 967 1676 1012 meis:

290 1052 397 1081 num
419 1051 613 1081 amamus
636 1036 800 1096 aliquid
821 1037 903 1081 nisi
931 1038 1195 1097 pulchrum?
1216 1037 1333 1092 Quid
1356 1047 1420 1082 est
1441 1053 1544 1098 ergo
1576 1037 1679 1098 pul-

290 1109 470 1153 chrum?
492 1117 534 1152 et
556 1108 664 1168 quid
685 1116 749 1152 cst
769 1107 1085 1167 pulchritudo?
1107 1108 1224 1161 Quid
1246 1118 1310 1153 est
1331 1109 1452 1169 quod
1471 1125 1560 1154 non
1581 1109 1679 1153 alli-

289 1179 349 1223 cit
369 1187 413 1223 et
434 1177 637 1223 conciliat
659 1178 788 1222 rebus
807 1193 915 1237 quas
939 1181 1164 1222 amamus?
1185 1179 1273 1224 Nisi
1295 1179 1410 1222 enim
1434 1188 1543 1223 esset
1558 1179 1604 1223 in
1621 1180 1680 1224 eis

290 1249 423 1293 decus
444 1258 487 1294 et
509 1250 685 1308 species,
711 1249 836 1293 nullo
853 1249 984 1294 modo
1007 1265 1084 1294 nos
1105 1249 1161 1294 ad
1183 1265 1226 1294 se
1248 1259 1487 1294 moverent.
1513 1252 1570 1294 Et
1587 1250 1681 1293 ani-

289 1320 616 1365 madvertebam
647 1329 690 1364 ct
721 1319 925 1364 videbam
959 1321 1003 1363 in
1036 1321 1135 1379 ipsis
1169 1320 1424 1380 corporibus
1446 1319 1566 1364 aliud
1591 1335 1680 1364 esse

289 1392 415 1450 quasi
445 1400 606 1446 totum⁷
629 1400 674 1435 et
693 1391 793 1436 ideo
812 1391 1045 1451 pulchrum
1067 1411 1075 1435 :
1102 1391 1223 1435 aliud
1254 1400 1399 1435 autem
1425 1391 1547 1451 quod
1580 1390 1681 1435 ideo

290 1461 479 1515 deceret,
510 1463 716 1521 quoniam
740 1470 839 1520 apte
860 1460 1265 1505 accommodaretur
1287 1461 1431 1516 alicui,
1458 1462 1680 1520 sicutpars

289 1530 479 1590 corporis
490 1531 545 1574 ad
561 1531 809 1575 universum
825 1546 968 1586 suum‚
987 1540 1062 1575 aut
1081 1531 1426 1576 calceamentum
1440 1532 1495 1576 ad
1504 1532 1676 1591 pedem,

290 1610 334 1646 ct
355 1600 523 1645 similia.
551 1603 608 1645 Et
623 1602 702 1646 ista
719 1602 1006 1646 consideratio
1030 1602 1252 1646 scaturivit
1275 1602 1320 1645 in
1349 1602 1494 1646 animo
1511 1617 1609 1646 meo
1628 1617 1678 1646 cx

289 1673 444 1717 intimo
476 1672 607 1717 corde
637 1687 761 1730 meo3
793 1681 835 1716 et
861 1672 1010 1731 scripsi
1031 1672 1166 1717 libros
1188 1672 1243 1716 de
1261 1673 1452 1717 Pulchro
1476 1682 1519 1716 et
1541 1676 1675 1732 Apto‚

289 1752 399 1802 puto
415 1743 525 1787 duos
545 1752 621 1787 aut
643 1752 744 1787 tres.
765 1745 830 1786 Tu
847 1743 949 1797 scis,
970 1746 1109 1787 Deus:
1134 1758 1235 1787 nam
1257 1743 1417 1787 excidit
1431 1743 1555 1786 mihi.
1577 1746 1676 1788 Non

290 1815 404 1858 enim
422 1815 634 1859 habemus
657 1831 745 1871 eos,
771 1815 847 1860 sed
867 1815 1176 1860 aberraverunt
1195 1830 1218 1859 a
1235 1816 1378 1871 nobis,
1400 1816 1540 1860 nescio
1562 1831 1677 1875 quo-

290 1885 440 1930 modo.
