1871 3162
488 255 540 280 ns
572 252 899 282 CATECflleNDlS
933 258 1124 285 numius.
1410 250 1491 289 493

114 433 888 456 mmmmm-mmmmm
1242 441 1486 462 *mmmm

633 582 851 633 CAPUT
895 586 981 633 VI.

104 745 380 792 Exordium
401 748 701 804 catechismi,
727 758 773 793 et
793 752 1012 794 narratio
1035 749 1099 795 ab
1122 749 1323 796 historici
1346 768 1486 797 crea-

143 819 282 862 tionis
304 818 471 863 mzmdi
489 836 634 878 iisque
657 818 954 878 adpraesens
979 830 1162 881 tempas
1185 820 1443 868 Ecclesioe.

158 988 213 1030 X.
244 989 370 1039 Quoi)
397 1003 441 1031 sc
463 986 574 1032 forte
601 988 635 1031 si
658 988 862 1032 divinitus
885 990 1157 1033 admonitum
1189 991 1255 1034 vel
1282 993 1482 1036 territum

100 1071 188 1101 esse
211 1057 504 1115 responderit,
530 1068 580 1102 ut
602 1059 722 1102 fieret
750 1060 1036 1114 Christianus,
1063 1059 1333 1105 laetissimum
1357 1062 1483 1105 nobis

99 1127 348 1171 exordiendi
368 1127 533 1172 aditum
553 1129 733 1187 praebet,
751 1139 913 1188 quanta
936 1133 1023 1174 Deo
1043 1131 1097 1174 sit
1114 1147 1218 1175 cura
1237 1147 1315 1190 pro
1338 1132 1479 1176 nobis.

101 1201 211 1243 Sane
249 1199 304 1242 ab
341 1199 591 1259 hujusmodi
630 1200 937 1243 miraculorum
973 1201 1060 1243 sive
1087 1202 1355 1246 somniorum
1374 1238 1384 1256 ,
1429 1203 1484 1246 ad

100 1269 419 1328 Scripturarum
441 1269 687 1313 solidiorem
708 1271 819 1313 viam
845 1279 888 1313 et
922 1270 1095 1314 oracula
1130 1273 1314 1316 certiora
1340 1282 1483 1316 transm

96 1337 273 1382 ferenda
302 1348 365 1383 est
385 1340 476 1399 ejus
503 1340 687 1383 intentio
708 1358 717 1384 :
744 1349 794 1383 ut
814 1349 856 1383 et
878 1339 951 1383 illa
975 1339 1216 1385 admonitio
1240 1357 1373 1402 quam
1396 1343 1481 1387 mi-

96 1410 367 1454 sericorditer
383 1410 421 1453 ei
444 1419 683 1469 praerogata
700 1411 768 1464 sit,
792 1412 975 1465 noverit,
994 1421 1229 1470 antequam
1249 1413 1479 1472 Scripturis

95 1482 250 1526 sanctis
272 1481 516 1525 inhaereret.
536 1484 592 1525 Et
612 1481 764 1540 utique
786 1480 1176 1526 demonstrandum
1199 1492 1263 1527 est
1284 1484 1339 1538 ei,
1360 1485 1481 1544 quod

93 1551 184 1610 ipse
217 1553 427 1595 Dominus
449 1567 538 1596 non
561 1567 661 1595 eum
687 1551 941 1595 admoneret
974 1561 1049 1596 aut
1086 1553 1368 1612 compelleret
1390 1556 1482 1599 fieri

93 1622 388 1667 Christianum
411 1631 452 1665 et
483 1622 748 1681 incorporari
781 1621 1014 1677 Ecclesiae,
1051 1638 1126 1666 seu
1155 1623 1316 1667 talibus
1351 1626 1481 1684 signis

94 1702 169 1736 aut
200 1691 536 1736 revelationibus
569 1692 783 1746 erudiret,
809 1693 890 1735 nisi
906 1693 995 1751 jam
1020 1703 1313 1752 praeparatum
1336 1695 1418 1738 iter
1435 1696 1479 1738 in

96 1763 327 1822 Scripturis
349 1763 505 1806 sanctis
524 1797 534 1817 ,
567 1761 644 1805 ubi
677 1777 764 1805 non
799 1772 1014 1821 quaereret
1035 1763 1221 1807 visibilia
1240 1765 1449 1810 miracula
1465 1801 1476 1820 ‚

93 1834 169 1878 sed
192 1833 422 1878 invisibilia
444 1849 615 1893 sperare
637 1842 952 1888 consuesceret,
977 1849 1122 1893 neque
1143 1833 1380 1890 dormiens,
1405 1836 1481 1880 sed

92 1905 273 1964 vigilans
292 1914 558 1959 moneretur,
578 1921 677 1948 eum
696 1906 886 1948 securius
909 1914 950 1948 et
969 1906 1105 1949 tutius
1127 1922 1301 1965 carpere
1322 1907 1481 1952 voluis-

91 1986 169 2020 set.
209 1976 317 2020 Inde
342 1978 433 2036 jam
461 1975 722 2020 exordienda
745 1976 936 2019 narratio
958 1986 1048 2030 est,
1085 1977 1139 2020 ab
1160 1993 1210 2021 eo
1233 1978 1352 2037 quod
1374 1977 1480 2023 fecit

90 2049 205 2090 Deus
227 2047 372 2091 omnia
390 2046 505 2090 bona
520 2045 646 2090 valde
664 2048 694 2100 ¹,
723 2056 765 2089 et
783 2046 1083 2104 perducenda.
1110 2057 1159 2090 ut
1181 2047 1380 2100 diximus,
1412 2065 1479 2093 us-

89 2132 177 2177 que
199 2117 254 2160 ad
287 2117 514 2176 praesentia
548 2127 745 2175 tempora
768 2116 972 2160 Ecclesiae
999 2136 1008 2161 ε
1042 2117 1100 2160 ita
1125 2127 1174 2161 ut
1207 2118 1477 2176 singularum

89 2201 234 2230 rerum
256 2195 387 2245 atque
409 2196 628 2245 gestorum
649 2202 747 2246 quae
771 2202 1015 2240 narramus,
1041 2203 1181 2231 causae
1201 2189 1477 2249 rationesque

88 2256 343 2311 reddantur,
365 2257 525 2317 quibus
539 2272 588 2300 ea
607 2256 844 2300 referamus
860 2256 1048 2300 adinum
1065 2258 1197 2301 finem
1214 2257 1472 2313 dilectionis,

87 2322 207 2372 unde
227 2342 369 2387 neque
397 2327 561 2387 agentis
583 2327 750 2388 aliquid
771 2343 915 2388 neque
936 2328 1156 2388 loquentis
1183 2329 1334 2374 oculus
1357 2346 1476 2374 aver-

86 2399 243 2442 tendus
266 2406 344 2441 est.
373 2400 414 2442 Si
431 2399 547 2441 enim
573 2399 671 2442 ficta
697 2401 923 2456 poetarum
947 2397 1116 2441 fabulas
1133 2433 1143 2452 ,
1170 2408 1211 2441 et
1243 2400 1297 2442 ad
1320 2399 1472 2460 volup-

85 2477 220 2512 tatem
248 2469 507 2526 excogitatas
542 2470 787 2514 animorum
811 2483 1001 2528 quorum
1036 2469 1157 2512 cibus
1186 2485 1315 2528 nugae
1343 2480 1471 2526 sunt,

131 2566 144 2584 ¹
161 2566 241 2597 Gen.
263 2573 289 2602 ι,
310 2564 363 2595 31.

222 2628 394 2659 cxxxn.
1259 2619 1310 2658 32
