1871 3162
248 186 330 223 282
686 199 718 226 s.
754 197 985 227 Aueusnm
1017 199 1197 227 niseum

215 389 225 399 ε
247 372 313 387 m
317 372 455 388 §mm
458 373 713 388 SmQ-WXOEWSU!
717 373 808 388 ‘vm
811 373 878 388 tm
881 374 1090 389 xmwwaevw
1093 374 1231 389 tvvvm
1234 374 1301 389 ῑἋΝ
1309 373 1374 389 mm!
1379 373 1445 389 m&
1451 374 1482 389 §N
1487 373 1517 389 11
1521 373 1589 389 &W
1594 374 1623 389 νΙ

719 505 934 553 ffiPFT
979 507 1138 552 {Ma

247 659 485 709 Nonnulli
503 659 574 705 ad
589 658 828 705 daemones
857 670 1090 718 tanquam
1114 657 1347 703 redeundi
1368 657 1439 704 ad
1467 659 1625 705 Deam

481 728 771 775 mediatores
793 729 1050 791 infeliciter
1077 739 1391 775 recurrerunt.

307 893 486 935 LXVII.
521 893 655 944 QUEM
692 891 934 935 invenirem
971 891 1047 950 qui
1081 904 1150 934 me
1186 888 1484 934 reconciliaret
1528 888 1631 934 tibi?

249 962 542 1007 Ambiendum
579 963 686 1006 mihi
720 961 803 1005 fuit
837 961 890 1006 ad
927 961 1140 1019 Angelos?
1171 965 1262 1014 Qua
1291 963 1443 1020 prece?
1469 961 1630 1020 quibus

249 1034 551 1078 sacramentis?
587 1032 717 1078 Multi
753 1042 958 1077 conantes
989 1032 1044 1076 ad
1067 1042 1107 1075 te
1136 1033 1292 1086 redire,
1326 1047 1469 1091 neque
1491 1047 1568 1092 per
1589 1047 1633 1076 se

180 1146 185 1150 .
248 1105 360 1164 ipsos
376 1103 581 1157 valentes,
600 1104 710 1148 sicut
726 1104 872 1158 audio,
894 1112 1174 1146 tentaverunt
1192 1104 1301 1157 haee,
1322 1112 1366 1147 et
1382 1102 1633 1147 inciderunt

217 1167 222 1171 ⁵
249 1176 294 1218 in
316 1175 575 1218 desiderium
600 1175 868 1218 curiosarum
891 1174 1121 1227 visionum,
1153 1182 1197 1216 et
1218 1173 1338 1231 digni
1365 1172 1504 1216 habiti
1531 1182 1634 1216 sunt

247 1245 534 1289 illusionibus.
571 1244 684 1288 Elati
724 1244 841 1288 enim
878 1253 921 1287 te
961 1243 1217 1303 quaerebant
1253 1242 1465 1287 doctrinae
1498 1241 1628 1297 fastu,

249 1325 466 1360 exerentes
497 1316 776 1375 potiusquam
811 1313 1044 1358 tundentes
1076 1323 1266 1372 pectora,
1295 1322 1338 1357 et
1355 1312 1633 1357 adduxerunt

248 1388 329 1431 sibi
364 1402 439 1446 per
473 1385 803 1430 similitudinem
834 1385 974 1429 cordis
1006 1385 1088 1439 sui,
1114 1385 1407 1444 conspirantes
1429 1394 1472 1428 et
1498 1385 1632 1429 socias

248 1458 461 1517 superbiae
497 1473 586 1501 suae
621 1465 855 1516 potestates
890 1455 995 1499 a'e'ris
1030 1455 1200 1514 l1ujus1‚
1225 1470 1250 1497 a
1271 1454 1430 1514 quibus
1451 1469 1528 1514 per
1549 1470 1631 1513 po-

248 1530 402 1573 tentias
429 1529 614 1587 magicas
639 1528 958 1587 deciperentur,
983 1535 1227 1586 quaerentes
1250 1526 1534 1570 mediatorem
1556 1540 1633 1585 per

247 1615 378 1660 quem
398 1608 701 1659 purgarentur,
721 1607 764 1642 et
785 1613 875 1641 non
895 1607 1000 1640 erat.
1019 1595 1225 1640 Diabolus
1244 1596 1360 1639 enim
1380 1606 1472 1641 erat
1489 1605 1632 1640 trans-

248 1671 438 1728 figurans
460 1685 503 1714 se
524 1670 570 1712 in
593 1667 807 1726 Angelum
830 1667 978 1711 lucis².
1017 1669 1072 1710 Et
1095 1666 1286 1710 multum
1316 1665 1452 1709 illexit
1479 1682 1635 1726 super-

250 1741 350 1784 bam
382 1755 572 1793 carnem,
599 1738 718 1798 quod
741 1753 896 1782 carneo
925 1752 1105 1796 corpore
1126 1737 1216 1796 ipse
1237 1751 1327 1781 non
1351 1746 1475 1781 esset.
1496 1740 1635 1782 Erant

250 1812 364 1854 enim
392 1810 455 1853 illi
478 1808 679 1854 mortales
701 1817 744 1852 et
766 1820 966 1867 peccator
988 1822 1055 1865 (383
1080 1816 1130 1851 tu
1152 1816 1314 1862 autem,
1339 1808 1540 1863 Domine,
1563 1809 1634 1852 cui

250 1881 516 1926 reconciliari
546 1880 730 1940 superbe
763 1879 1034 1939 quaerebant,
1067 1877 1324 1923 immortalis
1350 1887 1392 1922 et
1416 1879 1508 1922 sine
1529 1894 1635 1938 pec-

250 1963 362 1998 cato.
386 1952 600 1997 Mediator
617 1960 763 1995 autem
778 1951 891 1994 inter
914 1953 1053 1994 Deum
1076 1959 1119 1993 et
1142 1950 1379 2004 hominesss,
1406 1950 1636 2009 oportebat

248 2034 297 2068 ut
328 2024 509 2067 haberet
531 2021 694 2082 aliquid
716 2020 853 2065 simile
875 2023 980 2074 Deo,
1007 2018 1174 2078 aliquid
1195 2019 1332 2063 simile
1354 2019 1603 2064 hominibus
1621 2041 1631 2074 ς

251 2109 305 2138 ne
327 2094 371 2136 in
394 2102 580 2152 utroque
609 2090 859 2135 hominibus
893 2089 1056 2143 similis,
1080 2088 1208 2145 longe
1230 2097 1339 2131 esset
1360 2104 1383 2132 a
1407 2091 1523 2145 Deo,
1560 2098 1636 2134 aut

251 2165 297 2208 in
319 2172 506 2222 utroque
530 2165 618 2206 Deo
641 2160 805 2215 similis,
836 2160 966 2218 longe
989 2169 1098 2203 esset
1121 2158 1176 2202 ab
1201 2159 1468 2214 hominibus,
1503 2169 1634 2220 atque

254 2237 311 2279 ita
340 2235 552 2279 mediator
583 2249 673 2277 non
700 2241 824 2276 esset.
851 2229 999 2274 Fallax
1021 2230 1168 2290 itaque
1189 2229 1261 2273 ille
1284 2229 1511 2286 mediator,
1545 2246 1634 2291 quo

254 2321 329 2365 per
349 2313 509 2348 secreta
527 2302 689 2363 judicia
712 2311 802 2356 tua,
832 2301 1033 2360 superbia
1056 2308 1293 2343 mereretur
1322 2298 1463 2355 illudi,
1497 2316 1636 2345 unum

254 2391 352 2421 cum
370 2375 619 2419 hominibus
636 2373 785 2427 habet,
806 2371 852 2416 id
869 2381 946 2427 est,
967 2379 1192 2431 peccatum
1212 2390 1222 2426 3
1248 2369 1367 2414 aliud
1388 2370 1525 2415 videri
1542 2371 1636 2416 vult

255 2447 412 2490 habere
434 2461 534 2490 cum
563 2448 667 2499 Deo,
702 2453 751 2488 ut
770 2443 872 2503 quia
895 2442 1032 2487 carnis
1061 2439 1322 2485 mortalitate
1346 2456 1434 2486 non
1458 2442 1631 2500 tegitur,

303 2544 314 2563 ¹
336 2540 451 2583 Ephes.
467 2552 503 2579 ιι,
520 2549 552 2571 ¹2.
573 2557 612 2563 «-
631 2547 644 2562 2
664 2548 683 2572 2
701 2540 772 2571 Cor.
793 2549 838 2579 xi,
861 2538 910 2581 14.
933 2555 974 2561 —
999 2536 1011 2561 3
1036 2549 1048 2570 1
1068 2537 1149 2569 Tim.
1170 2547 1206 2575 11,
1227 2539 1258 2568 5.
