1871 3162
530 234 583 277 nn
614 246 939 280 cuncuizannis
972 251 1164 277 nummus.
1446 242 1524 280 511

166 316 284 360 mino
305 318 394 359 Deo
417 323 540 359 tanto
560 316 726 373 potiore
747 313 948 373 praecedi,
973 320 1022 357 ut
1041 327 1092 356 eo
1113 313 1204 370 ipso
1221 329 1309 373 quo
1337 324 1533 361 nostrum

165 382 356 430 amamus
376 384 572 430 ordinem
586 419 598 440 ,
627 383 862 428 inordinati
885 397 973 426 esse
992 382 1240 441 cupiamus?
1261 386 1397 429 Nemo
1420 386 1536 429 enim

165 455 316 500 melius
343 455 513 500 ordinat
539 453 646 514 quid
667 462 779 512 agat,
806 453 885 497 nisi
906 454 982 513 qui
1001 453 1187 513 paratior
1213 462 1276 497 est
1300 470 1390 499 non
1411 471 1537 514 agere

163 524 282 583 quod
312 524 456 570 divina
485 532 694 582 potestate
721 523 991 582 prohibetur,
1021 538 1153 583 quam
1183 523 1380 582 cupidior
1412 539 1538 584 agere

163 593 283 653 quod
303 593 491 637 humana
518 593 775 650 cogitatione
801 592 1051 637 meditatur.
1075 611 1098 636 «
1116 593 1228 646 Quia
1249 591 1399 637 multae
1418 594 1537 651 cogi-

166 681 185 704 »
214 663 393 707 tationes
410 672 511 707 sunt
526 664 571 706 in
586 662 716 708 corde
731 663 828 718 viri,
848 662 1076 708 consilium
1093 671 1237 708 autem
1257 663 1428 708 Domini
1445 677 1539 708 ma-

167 752 186 776 »
211 744 286 778 net
302 735 347 778 in
364 744 577 778 aeternum
593 735 625 778 ¹.
644 752 665 775 »

221 805 342 846 XXL
380 804 420 848 Si
450 818 553 847 vero
584 818 638 847 ex
665 801 810 862 aliquo
835 802 1039 847 scandalo
1065 801 1344 861 perturbatus
1372 803 1540 847 animus

159 886 246 916 non
263 872 377 917 valet
391 873 518 916 edere
533 887 730 916 serenum
741 871 1078 932 jucundumque
1098 887 1358 927 sermonem,
1376 881 1543 917 tantam

161 957 250 990 esse
281 942 536 990 charitatem
569 951 741 1000 oportet
762 943 807 986 in
829 956 900 985 eos
922 957 1000 999 pro
1019 941 1178 1000 quibus
1199 943 1396 987 Christus
1418 957 1538 987 mor-

159 1019 260 1055 tuus
277 1019 354 1065 est,
368 1010 517 1055 volens
535 1026 606 1054 eos
627 1011 765 1069 pretio
782 1010 1002 1069 sanguinis
1023 1011 1089 1055 sui
1112 1011 1166 1055 ab
1182 1026 1378 1057 errorum
1398 1027 1537 1056 saecu-

158 1080 312 1125 larium
336 1090 474 1126 morte
497 1080 733 1136 redimere3
767 1089 817 1125 ut
848 1081 932 1125 hoc
953 1082 1096 1139 ipsum
1117 1080 1238 1140 quod
1258 1082 1384 1125 nobis
1406 1082 1539 1131 tristi-

157 1150 240 1197 bus
272 1151 515 1203 nuntiatur,
550 1159 708 1209 praesto
743 1164 834 1194 esse
869 1149 1059 1209 aliquem
1090 1151 1167 1209 qui
1203 1151 1414 1196 desideret
1445 1152 1539 1196 fieri

156 1221 440 1276 Christianus,
464 1221 519 1266 ad
539 1222 876 1266 consolationem
898 1220 1014 1267 illius
1031 1219 1429 1279 resolutionemque
1442 1223 1540 1267 tris-

154 1291 259 1337 titiae
274 1290 418 1336 valere
434 1290 609 1346 debeat,
626 1292 738 1336 sicut
755 1290 895 1335 solent
913 1289 1139 1335 lucrorum
1160 1291 1316 1350 gaudia
1338 1291 1538 1337 dolorem

154 1360 288 1406 lenire
320 1360 595 1406 damnorum.
627 1364 726 1408 Non
754 1361 873 1406 enim
904 1361 1155 1406 scandalum
1181 1377 1260 1406 nos
1291 1363 1539 1408 constristat

153 1431 350 1490 alicujus,
382 1432 464 1476 nisi
486 1447 617 1491 quem
637 1432 780 1490 perire
804 1440 879 1476 ant
899 1447 976 1490 per
996 1447 1129 1491 quem
1149 1433 1287 1491 perire
1315 1433 1539 1477 infirmum

151 1501 220 1546 vel
238 1499 453 1545 credimus
469 1501 538 1545 vel
555 1500 766 1546 videmus.
793 1501 872 1545 Ille
892 1501 1026 1560 igitur
1047 1503 1121 1562 qui
1143 1502 1378 1547 initiandus
1399 1503 1533 1549 adve-

151 1571 232 1624 nit,
268 1571 376 1615 dum
408 1579 604 1629 speratur
634 1585 759 1629 posse
793 1571 1018 1629 proficere,
1062 1571 1259 1616 dolorem
1294 1573 1533 1621 deficientis

151 1641 380 1697 abstergat.
405 1641 512 1692 Quia
534 1649 578 1683 et
604 1640 640 1683 si
660 1642 788 1684 timor
817 1639 891 1684 ille
921 1642 1184 1698 suggeritur,
1209 1657 1265 1684 ne
1285 1642 1362 1686 fiat
1382 1658 1532 1701 prose-

149 1709 265 1767 lytus
285 1709 399 1754 filius
422 1710 648 1768 gehennas,
667 1708 774 1753 dum
796 1709 924 1753 multi
941 1710 1046 1754 tales
1065 1720 1292 1755 versantur
1313 1721 1414 1758 ante
1430 1728 1533 1758 ocu-

147 1779 226 1834 los,
250 1795 302 1823 ex
324 1779 483 1839 quibus
503 1778 706 1822 oriuntur
724 1793 790 1835 ea,
814 1777 974 1837 quibus
993 1779 1176 1834 urimur,
1196 1781 1412 1836 scandala,
1436 1799 1528 1827 non

149 1849 203 1893 ad
225 1848 504 1893 retardandos
526 1863 603 1893 nos
625 1848 839 1906 pertinere
859 1846 1008 1901 debet,
1029 1847 1105 1892 sed
1121 1849 1255 1907 magis
1268 1849 1325 1895 ad
1341 1853 1529 1897 excitan-

147 1919 224 1964 dos
245 1928 288 1963 et
309 1918 552 1963 acuendos:
577 1928 792 1977 quatenus
824 1932 956 1977 quem
985 1918 1224 1963 imbuimus
1254 1935 1523 1979 moneamus,

147 1999 196 2037 ut
225 1997 373 2033 caveat
404 1988 690 2033 imitationem
719 2002 884 2043 eorum,
907 1987 984 2047 qui
1005 2003 1094 2032 non
1114 1988 1205 2047 ipsa
1227 1990 1422 2047 veritate,
1447 1993 1524 2037 sed

145 2057 235 2103 solo
256 2058 432 2103 nomine
451 2057 683 2103 Christiani
698 2066 823 2114 sunt3
850 2072 930 2102 nec
946 2072 1098 2102 eorum
1115 2059 1246 2103 turba
1259 2071 1518 2117 commotus,

143 2137 218 2173 aut
247 2128 400 2176 sectari
430 2126 533 2171 velit
556 2142 644 2181 eos,
679 2136 754 2172 aut
775 2128 998 2173 Christum
1024 2127 1134 2177 nolit
1164 2131 1315 2174 sectari
1342 2142 1520 2192 propter

143 2213 241 2254 eos,
268 2207 312 2241 et
332 2206 408 2241 aut
427 2196 536 2243 nolit
556 2211 645 2241 esse
666 2196 712 2240 in
731 2196 922 2243 Ecclesia
940 2197 1016 2242 Dei
1036 2198 1113 2242 ubi
1132 2197 1196 2242 illi
1216 2210 1334 2255 sunt,
1359 2212 1436 2247 aut
1455 2213 1516 2248 ta..

140 2269 190 2313 lis
223 2269 284 2312 ibi
315 2268 419 2317 velit
445 2283 535 2311 esse
565 2267 714 2326 quales
744 2266 807 2312 illi
831 2277 947 2312 sunt.
974 2270 1030 2312 Et
1050 2269 1194 2314 nescio
1225 2274 1448 2330 quomodo
1468 2275 1515 2319 in

140 2337 390 2398 hujusmodi
403 2337 576 2382 monitis
598 2337 817 2387 ardentior
836 2352 977 2383 sermo
993 2347 1073 2394 est,
1095 2340 1167 2383 cui
1187 2340 1382 2387 fomitem
1405 2344 1513 2389 sub-

140 2409 351 2461 ministrat
374 2423 560 2466 praesens
580 2406 706 2452 dolor
722 2415 806 2451 :aut
826 2423 914 2452 non
935 2407 1077 2453 solum
1104 2409 1310 2469 pigriores
1335 2428 1426 2458 non
1451 2414 1510 2459 si-

141 2494 251 2532 mus,
276 2477 351 2522 sed
384 2493 433 2521 eo
460 2478 551 2537 ipso
580 2477 772 2523 dicamus
799 2479 1018 2524 accensius
1039 2488 1170 2539 atque
1196 2482 1508 2542 vehementius,

184 2565 278 2598 Prov.
300 2572 368 2603 xix,
388 2571 441 2594 21.

1235 2619 1299 2658 33.
