1871 3162
310 230 391 270 2²64
739 245 771 271 s.
810 244 1037 271 Aueus‘rim
1071 245 1247 272 muscori

305 309 514 366 subjecte,
535 322 657 366 posse
678 307 723 351 id
746 308 865 367 quod
881 309 926 350 in
944 309 1138 367 subjecto
1162 317 1224 351 est
1247 323 1334 352 non
1360 323 1547 361 manere,
1573 310 1688 368 quis-

305 378 401 437 quis
423 377 653 436 diligenter
669 393 735 421 res
753 377 955 431 advertit,
978 377 1195 436 intelligit.
1215 377 1435 438 Siquidem
1454 378 1582 436 hujus
1596 394 1688 422 cor-

307 447 418 506 poris
439 447 558 491 color
577 457 717 506 potest
739 447 807 490 vcl
827 446 1085 491 valetudinis
1106 448 1272 492 ratione
1288 447 1357 492 vel
1375 457 1502 492 aetate
1524 450 1686 492 inimu—

304 518 400 571 tari,
441 533 543 562 cum
568 519 709 576 ipsum
744 533 901 576 corpus
933 519 1121 561 necdum
1150 518 1373 562 interierit.
1407 521 1462 561 Et
1491 519 1574 561 hoc
1598 534 1685 562 non

302 604 503 647 peraeque
532 590 575 632 in
613 589 815 632 omnibus
832 588 966 642 valet,
992 587 1131 632 sedin
1151 589 1216 632 his
1244 589 1289 631 in
1327 590 1486 648 quibus
1515 606 1602 633 non
1639 599 1686 632 ut

299 659 383 703 sint
407 659 497 716 ipsa
525 658 733 716 subjecta,
765 674 814 702 ea
845 674 944 718 quae
975 659 1019 701 in
1047 658 1251 717 subjectis
1274 669 1392 713 sunt,
1427 660 1682 703 coexistunt.

300 731 397 773 Non
421 729 536 772 euim
558 737 608 771 ut
623 729 677 771 sit
699 730 777 771 iste
801 729 955 787 paries,
980 729 1119 788 paries
1138 729 1222 773 hoc
1243 727 1388 773 colore
1407 729 1473 784 fit,
1494 744 1625 789 quem
1640 730 1687 773 in

301 814 351 842 eo
368 798 588 854 videmus·7
613 814 712 842 cum
731 799 860 843 etiam
875 800 909 842 si
924 815 1013 858 quo
1028 815 1129 843 casu
1145 801 1360 858 nigrescat
1381 799 1684 853 autalbescat,

300 869 368 912 vel
401 868 592 929 aliquem
627 869 760 913 alium
792 878 931 913 mutet
960 869 1177 925 colorem,
1220 870 1505 915 nihilominus
1541 880 1687 915 tamen

302 949 473 984 maneat
508 940 645 999 paries
673 955 723 984 ac
754 940 940 984 dicatur.
967 943 1022 984 At
1041 955 1144 984 vero
1172 940 1284 999 ignis
1307 940 1341 984 si
1362 939 1503 984 calore
1526 949 1684 994 careat,

299 1027 353 1056 ne
384 1012 493 1070 ignis
523 1012 701 1070 quidem
730 1012 833 1068 erit3
868 1027 947 1056 nec
986 1012 1129 1055 nivem
1163 1027 1318 1056 vocare
1349 1012 1430 1055 nisi
1457 1010 1687 1056 candidam

302 1097 543 1141 possumus.

307 1262 877 1279 mmmmm
880 1262 1689 1278 WWQWVMNWUUMOEKVUUWMWRMKM*

801 1397 1015 1445 CAPUT
1053 1398 1194 1444 Xlll,

580 1547 931 1593 immortalitas
953 1549 1130 1593 animoe
1153 1546 1405 1608 colligitur.

360 1710 527 1753 XXIII.
566 1710 699 1751 lLLun
721 1721 824 1751 vero
842 1706 962 1765 quod
983 1705 1273 1764 interrogasti,
1293 1706 1390 1765 quis
1413 1709 1685 1763 concesserit,

300 1790 376 1825 aut
405 1779 475 1824 cui
508 1792 630 1837 posse
659 1776 752 1820 fieri
781 1775 998 1830 videatur,
1022 1784 1072 1819 ut
1099 1775 1144 1819 id
1171 1774 1291 1835 quod
1317 1777 1361 1820 in
1389 1777 1585 1837 subJ'ccto
1608 1789 1685 1833 cst,

303 1861 475 1896 maneat
495 1850 589 1908 ipso
628 1849 874 1892 intereunte
908 1848 1128 1907 subjecto?
1162 1851 1487 1893 Monstruosum
1509 1851 1626 1894 enim
1647 1861 1689 1895 et

301 1941 324 1968 a
341 1923 520 1967 veritate
550 1920 858 1964 alienissimum
890 1928 968 1973 est,
1005 1928 1055 1962 ut
1080 1918 1125 1962 id
1147 1919 1266 1979 quod
1294 1935 1383 1964 non
1407 1930 1516 1965 esset
1538 1922 1617 1964 nisi
1643 1923 1689 1965 in

300 1995 394 2053 ipso
412 2001 536 2045 esset,
564 1990 693 2034 etiam
715 2005 813 2034 cum
835 1990 978 2048 ipsum
996 2004 1087 2033 non
1107 1989 1241 2033 fuerit
1259 1990 1391 2049 possit
1414 2006 1518 2034 esse.
1547 1995 1599 2034 R.
1627 1992 1688 2035 Il-

300 2064 379 2109 lud
398 2063 529 2122 igitur
545 2061 665 2121 quod
687 2060 990 2120 quaerebamus
1013 2060 1240 2103 inventum
1265 2070 1341 2104 est.
1370 2064 1420 2104 A.
1449 2062 1565 2113 Quid
1587 2077 1689 2106 nar-

302 2136 395 2179 ras?
431 2137 483 2177 R.
522 2132 571 2177 Id
601 2130 719 2192 quod
755 2131 891 2174 audis.
927 2133 979 2174 Αι
1016 2132 1185 2174 Jam-ne
1208 2145 1311 2189 ergo
1332 2130 1498 2190 liquido
1523 2142 1690 2177 constat

303 2206 496 2250 animum
525 2218 614 2247 esse
643 2200 957 2245 immortalem?
990 2202 1043 2243 R.
1071 2200 1114 2244 Si
1136 2215 1185 2244 ea
1206 2216 1305 2260 quae
1327 2202 1569 2246 concessisti
1590 2219 1690 2247 vera

303 2277 403 2329 sint,
422 2273 707 2334 liquidissime
725 2290 734 2315 z
759 2272 839 2314 nisi
861 2269 974 2314 forte
991 2271 1187 2314 animum
1200 2269 1306 2313 dicis
1327 2271 1453 2314 etiam
1477 2272 1511 2316 si
1535 2274 1691 2317 moria·

305 2357 376 2390 tur
395 2346 586 2390 animum
610 2358 713 2387 esse.
742 2345 792 2385 A.
818 2343 1053 2400 Nunquam
1077 2339 1279 2400 equidem
1295 2341 1377 2384 hoc
1396 2341 1592 2398 dixerim,
1615 2343 1690 2387 sed

304 2433 355 2461 eo
373 2418 466 2475 ipso
488 2431 577 2476 quo
598 2414 760 2467 interit,
786 2412 878 2456 fieri
905 2422 954 2456 ut
975 2412 1143 2456 animus
1164 2427 1250 2455 non
1274 2412 1347 2465 sit,
1373 2413 1484 2457 dico.
1512 2415 1598 2458 Nec
1620 2429 1690 2457 me

305 2489 360 2532 ab
383 2488 462 2530 hac
484 2486 696 2531 sententia
722 2492 914 2536 revocat,
939 2482 1056 2543 quod
1081 2498 1104 2525 a
1123 2482 1286 2540 magnis
1305 2482 1571 2542 philosophis
1593 2484 1689 2529 dic-

310 2568 401 2602 tum
425 2563 502 2607 esti3
520 2571 611 2600 eam
636 2570 725 2600 rem
749 2569 848 2612 quae
871 2567 1149 2612 quocumque
1165 2554 1330 2597 venerit
1345 2553 1476 2597 vitam
1496 2564 1686 2611 praestat,
