1871 3162
582 235 930 273 eonmssmnum,
966 236 1048 263 Lm.
1083 237 1114 262 1.
1473 227 1527 268 15

154 300 200 342 in
215 312 294 344 nos
311 298 367 342 ab
383 298 443 342 eis
463 298 540 358 qui
558 298 660 343 talia
675 300 827 359 utique
848 299 1048 358 agebant.
1069 298 1154 344 Sed
1169 301 1383 359 majorum
1400 318 1529 362 nugae

151 369 322 427 negotia
353 377 565 413 vocantur
590 388 598 414 :
624 385 860 429 puerorum
880 380 1026 415 autem
1049 370 1154 414 talia
1180 385 1281 414 cum
1311 371 1419 426 sint,
1443 388 1529 431 pu-

152 438 333 482 niuntur
347 453 371 482 a
384 439 619 498 majoribus
636 460 646 496 3
668 449 711 483 et
736 455 865 484 nemo
882 440 1109 484 miseratur
1122 455 1299 499 pueros,
1320 440 1390 485 vel
1410 440 1504 485 illos
1515 477 1528 498 ,

153 507 221 551 vel
242 516 465 568 utrosque.
489 508 577 553 Nisi
598 524 702 553 vero
725 510 940 568 approbet
969 510 1200 570 quisquam
1222 510 1363 554 bonus
1385 525 1531 555 rerum

152 577 312 622 arbiter
332 578 555 637 vapulasse
571 594 663 635 me,
686 580 787 639 quia
809 579 1015 624 ludebam
1039 579 1126 639 pila
1147 595 1272 639 puer,
1290 589 1334 625 et
1353 596 1404 625 eo
1424 581 1531 625 ludo

151 647 419 706 impediebar
432 683 443 703 ‚
463 650 697 708 quominus
721 650 918 694 celeriter
938 649 1148 694 discerem
1169 650 1349 706 litteras,
1372 651 1531 711 quibus

150 718 284 777 major
304 717 542 762 deformius
563 718 761 763 luderem
783 739 791 764 :
818 729 894 764 aut
916 719 1037 763 aliud
1059 719 1244 764 faciebat
1266 720 1382 764 idem
1401 721 1492 780 ipse
1507 737 1531 765 a

150 802 239 846 quo
255 786 516 846 vapulabam
531 822 542 843 ,
568 789 644 848 qui
665 789 699 833 si
720 789 766 832 in
788 788 932 849 aliqua
960 789 1278 849 quaestiuncula
1298 807 1322 834 a
1341 790 1532 836 condoc-

150 865 245 901 tore
266 872 344 901 suo
366 857 506 902 victus
534 867 670 913 esset,
696 859 830 917 magis
852 859 939 903 bile
963 869 1092 920 atque
1113 860 1277 905 invidia
1300 869 1530 921 torquere-

151 936 223 971 tur
244 942 377 986 quam
398 942 479 986 ego
495 962 507 983 ‚
540 943 639 973 cum
671 929 718 972 in
746 929 980 974 certamine
1002 929 1102 989 pilae
1133 946 1156 974 a
1183 929 1409 993 collusore
1433 947 1531 977 meo

150 998 397 1057 superabar.
1275 1015 1309 1029 μ’
1339 1003 1344 1005 ’

154 1152 505 1169 mmmmm

717 1153 1529 1172 mmmmmwummwwuwum

672 1287 887 1337 CAPUT
948 1291 1009 1336 X.

153 1419 333 1463 Amore
357 1417 484 1464 lasus
498 1428 543 1464 ec
558 1418 942 1478 spectaculorum
962 1430 1196 1465 avocatur
1211 1437 1243 1466 a
1265 1419 1532 1467 litterarum

751 1488 924 1534 Studio.

209 1625 329 1667 XVI.
355 1625 420 1667 ΕΤ
441 1631 586 1667 tamen
615 1623 871 1682 peccabam,
897 1623 1081 1668 Domine
1101 1626 1232 1679 Deus,
1250 1623 1472 1670 ordinator
1489 1634 1532 1670 et

152 1702 319 1738 creator
349 1693 546 1738 omnium
578 1709 724 1738 rerum
757 1693 1045 1745 naturalium,
1078 1704 1356 1753 peccatorum
1386 1705 1532 1740 autem

154 1771 327 1807 tantum
344 1763 581 1807 ordinator.
598 1763 782 1808 Domine
798 1766 912 1808 Deus
925 1778 1062 1819 meus,
1076 1764 1311 1822 peccabam
1333 1764 1532 1810 faciendo

155 1841 305 1878 contra
321 1841 536 1892 praecepta
557 1843 788 1892 parentum
801 1868 812 1889 ‚
842 1842 885 1878 et
905 1834 1211 1893 magistrorum
1231 1833 1422 1879 illorum.
1445 1838 1531 1881 Po-

154 1912 291 1947 teram
307 1903 421 1946 enim
444 1912 593 1962 postea
608 1904 721 1947 bene
742 1903 807 1948 uti
826 1903 996 1958 litteris,
1016 1919 1124 1964 quas
1148 1904 1354 1949 volebant
1374 1914 1423 1949 ut
1445 1906 1531 1949 dis-

153 1988 294 2018 cerem
311 1988 591 2033 quocumque
620 1974 763 2018 animo
789 1973 852 2017 illi
883 1975 983 2018 mei.
1005 1977 1102 2020 Non
1124 1976 1240 2019 enim
1261 1976 1439 2020 meliora
1453 1977 1532 2020 eli-

154 2059 258 2103 gens
272 2077 285 2098 ,
320 2043 575 2087 inobediens
611 2058 750 2098 eram,
786 2043 862 2087 sed
895 2059 1040 2088 amore
1071 2044 1275 2101 ludendi,
1313 2061 1460 2090 amans
1486 2047 1532 2090 in

152 2114 459 2159 certaminibus
480 2113 686 2173 superbas
705 2114 906 2159 victorias
923 2149 934 2170 ,
960 2124 1003 2159 et
1018 2115 1151 2174 scalpi
1172 2131 1296 2160 aures
1317 2131 1433 2161 meas
1449 2117 1531 2160 fal-

153 2184 208 2229 sis
221 2183 407 2239 fabellis‚
423 2199 512 2244 quo
528 2185 746 2243 prurirent
757 2183 995 2240 ardentius,
1007 2184 1158 2230 eadem
1175 2186 1421 2231 curiositate
1439 2202 1531 2231 ma-

153 2256 216 2314 gis
240 2255 461 2314 magisque
476 2270 554 2314 per
570 2254 717 2300 oculos
738 2256 953 2300 emicante
978 2256 1024 2299 in
1045 2257 1293 2316 spectacula
1312 2257 1530 2318 ludosque

153 2326 366 2384 maJ'orum
381 2346 393 2383 3
409 2341 518 2385 quos
534 2334 680 2370 tamen
698 2326 773 2385 qui
792 2325 944 2381 edunt,
962 2341 1014 2370 ea
1031 2325 1244 2385 dignitate
1266 2326 1436 2387 praediti
1458 2343 1532 2372 ex-

154 2395 345 2450 cellunt,
373 2405 423 2439 ut
445 2397 528 2440 hoc
551 2411 663 2455 pene
685 2411 835 2440 omnes
866 2405 1019 2456 optent
1051 2396 1241 2456 parvulis
1267 2398 1353 2442 suis
1374 2416 1384 2443 :
1422 2413 1531 2458 quos

155 2475 300 2510 tamen
322 2465 429 2510 caedi
454 2465 640 2509 libenter
656 2466 883 2525 patiuntur
900 2500 912 2521 7
931 2466 966 2510 si
988 2466 1242 2525 spectaculis
1270 2466 1429 2512 talibus
1446 2469 1531 2512 im-

157 2535 385 2594 pediantur
406 2551 430 2579 a
451 2535 595 2580 studio
613 2570 624 2591 ,
649 2551 737 2595 quo
756 2550 828 2580 eos
851 2535 906 2580 ad
924 2535 1022 2580 talia
1045 2535 1212 2581 edenda
1230 2537 1415 2597 cupiunt
1434 2553 1532 2597 per-
