1871 3162
277 186 362 224 370
710 192 745 222 s.
780 192 1010 223 Aueusnm
1043 194 1222 222 muscum

278 380 418 397 mmth
422 379 770 396 ΦΨἌΛΜΛΛΝἌΑΛΝΙΜἋ
773 378 841 393 ml
844 373 1648 394 mmmmmwmmmmm

765 520 981 569 CAPUT
1028 522 1158 568 Vm.

281 686 602 733 Intellectualz'
620 695 853 731 creaturae
873 684 944 730 ad
960 684 1385 743 beatam-requiem
1407 700 1502 729 non
1523 684 1650 746 Slff-

596 758 660 802 cic
682 754 918 815 quidquid
935 754 1043 801 Deo
1065 756 1220 800 minus
1245 764 1330 800 est.

334 918 411 959 IX.
450 917 679 959 Diu-Luxu:
713 913 933 972 Angelus,
967 913 1150 957 defluxit
1186 915 1327 958 anima
1361 913 1576 968 hominis,
1614 922 1657 958 et

278 995 322 1031 et
344 987 646 1031 indicaverunt
671 985 876 1042 abyssum
910 985 1123 1029 universae
1157 984 1354 1043 spiritalis
1381 994 1588 1030 creaturae
1611 985 1657 1027 in

274 1057 496 1118 profundo
518 1057 749 1101 tenebroso
763 1091 774 1111 ,
796 1056 876 1100 nisi
896 1056 1073 1100 dixisses
1087 1057 1141 1100 ab
1158 1055 1304 1111 initio,
1330 1074 1350 1097 «
1373 1056 1470 1100 Fiat
1492 1056 1565 1100 lux
1580 1091 1591 1111 ,
1616 1065 1659 1099 et

275 1146 298 1171 »
333 1128 447 1174 sacta
468 1137 576 1173 esset
601 1127 674 1172 lux
701 1146 709 1172 z
740 1145 760 1167 n
785 1136 829 1171 et
849 1127 1083 1171 inhaereret
1100 1127 1179 1171 tibi
1200 1127 1340 1171 omnis
1362 1126 1566 1171 obediens
1586 1128 1657 1171 in-

272 1199 510 1259 telligentia
528 1199 714 1244 coelestis
735 1199 920 1243 civitatis
939 1207 1045 1252 tuae,
1063 1207 1105 1242 et
1124 1199 1413 1258 requiesceret
1430 1198 1474 1242 in
1499 1199 1659 1257 Spiritu

274 1280 373 1324 tuo,
398 1271 474 1330 qui
491 1268 760 1329 superfertur
781 1268 1196 1312 incommutabiliter
1218 1283 1346 1327 super
1368 1283 1496 1312 omne
1514 1277 1659 1312 muta-

274 1341 376 1384 bile.
409 1339 618 1399 Alioquin
652 1348 696 1383 et
717 1339 860 1397 ipsum
890 1338 1053 1382 coelum
1087 1338 1188 1382 coeli
1219 1338 1448 1382 tenebrosa
1481 1338 1660 1396 abyssus

274 1419 383 1454 esset
404 1410 448 1453 in
462 1424 528 1466 se3
553 1424 672 1453 nunc
696 1417 841 1452 autem
864 1407 938 1452 lux
961 1418 1024 1452 est
1042 1409 1088 1452 in
1106 1411 1309 1453 Domino.
1328 1411 1436 1453 Nam
1450 1418 1492 1452 et
1508 1409 1551 1451 in
1570 1408 1660 1467 ipsa

274 1481 429 1524 misera
445 1478 749 1540 inquietudine
766 1478 1055 1522 defluentium
1073 1479 1303 1537 spirituum
1319 1487 1359 1522 et
1377 1477 1660 1521 indicantium

275 1551 476 1595 tenebras
507 1564 605 1593 suas
644 1548 830 1592 nudatas
862 1556 979 1592 veste
1010 1547 1186 1592 luminis
1210 1548 1303 1602 tui,
1341 1548 1439 1591 satis
1473 1547 1661 1592 ostendis

275 1635 408 1680 quam
441 1634 643 1678 magnam
671 1627 917 1662 creaturam
956 1617 1211 1661 rationalem
1235 1616 1385 1661 feceris
1402 1653 1413 1672 ‚
1439 1618 1509 1662 eui
1538 1617 1661 1661 nullo

277 1691 412 1736 modo
433 1692 594 1735 sufficit
616 1689 670 1734 ad
689 1690 859 1733 beatam
882 1688 1075 1747 requiem
1098 1688 1317 1748 quidquid
1340 1697 1382 1732 te
1402 1689 1544 1732 minus
1567 1697 1630 1732 est
1648 1724 1659 1743 ‚

278 1780 326 1808 ac
349 1779 427 1823 per
446 1765 530 1807 hoc
549 1777 629 1806 nec
660 1762 749 1821 ipsa
779 1762 874 1805 sibi.
898 1763 962 1804 Tu
992 1761 1106 1804 enim
1123 1796 1133 1815 ,
1154 1764 1268 1805 Deus
1299 1770 1472 1813 noster,
1496 1761 1662 1804 illumi-

279 1835 402 1878 nabis
425 1834 625 1878 tenebras
648 1841 815 1877 nostras
831 1834 844 1857 1
871 1847 882 1874 :
906 1846 959 1874 ex
986 1840 1029 1875 te
1056 1832 1257 1875 oriuntur
1283 1832 1538 1875 vestimenta
1560 1846 1661 1875 nos-

281 1913 372 1959 tra,
397 1913 440 1948 et
451 1903 647 1948 tenebrae
668 1910 827 1946 nostrae
852 1901 964 1944 sicut
985 1900 1185 1944 meridies
1208 1905 1377 1944 erunt2.
1399 1904 1459 1944 Da
1478 1901 1584 1944 mihi
1601 1910 1660 1957 te,

277 1978 393 2020 Deus
423 1990 572 2029 meus,
611 1973 745 2017 redde
772 1981 816 2016 te
844 1971 950 2015 mihi
976 1991 985 2016 :
1013 1980 1055 2015 te
1084 1972 1199 2015 enim
1222 1987 1342 2027 amo,
1374 1981 1415 2015 et
1441 1973 1475 2016 si
1509 1987 1662 2031 parum

280 2056 370 2102 est,
404 2060 545 2090 amem
579 2043 778 2088 validius.
800 2045 896 2087 Non
920 2057 1092 2100 possum
1120 2042 1264 2086 metiri
1291 2051 1340 2085 ut
1368 2043 1497 2086 sciam
1521 2057 1663 2102 quan-

279 2125 375 2160 tum
397 2115 506 2159 desit
528 2114 635 2157 mihi
658 2112 813 2157 amoris
836 2111 891 2155 ad
912 2110 956 2154 id
983 2111 1102 2171 quod
1129 2120 1192 2154 sat
1220 2122 1307 2165 est,
1333 2120 1383 2155 ut
1408 2121 1554 2156 currat
1577 2113 1665 2156 vita

280 2201 377 2230 mea
398 2185 443 2228 in
466 2184 688 2243 amplexus
712 2193 836 2236 tuos,
861 2197 942 2225 nec
965 2190 1184 2225 avertatur
1212 2180 1352 2225 donec
1375 2182 1665 2227 abscondatur

280 2256 325 2299 in
347 2254 602 2300 abscondito
639 2251 783 2296 vultus
805 2252 916 2295 tuiss.
952 2253 1044 2294 Hoc
1070 2259 1239 2294 tantum
1269 2251 1382 2305 scio,
1421 2253 1521 2312 quia
1553 2252 1666 2302 male

282 2326 389 2369 mibi
410 2335 472 2368 est
490 2337 646 2383 praeter
662 2333 717 2376 te,
737 2338 825 2365 non
848 2320 987 2365 solum
1007 2331 1121 2364 extra
1146 2337 1213 2364 me
1229 2356 1238 2371 ‚
1260 2321 1333 2365 sed
1353 2323 1448 2365 etin
1470 2324 1662 2381 meipso,

285 2406 327 2439 et
349 2396 488 2439 omnis
506 2394 611 2437 mihi
637 2393 760 2451 copia
780 2407 878 2451 quae
901 2395 1016 2435 Deus
1033 2407 1153 2434 meus
1176 2407 1262 2434 non
1286 2401 1349 2436 est
1366 2427 1376 2446 ,
1402 2402 1564 2450 egestas
1585 2401 1661 2437 est.

334 2499 341 2515 ¹
367 2493 429 2523 'tt-al
462 2502 560 2532 xxvii,
578 2500 630 2532 29.
652 2507 691 2513 —
709 2490 953 2529 2121.exxxv111‚
976 2498 1026 2521 12.
1048 2506 1086 2511 ——
1104 2486 1118 2511 3
1137 2489 1181 2521 Id.
1204 2500 1278 2530 xxx,
1296 2498 1352 2522 21.
