1871 3162
531 297 874 333 conressmnum,
911 297 992 321 Lm.
1029 295 1104 321 Xu.
1423 285 1503 322 335

131 467 199 482 &news
204 467 269 482 WW
275 468 338 482 tm
342 467 544 482 =wnxvutwu
548 467 616 483 ωδ
620 467 966 483 ΜὮῪΝᾺΊΑΑΝὊὌῚΜἉΚ
970 464 1507 482 wux1vwxmm2wmmmwme=w

618 600 835 647 CAPUT
878 601 1025 646 XIII.

129 753 227 798 Car
263 755 363 798 sine
389 752 572 798 dieram
598 753 1052 798 commemoratione
1082 752 1196 797 dicit
1222 752 1507 811 Scriptura,

193 822 324 881 quod
341 825 390 868 in
407 825 655 884 principio
657 822 783 884 fecit
808 823 941 868 Deus
965 821 1136 868 coelam
1159 832 1205 867 et
1227 832 1325 867 terr·
1335 838 1436 866 am.

179 986 299 1028 XVI.
337 986 426 1028 Hoc
459 984 632 1029 interim
667 985 821 1039 sentio,
858 987 970 1029 Deus
995 999 1132 1038 meus,
1152 998 1255 1028 cum
1288 979 1508 1037 audi010-

123 1060 329 1115 qnentem
363 1056 630 1115 Scripturam
659 1065 779 1100 tuam
820 1075 829 1100 ι
872 1074 893 1097 σι
928 1058 979 1099 In
1012 1055 1228 1114 principio
1261 1053 1371 1097 fecit
1405 1056 1516 1096 Deus

129 1145 149 1168 »
183 1126 347 1171 coelum
368 1135 411 1170 et
432 1136 591 1171 terram
607 1147 617 1183 3
636 1136 750 1171 terra
769 1135 915 1171 autem
938 1135 1030 1170 erat
1046 1124 1270 1170 invisibilis
1287 1135 1330 1168 et
1350 1125 1519 1167 incom-

128 1215 148 1238 »
183 1197 338 1256 posita,
356 1206 398 1241 et
415 1197 609 1242 tenebrae
628 1205 752 1240 crant
768 1211 898 1256 super
910 1196 1138 1253 abyssum¹
1167 1215 1176 1240 ε
1200 1214 1220 1237 »
1237 1210 1381 1254 neque
1398 1210 1518 1238 com-

125 1277 442 1312 memorantem
470 1276 607 1327 quoto
631 1267 702 1311 die
719 1265 872 1311 feceris
905 1267 1014 1311 haec.
1051 1266 1118 1311 Sic
1146 1265 1320 1310 interim
1347 1265 1486 1309 sentio
1505 1299 1515 1318 ‚

126 1347 303 1397 propter
326 1337 438 1382 illud
470 1337 635 1382 coelum
664 1337 783 1393 coeli,
819 1336 981 1381 eoelum
1012 1335 1326 1391 intellectuale,
1356 1335 1434 1379 ubi
1457 1344 1520 1379 est
1553 1376 1555 1378 .

124 1407 371 1452 intellectus
384 1423 508 1452 nosse
524 1407 674 1463 simul,
701 1423 791 1452 non
812 1423 862 1451 ex
884 1416 1006 1467 parte
1022 1442 1032 1462 ,
1058 1422 1148 1451 non
1171 1406 1218 1450 in
1253 1406 1484 1465 aenigmate
1505 1440 1515 1459 ‚

126 1493 214 1522 non
232 1493 307 1537 per
321 1477 548 1537 speculum
565 1498 575 1535 3
595 1478 671 1522 sed
689 1493 739 1521 ex
761 1486 870 1533 toto,
892 1479 937 1521 in
955 1475 1324 1532 manifestatione,
1336 1475 1447 1520 faeie
1465 1474 1518 1519 ad

125 1545 280 1591 faciem
303 1550 320 1573 ²
345 1566 356 1592 ι
380 1563 469 1592 non
492 1547 623 1592 modo
646 1548 751 1602 hoc,
779 1546 912 1592 modo
934 1545 1070 1602 illud,
1099 1547 1175 1592 sed
1197 1545 1318 1607 quod
1349 1546 1518 1589 dictum

125 1626 214 1673 est,
255 1633 380 1663 nosse
404 1617 532 1662 simul
565 1618 655 1662 sine
694 1617 785 1662 ulla
812 1618 1108 1662 vicissitudine
1141 1628 1392 1677 temporum
1431 1635 1439 1660 :
1477 1623 1520 1659 et

124 1697 301 1748 propter
328 1689 586 1733 invisibilem
614 1698 746 1749 atque
769 1689 1105 1748 incompositam
1129 1697 1292 1732 terram
1315 1687 1407 1731 sine
1433 1685 1520 1730 ulla

124 1759 419 1804 vicissitudine
439 1769 702 1820 temporum,
729 1776 829 1819 quae
857 1760 967 1804 solet
998 1760 1160 1803 habere
1190 1757 1321 1802 modo
1355 1759 1440 1802 hoc
1477 1766 1521 1801 et

125 1830 257 1873 modo
276 1829 410 1887 illud3
430 1830 531 1889 quia
548 1830 625 1873 ubi
640 1829 761 1873 nulla
785 1830 962 1888 species,
985 1844 1202 1889 nusquam
1221 1838 1286 1873 est
1307 1829 1392 1872 hoc
1415 1837 1458 1871 et
1472 1827 1522 1870 il-

126 1899 220 1944 lud.
234 1904 414 1960 Propter
433 1900 522 1945 duo
539 1902 632 1945 haec
647 1901 846 1960 primitus
866 1899 1105 1945 formatum
1126 1909 1170 1944 et
1187 1899 1361 1959 penitus
1377 1898 1522 1943 insor-

128 1985 197 2014 me
215 1991 226 2028 3
246 1969 357 2014 illud
378 1971 557 2025 coelum,
580 1971 655 2014 sed
677 1970 840 2015 coelum
858 1971 959 2014 coeli
977 1992 987 2028 3
1008 1972 1090 2015 hoc
1108 1986 1227 2025 vero,
1243 1979 1420 2023 terram,
1444 1969 1520 2013 sed,

127 2050 286 2086 terram
298 2040 556 2086 invisibilem
573 2050 617 2084 et
630 2041 961 2100 incompositam
978 2060 986 2084 :
1012 2050 1189 2100 propter
1201 2040 1290 2085 duo
1304 2039 1521 2084 haec-inte-

127 2113 208 2156 rim
229 2113 368 2157 sentio
390 2113 481 2156 sine
503 2112 918 2156 commemoratione
941 2111 1111 2155 dierum
1137 2111 1282 2156 dicere
1319 2111 1519 2170 Scriptu-

128 2199 220 2227 ram
241 2194 361 2228 tuam
383 2202 392 2228 :
422 2203 443 2225 «
468 2186 519 2227 In
536 2183 749 2243 principio
772 2182 874 2227 fecit
898 2186 1011 2226 Deus
1040 2182 1204 2226 coelum
1226 2192 1269 2226 et
1291 2192 1465 2226 terram.
1499 2200 1518 2221 »

131 2255 284 2299 Statim
309 2255 471 2314 quippe
495 2253 679 2314 subjecit
698 2268 828 2313 quam
851 2263 1011 2297 terram
1034 2253 1205 2297 dixerit.
1227 2256 1283 2297 Et
1307 2253 1428 2312 quod
1450 2268 1520 2295 sea

129 2325 275 2368 cundo
292 2323 361 2367 die
383 2334 748 2368 commemoratur
760 2323 927 2368 factum
949 2324 1296 2377 firmamentum,
1333 2332 1376 2365 et
1392 2338 1524 2366 voca-

133 2405 226 2439 tum
244 2395 421 2451 coelum,
441 2395 630 2440 insinuat
646 2395 701 2439 de
718 2410 806 2454 quo
828 2395 941 2439 coelo
960 2396 1078 2454 prius
1101 2394 1191 2439 sine
1210 2394 1362 2438 diebus
1384 2409 1525 2440 sermo

130 2466 303 2511 locutus
325 2466 393 2510 sit.

180 2570 189 2587 ¹
208 2565 289 2597 Gen.
306 2576 331 2604 1,
349 2574 377 2596 ι.
399 2579 439 2585 -
461 2569 473 2586 ²
494 2574 506 2595 1
523 2565 596 2596 Cor.
625 2573 694 2603 xm,
713 2570 763 2594 12.
