1871 3162
218 232 300 269 216
651 242 684 268 s.
720 239 950 267 A‘ocusnm
983 239 1164 266 EPISCOPI

213 306 585 366 Colloquebamur
606 320 709 363 ergo
730 304 808 348 soli
829 303 955 349 valde
972 303 1174 359 dulciter,
1193 313 1236 349 et
1252 303 1473 364 praeterita
1493 302 1605 347 obli-

210 379 420 422 viscentes
437 411 448 431 ,
489 378 531 422 in
554 391 603 419 ea
643 390 741 434 quae
774 382 873 418 ante
900 383 1002 418 sunt
1037 374 1200 418 extenti
1214 377 1227 400 1
1247 409 1257 428 ,
1292 373 1600 434 quaerebamus

213 450 326 493 inter
357 463 435 492 nos
467 446 585 505 apud
614 453 870 504 praesentem
890 445 1116 488 veritatem
1138 443 1259 503 quod
1289 453 1337 487 tu
1361 458 1430 499 es,
1465 443 1604 503 qualis

215 519 362 564 futura
404 525 513 561 esset
543 516 632 559 vita
662 523 822 558 aeterna
853 522 1129 568 sanctorum,
1165 529 1297 573 quam
1327 528 1406 558 nec
1450 514 1604 558 oculus

216 588 348 642 vidit,
370 601 449 630 nec
468 586 580 629 auris
598 583 785 639 audivit,
803 584 943 628 necin
960 599 1033 628 cor
1050 584 1236 628 hominis
1255 582 1450 627 ascendit
1462 587 1494 627 ².
1519 583 1605 628 Sed

218 658 493 702 inhiabamus
516 669 590 700 ore
611 653 752 698 cordis
774 654 819 697 in
833 669 1018 713 superna
1041 653 1206 697 fluenta
1226 652 1354 697 fontis
1372 653 1452 708 tui,
1473 651 1606 697 fontis

222 730 322 773 vitae
350 728 427 787 qui
449 735 513 770 est
540 724 656 784 apud
677 727 744 768 te³
763 760 774 780 ,
799 734 849 769 ut
872 723 973 769 inde
995 740 1074 784 pro
1096 733 1230 783 captu
1257 733 1405 770 nostro
1422 724 1605 784 aspersi,

224 812 403 858 quoquo
423 795 555 840 modo
577 809 668 838 rem
690 803 856 838 tantam
878 794 1183 853 cogitaremus.

280 869 444 912 XXIV.
470 868 672 925 Cumque
694 865 749 909 ad
771 880 871 909 eum
893 865 1025 909 finem
1042 880 1182 910 sermo
1204 865 1542 924 perduceretur,
1562 873 1613 910 ut

220 938 461 984 carnalium
478 951 685 981 sensuum
709 934 941 980 delectatio
958 935 1248 995 quantalibet,
1272 936 1317 979 in
1339 934 1614 994 quantalibet

225 1009 322 1053 luce
344 1021 579 1067 corporea,
601 1021 691 1065 prae
709 1003 824 1049 illius
846 1005 946 1049 vitae
958 1004 1252 1065 jucunditate,
1276 1020 1366 1049 non
1387 1020 1614 1065 compara-

224 1080 359 1133 tione,
372 1077 448 1123 sed
459 1092 514 1120 ne
523 1075 935 1121 commemoratione
947 1073 1124 1134 quidem
1137 1075 1267 1132 digna
1275 1074 1497 1118 videretur
1508 1095 1520 1133 3
1535 1075 1617 1118 eri-

225 1158 374 1209 gentes
397 1163 475 1192 nos
487 1145 732 1191 ardentiore
747 1146 908 1190 affectu
922 1145 968 1189 in
982 1144 1173 1204 idipsum
1189 1179 1200 1200 ,
1216 1144 1615 1204 perambulavimus

226 1220 442 1279 gradatim
471 1226 630 1264 cuncta
671 1216 938 1276 corporalia,
963 1225 1006 1260 et
1026 1216 1168 1275 ipsum
1190 1215 1375 1270 coelum,
1402 1215 1520 1260 unde
1552 1215 1616 1261 sol

225 1301 267 1334 et
285 1290 390 1334 luna
409 1298 452 1333 et
481 1287 617 1332 stellae
637 1286 787 1331 lucent
809 1301 937 1345 super
958 1295 1134 1329 terram.
1159 1288 1216 1329 Et
1238 1285 1382 1331 adhuc
1407 1286 1618 1331 ascende-

230 1361 383 1404 bamus
399 1359 581 1402 interius
599 1355 830 1415 cogitando
845 1390 856 1411 ‚
874 1365 917 1400 et
937 1355 1181 1415 loquendo,
1207 1364 1251 1399 et
1266 1354 1465 1400 mirando
1487 1370 1617 1415 opera

230 1440 303 1475 tua
331 1438 374 1473 et
394 1428 592 1474 venimus
612 1429 658 1470 in
679 1435 842 1470 mentes
860 1434 1026 1470 nostras
1043 1460 1054 1480 ,
1086 1434 1129 1468 et
1151 1425 1495 1469 transcendimus
1517 1440 1587 1469 eas
1602 1460 1615 1481 ,

227 1509 277 1544 ut
299 1499 606 1556 attingeremus
629 1497 851 1555 regionem
870 1495 1079 1539 ubertatis
1096 1494 1405 1549 indeficientis,
1424 1494 1503 1538 ubi
1521 1510 1619 1553 pas-

232 1571 290 1614 cis
310 1567 440 1612 Isra‘el
461 1568 508 1610 in
529 1576 742 1610 aeternum
760 1565 949 1609 veritatis
971 1563 1157 1623 pabulo,
1178 1572 1221 1607 et
1241 1564 1318 1607 ubi
1340 1564 1426 1608 vita
1447 1564 1618 1624 sapien-

234 1641 291 1684 tia
306 1648 369 1684 est
387 1673 398 1694 ,
418 1653 494 1697 per
512 1652 645 1697 quam
659 1637 773 1680 fiunt
790 1635 1041 1689 omniaista,
1059 1643 1103 1679 et
1116 1650 1214 1694 quae
1231 1633 1435 1690 fuerunt,
1460 1643 1504 1680 et
1520 1650 1619 1694 quae

232 1710 378 1754 futura
402 1717 503 1752 sunt
524 1729 535 1764 3
559 1716 601 1750 et
621 1708 712 1765 ipsa
729 1721 818 1750 non
839 1705 909 1759 fit,
931 1706 1007 1748 sed
1028 1705 1087 1748 sic
1110 1714 1173 1748 est
1189 1713 1239 1748 ut
1255 1704 1340 1749 fuit
1357 1739 1368 1759 ‚
1393 1713 1437 1748 et
1458 1705 1518 1750 sic
1539 1705 1621 1748 erit

234 1793 402 1837 semper
420 1798 430 1834 3
454 1778 560 1836 quin
583 1777 725 1834 potius
748 1774 878 1817 fuisse
893 1808 903 1828 ,
919 1782 962 1818 et
976 1772 1174 1817 futurum
1188 1789 1276 1817 esse
1294 1789 1383 1818 non
1400 1783 1462 1818 est
1483 1776 1528 1818 in
1552 1789 1616 1829 ea,

235 1848 310 1893 sed
332 1863 421 1892 esse
443 1846 583 1891 solum
599 1879 609 1899 ,
634 1844 840 1904 quoniam
863 1852 1024 1887 aeterna
1048 1852 1125 1887 est.
1146 1846 1254 1888 Nam
1272 1843 1404 1888 fuisse
1427 1853 1470 1888 et
1496 1843 1619 1888 futu-

238 1934 334 1964 rum
359 1933 448 1962 esse
467 1931 556 1960 non
578 1924 641 1959 est
655 1923 883 1958 aeternum.
902 1916 957 1957 Et
979 1914 1084 1957 dum
1101 1913 1324 1972 loquimur
1345 1923 1389 1958 et
1404 1914 1620 1958 inhiamus

237 1990 321 2044 illi,
348 1989 568 2047 attigimus
596 2001 691 2030 eam
717 1984 887 2029 modice
909 1983 1111 2033 totoictu
1133 1983 1297 2038 cordis,
1324 1994 1367 2027 et
1387 1985 1620 2043 suspiravi-

238 2076 335 2105 mus
358 2069 400 2103 et
421 2058 674 2117 reliquimus
702 2056 764 2099 ibi
793 2055 992 2113 religatas
1011 2054 1228 2112 'primitias
1262 2054 1456 2111 spiritus,
1488 2063 1532 2098 et
1553 2070 1622 2099 re-

238 2130 476 2174 meavimus
494 2127 549 2171 ad
562 2127 789 2185 strepitum
808 2125 890 2168 oris
903 2124 1054 2178 nostri,
1072 2123 1149 2167 ubi
1161 2123 1342 2167 verbum
1360 2133 1402 2167 et
1415 2124 1621 2183 incipitur

237 2210 281 2245 et
301 2201 467 2243 finitur.
493 2201 550 2241 Et
571 2195 679 2256 quid
700 2194 837 2239 simile
861 2194 1004 2238 Verbo
1027 2203 1103 2237 tuo
1128 2194 1312 2238 Domino
1334 2204 1482 2238 nostro
1505 2196 1551 2239 in
1576 2211 1621 2240 se

237 2268 507 2330 permanenti
529 2267 620 2310 sine
640 2273 850 2309 vetustate
870 2298 881 2317 ‚
903 2273 1033 2323 atque
1049 2264 1274 2308 innovanti
1296 2264 1442 2308 omnia
1456 2266 1503 2308 ⁴?

293 2340 434 2382 XXV.
462 2335 715 2381 Dicebamus
737 2348 837 2391 ergo
866 2352 873 2378 :
902 2333 944 2378 Si
968 2333 1038 2377 cui
1060 2332 1182 2376 sileat
1210 2333 1617 2389 tumultus‘carnis,

238 2409 389 2453 sileant
404 2406 641 2467 phantasiae
663 2415 804 2459 terrae,
820 2414 862 2451 et
892 2419 1118 2464 aquarum,
1143 2412 1186 2447 et
1207 2403 1336 2457 aeris,
1370 2403 1548 2459 sileant,
1577 2412 1621 2449 et

236 2478 326 2536 poli
344 2512 355 2529 ‚
377 2486 420 2521 et
440 2478 531 2536 ipsa
550 2477 631 2521 sibi
652 2476 793 2520 anima
816 2475 964 2530 sileat,
985 2483 1027 2518 et
1048 2482 1236 2518 transeat
1257 2488 1301 2517 se
1318 2488 1408 2518 non
1435 2488 1479 2518 se
1502 2474 1620 2532 cogi-

288 2572 295 2585 1
316 2563 426 2604 Philip.
448 2575 496 2603 nr,
520 2565 569 2595 13.
593 2579 631 2584 —
651 2569 661 2584 ²
688 2574 695 2593 ι
715 2564 785 2594 Cor.
807 2572 844 2601 11,
863 2573 895 2602 9.
918 2577 957 2582 —-
980 2558 992 2581 3
1013 2559 1088 2591 Psal.
1114 2569 1215 2599 xxxv,
1237 2569 1284 2590 1o.
1309 2575 1349 2580 —
1369 2552 1385 2582 ⁴
1400 2560 1474 2600 Sap.
1490 2570 1546 2600 vn,
1562 2567 1619 2600 27.
