1871 3162
260 240 272 273 1
288 236 340 273 36
688 247 721 272 s.
760 243 985 271 AUGUSTINI
1018 242 1199 270 EPISCOPI

263 413 432 428 ἎΛΑκΙὶνΙΑΑ
437 412 503 427 vvn
508 412 573 427 νὶὶἱ
580 410 927 427 ιὶΙιὶἌἎΛΊῚΛΜἋΛᾹΊΝἋ
933 408 1640 425 ἋΜΝΙΜΊΝἋΊΝἋἊΜΜΜΙΜΝΜΜΜΝΛΜ

752 541 969 590 CAPUT
1012 542 1148 590 XIV.

314 698 390 743 De
413 699 513 742 vita
534 697 777 742 communi
796 693 993 757 agenda
1015 710 1123 741 cum
1144 695 1312 740 amicis
1334 691 1589 740 deliberat.

313 858 476 901 XXIV.
508 858 573 900 ET
593 855 723 900 multi
752 856 879 900 amici
901 855 1213 913 agitaveramus
1239 854 1384 899 animo
1401 888 1413 909 ‚
1438 862 1481 898 et
1504 853 1642 899 collo-

254 938 436 989 quentes
459 942 506 972 ac
533 926 795 971 detestantes
828 925 1103 972 turbulentas
1130 926 1335 970 humanae
1366 924 1467 969 vitae
1488 924 1644 969 moles-

253 999 346 1053 tiaS,
365 1013 475 1057 pene
492 998 581 1057 jam
599 998 925 1041 firmaveramus
943 996 1098 1040 remoti
1120 1010 1145 1039 a
1162 994 1301 1039 turbis
1316 995 1450 1038 otiose
1468 995 1613 1039 vivere
1631 1013 1641 1039 :

254 1067 300 1112 id
322 1069 458 1112 otium
482 1068 541 1111 sic
563 1066 703 1111 moliti
721 1101 732 1121 ‚
757 1076 808 1110 ut
824 1067 857 1110 si
880 1066 989 1126 quid
1006 1066 1167 1109 habere
1190 1079 1412 1123 possemus
1431 1098 1442 1118 ,
1467 1064 1645 1108 confer-

256 1154 399 1182 remus
418 1139 463 1182 in
486 1137 696 1191 medium,
725 1152 946 1196 unamque
968 1150 1059 1179 rem
1082 1134 1336 1179 familiarem
1354 1135 1644 1180 conflaremus

254 1225 304 1253 cx
319 1209 521 1254 omnibus
543 1228 551 1253 :
572 1217 620 1252 ut
642 1223 719 1266 per
741 1207 940 1251 amicitiae
963 1205 1253 1250 sinceritatem
1276 1220 1366 1248 non
1388 1215 1498 1249 esset
1516 1205 1640 1251 aliud

254 1281 382 1340 hujus
400 1288 443 1322 et
462 1278 583 1322 aliud
607 1277 744 1332 illius,
770 1276 845 1321 sed
868 1276 986 1336 quod
1006 1292 1058 1320 ex
1077 1275 1246 1320 cunctis
1263 1275 1388 1319 fieret
1409 1291 1548 1319 unum
1565 1311 1575 1331 ‚
1601 1285 1644 1321 et

255 1350 507 1394 universum
530 1348 803 1406 singulorum
826 1356 958 1400 esset,
985 1355 1028 1390 et
1050 1347 1195 1390 omnia
1213 1345 1409 1390 omnium
1431 1365 1440 1390 z
1465 1361 1567 1390 cum
1583 1347 1646 1391 vi-

255 1420 458 1463 deremur
476 1418 601 1462 nobis
625 1432 713 1461 esse
733 1432 857 1476 posse
875 1415 1025 1460 decem
1049 1414 1186 1459 ferme
1207 1416 1404 1460 homines
1426 1416 1471 1459 in
1492 1415 1645 1461 eadem

254 1491 458 1535 societate
476 1524 487 1544 ‚
515 1498 745 1547 essentque
782 1488 895 1531 inter
927 1502 1004 1531 nos
1040 1486 1307 1545 praedivites,
1347 1487 1644 1532 Romanianus

258 1562 438 1605 maxime
461 1560 786 1618 communiceps
822 1567 966 1602 noster
982 1593 992 1613 ‚
1026 1573 1157 1617 quem
1188 1567 1292 1602 tunc
1332 1573 1480 1617 graves
1515 1567 1644 1603 aestus

255 1632 529 1690 negotiorum
553 1644 731 1673 suorum
749 1628 804 1672 ad
821 1629 1077 1672 comitatum
1095 1637 1376 1683 attraxerant,
1398 1629 1450 1672 ab
1465 1628 1645 1674 ineunte

256 1712 381 1746 {etate
403 1702 510 1745 mihi
527 1699 908 1745 familiarissimus:
931 1699 1006 1759 qui
1029 1700 1213 1743 maxime
1230 1699 1421 1743 instabat
1444 1700 1547 1744 huic
1563 1701 1640 1756 rei,

257 1782 299 1817 et
318 1786 519 1830 magnam
543 1772 588 1814 in
604 1770 828 1814 suadendo
850 1769 1043 1814 habebat
1059 1769 1362 1814 auctoritatem
1377 1804 1388 1825 ‚
1416 1769 1537 1829 quod
1558 1785 1645 1814 am-

258 1843 330 1903 pla
351 1858 417 1886 res
441 1843 533 1901 ejus
560 1840 749 1885 multum
775 1840 942 1884 caeteris
964 1840 1157 1883 anteibat
1178 1859 1188 1884 ;
1209 1849 1252 1883 et
1272 1839 1496 1899 placuerat
1518 1840 1644 1885 nobis

258 1923 308 1957 ut
331 1913 422 1956 bini
445 1911 580 1955 annui
603 1920 813 1970 tanquam
841 1910 1114 1968 magistratus
1135 1910 1279 1954 omnia
1309 1910 1546 1954 necessaria
1566 1926 1645 1955 cu-

258 1994 428 2038 rarent,
455 1982 618 2026 caeteris
644 1981 815 2041 quietis.
845 1980 928 2026 Sed
951 1990 1232 2040 posteaquam
1263 1981 1396 2039 coepit
1429 1982 1609 2039 cogitari
1628 2017 1639 2037 ,

259 2065 409 2099 utrum
432 2055 514 2097 hoc
532 2051 801 2096 mulierculae
822 2052 1014 2096 sinerent
1031 2086 1041 2105 ‚
1065 2066 1173 2111 quas
1190 2061 1233 2095 ct
1256 2051 1326 2095 alii
1344 2060 1540 2096 nostrum
1552 2053 1644 2112 jam

260 2124 509 2177 habebant,
544 2133 587 2166 et
615 2138 692 2166 nos
715 2122 874 2166 habere
896 2121 1172 2176 volebamus,
1197 2130 1339 2165 totum
1370 2121 1481 2166 illud
1507 2121 1644 2182 placi-

261 2205 355 2239 tum
376 2194 496 2254 quod
518 2194 630 2236 bene
646 2191 943 2236 formabamus
958 2227 968 2247 ‚
995 2191 1179 2236 dissiluit
1201 2192 1246 2236 in
1268 2192 1489 2248 manibus,
1511 2202 1643 2252 atque

260 2264 533 2309 confractum
558 2273 600 2307 et
618 2263 838 2323 abjectum
860 2271 938 2306 est.
965 2261 1073 2306 Inde
1096 2263 1152 2307 ad
1169 2263 1350 2322 suspiria
1371 2272 1415 2306 et
1437 2263 1638 2320 gemitus,

262 2345 303 2378 et
335 2349 500 2392 gressus
522 2333 574 2377 ad
602 2332 842 2392 sequendas
863 2332 970 2377 latas
993 2341 1035 2376 et
1058 2332 1178 2376 tritas
1199 2332 1287 2377 vias
1318 2332 1492 2390 saeculi3
1526 2348 1640 2392 quo-

260 2405 377 2448 niam
390 2403 548 2446 *multae
570 2402 850 2462 cogitationes
866 2411 989 2447 erant
1008 2403 1054 2446 in
1075 2401 1206 2447 corde
1226 2411 1390 2458 nostro,
1410 2402 1640 2447 consilium

262 2483 406 2518 autem
428 2482 554 2517 tuum
590 2483 737 2518 manet
759 2474 803 2517 in
827 2476 1079 2518 aeternum1.
1112 2476 1177 2518 Ex
1209 2488 1298 2533 quo
1320 2473 1498 2519 consilio
1519 2473 1637 2518 deri-

312 2576 319 2591 1
342 2569 405 2600 mal
442 2580 536 2607 xrxn,
557 2580 604 2600 11.
