1871 3162
304 193 385 230 130
732 202 764 231 s.
802 205 1031 232 AUGUSTINI
1063 205 1242 231 muscum

295 269 500 327 potentiae
522 284 632 322 suae,
658 270 777 329 quod
801 279 911 313 esset
928 284 1004 327 per
1021 269 1136 326 leges
1157 268 1380 312 illicitum:
1400 267 1554 310 restitit
1575 266 1678 323 Aly-

295 337 389 396 pius
409 356 418 382 :
443 338 704 396 promissum
727 350 787 382 est
810 341 1068 396 praemium3
1102 338 1233 381 irrisit
1250 338 1395 381 animo
1422 356 1430 380 :
1454 344 1679 396 praetentae

293 408 448 464 minae3
473 407 675 451 calcavit:
695 408 953 451 mirantibus
975 407 1179 451 omnibus
1198 408 1447 451 inusitatam
1470 406 1675 460 animam,

293 492 394 537 quae
410 477 632 522 hominem
652 486 847 532 tantum,
873 487 917 521 et
937 478 1328 522 innumerabilibus
1348 475 1583 536 praestandi
1602 491 1681 520 no·

293 548 510 609 cendique
521 548 660 593 modis
675 549 842 606 ingenti
858 548 973 593 fama
992 548 1276 603 celebratum,
1294 548 1363 593 vel
1379 549 1567 591 amicum
1589 562 1679 591 non

291 628 476 679 optaret,
500 618 570 663 vel
593 634 683 664 non
700 618 955 663 formidaret
976 619 1218 664 inimicum.
1247 622 1343 678 Ipse
1365 627 1510 662 autem
1524 616 1675 677 judex,

293 691 364 734 cui
397 689 664 734 consiliarius
697 699 813 745 erat,
851 690 1049 750 quamvis
1082 699 1126 734 et
1158 690 1248 748 ipse
1280 689 1373 732 fieri
1395 687 1553 741 nollet,
1590 702 1680 732 non

292 769 436 804 tamen
455 768 602 819 aperte
624 760 874 805 recusabat:
891 759 967 804 sed
987 761 1034 804 in
1049 760 1182 804 istum
1204 757 1376 804 causam
1399 757 1676 813 transferens,

290 831 346 875 ab
367 846 420 875 eo
441 846 486 875 se
505 846 595 875 non
613 831 804 890 permitti
826 831 1040 875 asserebat
1057 852 1068 889 3
1085 832 1188 891 quia
1204 840 1248 875 et
1269 846 1417 874 revera
1434 830 1469 874 si
1502 830 1593 888 ipse
1613 828 1676 873 fa-

290 911 407 946 ceret
425 937 436 957 ,
461 902 540 945 iste
563 902 818 946 discederet.
850 903 944 946 Hoc
965 901 1059 947 solo
1082 911 1228 946 autem
1256 917 1368 961 pene
1397 902 1484 961 jam
1512 898 1679 944 illectus

291 982 388 1018 erat
402 972 546 1018 studio
570 971 806 1028 litterario,
842 983 892 1017 ut
923 974 1071 1032 pretiis
1103 973 1373 1032 praetorianis
1395 971 1566 1016 codices
1599 971 1680 1014 sibi

291 1045 583 1089 conficiendos
606 1054 798 1089 curaret:
817 1043 893 1088 sed
915 1044 1112 1088 consulta
1131 1043 1298 1103 justitia
1319 1042 1680 1087 deliberationem

293 1115 335 1158 in
357 1113 512 1158 melius
544 1115 675 1158 vertit
693 1135 704 1171 3
728 1112 947 1157 utiliorem
963 1114 1167 1173 judicans
1189 1113 1444 1172 aequitatem
1466 1128 1552 1172 qua
1573 1127 1677 1170 pro·

291 1185 547 1239 hibebatur,
573 1199 704 1244 quam
726 1193 985 1243 potestatem
1019 1200 1106 1244 qua
1135 1184 1372 1228 sinebatur.
1405 1187 1593 1227 Parvum
1617 1192 1680 1227 est

292 1257 375 1300 hoc
396 1274 405 1299 :
429 1253 506 1299 sed
527 1255 602 1314 qui
625 1255 668 1298 in
694 1270 827 1314 parvo
850 1254 989 1298 fidelis
1011 1263 1075 1298 est
1092 1289 1104 1308 ‚
1134 1262 1177 1297 et
1196 1254 1242 1297 in
1266 1269 1424 1312 magno
1442 1253 1580 1297 fidelis
1597 1262 1674 1297 est.

288 1324 490 1371 Necaullo
512 1324 644 1368 modo
668 1324 750 1368 erit
770 1324 922 1378 inane,
941 1323 1063 1383 quod
1080 1322 1135 1367 de
1158 1333 1246 1367 tuae
1268 1323 1461 1367 veritatis
1479 1338 1552 1367 ore
1574 1338 1680 1382 pro-

290 1394 415 1440 cessit
436 1414 445 1440 :
474 1413 494 1436 «
513 1395 556 1439 Si
571 1394 617 1438 in
639 1394 801 1454 injusto
822 1409 1072 1438 mammona
1086 1393 1236 1438 fideles
1258 1409 1348 1438 non
1361 1393 1503 1438 fuistis
1523 1413 1533 1440 z
1559 1393 1680 1454 quod

293 1484 313 1507 »
348 1480 501 1509 verum
524 1473 587 1508 est
604 1465 701 1525 quis
717 1463 862 1508 credet
884 1464 1039 1509 vobis?
1061 1467 1118 1508 Et
1140 1465 1174 1508 si
1195 1465 1241 1508 in
1259 1464 1401 1515 alieno
1419 1463 1569 1508 fideles
1589 1479 1679 1508 non

291 1555 311 1578 ι)
346 1536 509 1581 fuistis:
532 1534 653 1595 quod
672 1544 866 1580 vestrum
887 1544 952 1579 est
972 1534 1068 1594 quis
1090 1534 1214 1579 dabit
1234 1534 1452 1580 vobis1?»
1477 1534 1588 1578 Talis
1605 1533 1677 1578 ille

290 1617 394 1652 tunc
428 1606 669 1650 inhaerebat
693 1606 838 1669 mihi,
871 1620 1134 1666 mecumque
1166 1605 1353 1650 nutabat
1382 1606 1429 1649 in
1468 1604 1676 1661 consilio,

287 1679 488 1739 quisnam
509 1685 618 1721 esset
634 1675 849 1720 tenendus
869 1676 971 1720 vitae
993 1676 1166 1720 modus.

346 1751 488 1794 XVII.
518 1747 751 1793 Nebridius
776 1749 909 1792 etiam
925 1783 937 1804 ,
961 1748 1038 1808 qui
1061 1747 1210 1791 relicta
1238 1747 1375 1806 patria
1403 1747 1544 1791 vicina
1573 1749 1679 1792 Car-

289 1820 477 1880 thagini,
501 1828 632 1880 atque
658 1819 751 1879 ipsa
773 1819 1036 1877 Carthagine
1061 1818 1137 1862 ubi
1158 1817 1537 1877 frequentissimus
1559 1826 1673 1872 erat,

289 1892 438 1936 relicto
470 1905 569 1934 rure
599 1898 780 1949 paterno
809 1890 1003 1949 optimo,
1037 1888 1187 1933 relicta
1219 1887 1351 1933 domo
1374 1897 1418 1933 et
1440 1903 1530 1932 non
1550 1903 1678 1932 secu-

290 1971 386 2006 tura
407 1970 566 2015 matre,
589 1959 756 2004 nullam
778 1960 835 2004 ob
860 1958 990 2004 aliam
1018 1974 1193 2003 causam
1215 1955 1517 2003 Mediolanum
1543 1973 1677 2002 vene-

290 2043 381 2089 rat,
401 2032 483 2077 nisi
503 2041 551 2076 ut
578 2046 749 2075 mecum
776 2031 941 2076 viveret
967 2030 1013 2073 in
1032 2029 1365 2089 flagrantissimo
1397 2028 1543 2074 studio
1567 2030 1678 2072 veri-
1731 2064 1737 2067 .

293 2104 387 2148 tatis
432 2112 563 2163 atque
604 2101 824 2161 sapientiae
862 2120 871 2145 :
906 2100 1068 2159 pariter
1116 2100 1361 2159 suspirabat
1378 2135 1388 2155 ‚
1430 2100 1678 2159 pariterque
1735 2115 1739 2118 ·

288 2174 532 2219 fluctuabat
548 2208 559 2227 ‚
584 2172 719 2215 beatae
735 2171 837 2215 vitae
862 2170 1092 2231 inquisitor
1110 2169 1287 2225 ardens,
1314 2179 1356 2214 et
1379 2171 1673 2230 quaestionum

289 2244 645 2289 difficillimarum
667 2250 880 2286 scrutator
915 2242 1165 2285 acerrimus.
1202 2243 1258 2284 Et
1290 2250 1412 2284 erant
1441 2256 1514 2285 ora
1544 2241 1675 2284 trium

291 2316 530 2374 egentium,
546 2323 589 2358 et
610 2313 800 2372 inopiam
822 2327 944 2356 suam
961 2311 1135 2355 sibimet
1151 2311 1335 2355 invicem
1354 2310 1672 2366 anhelantium,

293 2395 335 2429 et
358 2402 381 2429 a
407 2395 449 2429 te
479 2383 801 2444 expectantium
817 2419 828 2438 ,
849 2392 900 2427 ut
921 2382 1044 2426 dares
1072 2382 1131 2426 eis
1153 2397 1292 2426 escam
1316 2381 1361 2425 in
1379 2390 1574 2441 tempore
1596 2396 1675 2440 op-

294 2464 498 2516 portuno.
526 2458 582 2499 Et
602 2454 648 2497 in
685 2453 801 2498 omni
831 2451 1120 2496 amaritudine
1142 2468 1241 2510 quae
1264 2461 1431 2496 nostros
1453 2451 1676 2496 saeculares

345 2548 352 2561 1
375 2543 453 2572 Luc.
476 2551 542 2580 xvi,
567 2549 682 2572 10-1'2.
