1871 3162
610 235 929 262 CONFEssmNUM
947 250 957 271 ,
992 235 1074 261 Lis.
1112 236 1172 261 ix.
1484 228 1566 263 200

188 415 1499 435 mmmmmmmmmmmmmmmmmm
1503 417 1571 434 mx

712 550 926 601 CAPUT
962 552 1075 598 VII.

187 703 530 750 Ecclesz'ascz'ci
555 713 729 751 cantas
762 706 993 750 institutio
1024 702 1314 750 Mediolani.
1351 705 1572 750 Iuventio

317 789 570 834 corporum
592 784 871 820 sanctorum
891 775 1111 821 Protasz'i
1129 783 1175 820 et
1198 773 1433 820 Gervasz'z'.

245 934 342 977 XV.
377 935 473 979 Non
490 931 619 992 longe
636 942 831 993 coeperat
857 932 1193 978 Mediolanensis
1220 931 1413 977 Ecclesia
1446 946 1579 990 genus

187 1003 271 1048 hec
298 1003 605 1049 consolationis
637 1014 680 1048 et
711 1004 1020 1049 exhortationis
1043 1003 1280 1059 celebrare,
1305 1018 1465 1062 magno
1484 1011 1579 1047 stu-

188 1073 262 1118 dio
293 1073 479 1119 fratrum
511 1075 834 1119 concinentium
864 1074 1044 1119 vocibus
1059 1083 1102 1118 et
1119 1073 1340 1119 cordibus.
1363 1073 1578 1118 Nimirum

188 1158 326 1187 annus
345 1153 451 1198 erat,
476 1153 551 1189 aut
572 1160 661 1189 non
679 1144 819 1188 multo
844 1144 1047 1202 amplius,
1066 1160 1169 1188 cum
1192 1145 1360 1187 Justina
1381 1142 1579 1186 Valenti-

187 1214 304 1257 niani
326 1215 436 1273 regis
458 1215 582 1272 pueri
604 1223 757 1269 mater,
779 1214 1003 1258 hominem
1026 1223 1152 1257 tuum
1178 1213 1458 1258 Ambrosium
1477 1228 1578 1272 per-

188 1293 441 1344 sequeretur
476 1284 648 1328 haeresis
682 1299 769 1327 suae
807 1299 958 1338 causa,
1011 1299 1098 1344 qua
1135 1282 1277 1327 fuerat
1309 1283 1486 1328 seducta
1525 1284 1580 1327 ab

188 1354 373 1398 Arianis.
392 1354 652 1398 Excubabat
668 1354 739 1413 pia
757 1353 881 1413 plebs
898 1353 944 1397 in
962 1353 1172 1408 Ecclesia,
1190 1354 1300 1398 mori
1322 1363 1469 1413 parata
1486 1369 1588 1398 cum

193 1424 400 1483 episcopo
423 1438 518 1478 suo,
544 1438 667 1467 servo
688 1432 780 1468 tuo.
809 1423 878 1467 Ibi
899 1432 1037 1468 mater
1058 1439 1170 1478 mea,
1198 1422 1352 1468 ancilla
1374 1432 1464 1478 tua,
1500 1423 1588 1468 sol-

187 1493 424 1538 licitudinis
439 1503 482 1537 et
495 1493 637 1553 vigilia
645 1509 740 1537 rum
757 1494 916 1552 primas
928 1503 1095 1548 tenens,
1113 1493 1380 1538 orationibus
1392 1494 1579 1539 vivebat.

188 1566 275 1609 Nos
294 1564 437 1609 adhuc
454 1564 601 1622 frigidi
620 1580 643 1608 a
660 1563 803 1608 calore
823 1564 1005 1623 Spiritus
1024 1564 1105 1619 tui,
1127 1564 1423 1608 excitabamur
1436 1573 1583 1608 tamen

189 1635 364 1680 civitate
389 1636 571 1680 attonita
593 1644 725 1694 atque
747 1635 936 1680 turbata.
971 1638 1093 1679 Tunc
1115 1635 1269 1693 hymni
1296 1644 1339 1679 et
1359 1634 1513 1694 psalmi
1533 1643 1583 1679 ut

189 1715 451 1750 canerentur
484 1704 725 1750 secundum
758 1701 931 1750 morem(
957 1705 1246 1750 Orientalium
1280 1706 1485 1765 partium,
1526 1720 1582 1748 ne

189 1775 378 1836 populus
409 1776 609 1820 moeroris
630 1774 763 1819 taedio
785 1776 1125 1829 contabesceret,
1152 1776 1401 1818 institutum
1423 1783 1508 1832 est,
1539 1783 1584 1819 et

190 1862 243 1891 ex
258 1846 335 1891 illo
357 1846 401 1890 in
422 1846 685 1890 hodiernum
704 1854 938 1900 retentum,
960 1844 1108 1888 multis
1126 1845 1216 1904 jam
1240 1860 1288 1889 ac
1310 1860 1421 1904 pene
1439 1845 1582 1890 omni-

191 1919 274 1962 bus
298 1917 502 1976 gregibus
519 1918 619 1973 tuis,
647 1926 689 1961 et
709 1932 786 1976 per
801 1924 957 1960 caetera
980 1916 1095 1960 orbis
1113 1916 1400 1960 imitantibus.

248 1989 369 2032 XVI.
407 1989 530 2030 Tunc
544 1994 785 2030 memorato
804 1985 984 2029 antistiti
1005 1994 1083 2030 tuo
1098 2001 1176 2045 per
1197 1988 1337 2031 visum
1356 1987 1576 2045 aperuisti,

190 2073 279 2118 quo
300 2056 398 2102 loco
419 2056 605 2101 laterent
635 2058 880 2113 Martyrum
904 2071 1085 2116 corpora
1108 2056 1288 2101 Protasii
1310 2065 1353 2100 et
1370 2057 1577 2112 Gervasii,

193 2145 292 2190 quae
325 2143 403 2188 per
434 2136 501 2172 tot
523 2142 658 2172 annos
679 2127 932 2186 incorrupta
953 2127 999 2170 in
1022 2127 1225 2171 thesauro
1246 2127 1398 2172 secreti
1420 2128 1484 2171 tui
1510 2143 1581 2172 re-

192 2198 464 2253 condideras,
488 2197 607 2242 unde
629 2206 875 2257 opportune
894 2212 1112 2257 promeres
1133 2198 1188 2242 ad
1210 2197 1492 2243 coercendam
1516 2214 1582 2244 ra-

192 2269 311 2314 biem
336 2268 606 2324 foemineam,
636 2266 711 2312 sed
733 2268 909 2327 regiam.
938 2269 1051 2313 Cum
1074 2268 1189 2312 enim
1206 2268 1429 2328 propalata
1450 2277 1494 2313 et
1510 2269 1578 2313 ef-

194 2338 306 2385 fossa
328 2338 462 2398 digno
484 2354 585 2383 cum
605 2339 772 2383 honore
799 2338 1137 2382 transferrentur
1165 2336 1222 2382 ad
1249 2339 1600 2386 Ambrosianam‘

194 2409 431 2464 basilicam,
464 2424 553 2453 non
587 2407 727 2453 solum
756 2423 865 2467 quos
898 2406 1114 2452 immundi
1143 2408 1359 2452 vexabant
1380 2409 1578 2468 spiritus,

196 2480 400 2525 confessis
435 2479 596 2522 eisdem
624 2477 899 2522 daemonibus
934 2477 1201 2521 sanabantur
1215 2512 1226 2533 ,
1267 2492 1418 2522 verum
1451 2480 1582 2526 etiam

198 2551 377 2611 quidam
410 2548 556 2609 plures
590 2564 724 2594 annos
746 2563 886 2594 caecus
918 2548 1020 2593 civis
1046 2548 1298 2609 civitatique
1315 2550 1576 2608 notissimus,

387 2624 557 2662 cxxxu.
1398 2625 1442 2662 14
