1871 3162
531 227 882 264 CONFESSIONUM,
918 226 1000 253 Lm.
1035 225 1112 252 XII,
1444 213 1525 252 345

149 395 288 411 ‘UEMWW
292 394 358 410 ΜΊ
362 391 569 409 mmmm
574 386 1415 408 mmlvmmwuwmmmwwvmsswwz
1421 389 1485 405 §mx
1491 391 1520 405 x!

655 522 870 572 CAPUT
911 524 1020 570 XX.

288 693 351 738 In
368 693 605 752 prinezpio
622 694 825 748 creavit,
849 701 953 748 etc.‚
973 691 1090 737 varie
1113 690 1397 736 intellectum.

215 856 380 899 XXIX.
405 856 473 898 Ex
495 854 560 898 his
583 854 786 899 omnibus
807 854 917 899 veris
937 889 948 908 ‚
975 854 1031 898 de
1052 855 1212 915 quibus
1234 870 1325 900 non
1344 854 1541 899 debitam

159 941 347 985 quorum
369 925 564 969 interiori
588 925 716 969 oculo
741 925 842 970 talia
859 924 1004 969 videre
1026 925 1212 980 donasti,
1241 936 1284 969 et
1318 926 1394 985 qni
1415 928 1542 982 Moy-

160 1011 236 1039 sen
257 994 470 1039 famulum
495 1004 620 1039 tuum
642 995 688 1038 in
719 996 881 1054 Spiritu
909 996 1100 1040 veritatis
1123 996 1319 1040 locutum
1343 1011 1432 1039 esse
1460 997 1543 1039 im-

162 1066 382 1110 mobiliter
405 1065 619 1122 credunt3
654 1081 706 1110 ex
734 1066 800 1109 his
827 1080 928 1123 ergo
957 1065 1161 1110 omnibus
1184 1065 1303 1110 aliud
1328 1066 1408 1109 sibi
1432 1065 1546 1109 tollit

162 1136 239 1195 qui
268 1135 374 1179 dicit
405 1155 413 1179 z
453 1154 471 1176 «
494 1139 544 1178 In
573 1136 784 1195 principio
811 1136 914 1180 fecit
936 1139 1050 1179 Deus
1071 1134 1236 1179 coelum
1257 1144 1300 1179 et
1321 1145 1496 1190 terram,
1524 1154 1542 1176 »

163 1205 209 1249 id
232 1215 309 1260 est,
335 1208 388 1249 In
410 1206 555 1250 Verbo
577 1221 655 1250 suo
678 1207 759 1250 sibi
787 1215 1005 1250 coaeterno
1030 1204 1132 1249 fecit
1154 1208 1267 1251 Deus
1290 1205 1548 1265 intelligibi-

165 1276 249 1320 lem
272 1285 403 1334 atque
426 1276 688 1331 sensibilem,
709 1277 778 1321 vel
799 1276 1035 1336 spiritalem
1058 1276 1416 1337 corporalemque
1435 1292 1550 1321 crea-

166 1356 323 1389 turam.
350 1346 483 1390 Aliud
506 1347 581 1406 qui
600 1346 704 1390 dicit
731 1365 739 1391 z
770 1366 788 1388 «
817 1350 869 1390 In
891 1347 1104 1406 principio
1129 1346 1231 1390 fecit
1253 1350 1364 1391 Deus
1385 1346 1550 1391 coelum

171 1436 191 1459 »
218 1427 261 1460 et
281 1426 457 1472 terram,
481 1436 500 1457 »
534 1417 579 1461 id
599 1426 678 1471 est,
706 1421 756 1460 In
795 1419 939 1461 Verbo
973 1433 1051 1461 suo
1086 1418 1165 1461 sihi
1202 1427 1418 1463 coaeterno
1452 1418 1553 1462 fecit

168 1490 283 1532 Deus
300 1489 544 1531 universam
565 1488 690 1532 istam
714 1487 873 1531 molem
898 1488 1092 1546 corporei
1116 1487 1269 1531 mundi
1286 1489 1429 1548 hujus,
1452 1504 1552 1533 cum

171 1557 374 1602 omnibus
392 1573 498 1617 quas
521 1558 715 1601 continet
736 1556 972 1601 manifestis
994 1560 1194 1618 notisque
1218 1560 1397 1602 naturis.
1423 1558 1554 1603 Aliud

171 1630 243 1688 qui
266 1629 370 1673 dicit
391 1644 400 1668 t
423 1648 443 1670 «
466 1632 516 1672 In
540 1629 750 1687 principio
771 1629 874 1672 fecit
898 1631 1010 1673 Deus
1033 1629 1193 1673 coelum
1216 1639 1257 1674 et
1275 1639 1450 1684 terram,
1469 1649 1488 1671 »
1511 1629 1555 1673 id

174 1709 251 1754 est,
277 1702 328 1742 In
350 1699 495 1744 Verbo
519 1715 597 1743 suo
612 1700 693 1743 sibi
717 1709 935 1744 coaeterno
951 1700 1054 1744 fecit
1076 1703 1190 1744 Deus
1208 1700 1438 1745 informem
1461 1716 1555 1744 ma-

175 1771 327 1814 teriam
349 1779 557 1813 creaturae
579 1769 780 1829 spiritalis
802 1780 845 1814 et
873 1771 1120 1830 corporalis.
1148 1771 1279 1815 Aliud
1310 1772 1387 1832 qui
1415 1771 1517 1815 dicit
1544 1791 1552 1816 :

180 1860 201 1883 «
225 1844 276 1884 In
297 1841 508 1900 principio
537 1840 640 1884 fecit
668 1844 781 1885 Deus
809 1841 971 1902 coelum
1008 1851 1051 1886 et
1068 1852 1242 1897 terram,
1272 1861 1291 1883 »
1328 1842 1373 1886 id
1404 1853 1482 1897 est,
1508 1845 1558 1886 In

177 1911 322 1955 Verbo
346 1926 424 1954 suo
446 1911 525 1954 sibi
553 1920 770 1956 coaeterno
795 1910 897 1956 fecit
929 1915 1043 1956 Deus
1069 1913 1302 1957 informem
1335 1914 1558 1957 materiam

178 1991 386 2026 creaturae
409 1982 641 2040 corporalis
672 1981 748 2025 ubi
776 1981 1007 2026 confusum
1032 1983 1176 2027 adhuc
1208 1992 1299 2027 erat
1328 1984 1488 2028 coelum
1518 1994 1561 2027 et

179 2063 308 2107 terra,
343 2067 441 2112 quae
470 2067 588 2096 nunc
614 2054 703 2111 jam
737 2051 940 2097 distincta
982 2062 1112 2113 atque
1148 2053 1335 2099 formata
1364 2056 1408 2098 in
1443 2055 1561 2099 istius

180 2123 331 2167 mundi
354 2122 468 2166 mole
490 2123 712 2167 sentimus.
738 2123 868 2167 Aliud
892 2125 966 2184 qui
989 2124 1092 2169 dicit
1114 2141 1123 2168 .·
1147 2144 1164 2166 «
1193 2129 1244 2169 In
1259 2126 1472 2185 principio
1496 2126 1562 2169 fe-

185 2213 205 2235 »
241 2193 303 2237 cit
325 2197 438 2236 Deus
474 2193 637 2237 coelum
664 2203 706 2237 et
740 2203 899 2238 terram
920 2230 930 2249 ,
959 2212 979 2234 »
1006 2195 1049 2238 id
1073 2204 1157 2248 est,
1196 2196 1354 2254 Inipso
1384 2197 1561 2240 exordio

183 2262 371 2308 faciendi
396 2273 526 2323 atque
559 2264 784 2322 operandi,
819 2264 925 2308 fecit
942 2268 1054 2309 Deus
1084 2265 1317 2310 informem
1335 2269 1560 2311 materiam

186 2332 364 2378 confuse
385 2334 617 2378 habentem
639 2334 802 2378 coelum
825 2344 867 2378 et
890 2345 1048 2380 terram
1067 2357 1077 2392 3
1104 2338 1222 2380 unde
1245 2337 1428 2381 formata
1447 2354 1564 2382 nunc

187 2405 378 2447 eminent
400 2413 441 2447 et
459 2414 693 2462 apparent,
720 2420 818 2448 cum
838 2406 1040 2449 omnibus
1058 2422 1156 2465 quae
1179 2407 1222 2449 in
1245 2408 1305 2450 eis
1327 2417 1443 2452 sunt.
