1871 3162
253 211 341 252 554
529 259 531 261 ¹
857 228 1005 254 INDEX.

290 293 394 326 CAPUT
439 301 482 324 rx.
508 292 621 323 Odium
650 292 851 334 litterarum,
876 304 964 325 amor
987 295 1071 326 lusus
1089 319 1097 335 ‚
1128 298 1160 325 et
1186 294 1354 337 vapulandi
1381 296 1479 327 timor·
1500 296 1531 327 in

558 346 676 388 pueris.
1452 361 1532 395 pag.
1582 353 1621 382 13

451 411 483 432 x.
508 402 624 434 Amore
634 401 716 434 lusus
730 406 762 434 et
772 402 1028 444 spectaculorum
1039 408 1192 436 avocatur
1202 415 1220 437 a
1232 404 1409 437 litterarum
1420 405 1535 437 studio.
1583 407 1624 436 15

442 466 487 489 n.
511 456 623 489 Morbo
640 467 764 499 pressus
776 457 966 500 baptismum
978 457 1111 501 flagitat,
1128 470 1223 502 quem
1238 465 1341 493 mater
1358 465 1448 493 certo
1464 471 1538 493 con-

557 513 625 544 silio
642 512 766 545 differt.
1583 518 1624 548 16

432 566 489 599 xri.
513 567 565 599 Ad
583 567 705 599 litteras
721 567 916 610 cogebatur,
933 579 996 612 quo
1012 573 1119 602 tamen
1136 573 1220 603 Deus
1233 571 1384 605 utebatur
1402 571 1498 605 hene.
1585 573 1627 602 17

415 631 488 654 xm.
513 622 631 660 Quibus
648 623 758 655 studiis
777 624 974 666 potissimum
990 625 1032 657 sit
1044 625 1233 659 delectatus.
1583 628 1626 658 18

421 687 487 709 nv.
512 677 650 710 Litteras
671 689 790 720 graecas
802 680 929 713 oderat.
1584 681 1628 714 20

430 740 485 764 xv.
510 732 657 764 Precatio
676 733 717 765 ad
731 735 845 766 Deum.
1583 737 1624 766 21

418 795 484 818 xV1.
508 787 675 829 Improbat
692 788 821 820 modum
830 788 1013 829 juventutis
1027 790 1222 823 erudiendae.
1584 789 1628 821 22

408 850 486 877 xvu.
510 843 714 885 Prosequitur
745 847 858 879 contra
887 844 1016 878 modum
1043 846 1229 881 exercendae
1253 845 1431 887 juventutis
1450 845 1484 878 in
1504 855 1541 879 re

553 897 721 932 litteraria.
1585 900 1629 933 24

392 963 484 987 xvm.
508 955 597 993 Quod
621 955 764 988 homines
780 959 893 988 curant
921 966 1051 989 servare
1078 956 1163 999 leges
1180 958 1460 999 grammaticorum
1474 982 1481 996 ,
1507 961 1541 989 et

553 1021 617 1042 non
635 1010 816 1044 divinorum
836 1015 1083 1054 praeceptorum.
1584 1013 1627 1043 25

413 1075 481 1098 xrx.
507 1066 655 1098 Pueritiae
672 1067 750 1099 vitia
766 1077 834 1109 quae
856 1067 887 1100 in
903 1067 1042 1108 majores
1063 1071 1172 1100 aetates
1187 1071 1365 1100 transeunt.
1585 1068 1628 1099 26

430 1131 486 1155 xx.
510 1123 570 1154 Pro
588 1122 678 1155 bonis
693 1122 754 1155 sibi
766 1123 797 1156 in
819 1123 958 1166 pueritia
981 1123 1103 1157 collatis
1117 1126 1184 1156 Deo
1200 1123 1316 1165 gratias
1334 1124 1410 1165 agit.
1587 1123 1629 1154 28

244 1394 305 1430 Ad
327 1399 474 1432 aetatem
501 1396 607 1432 aliam
631 1398 897 1444 progreditur,
928 1399 1167 1445 primumque
1200 1399 1452 1435 adolescentiae
1477 1409 1571 1441 suae,
1590 1399 1626 1434 id

291 1460 364 1498 est,
384 1456 739 1492 sextum-decimum
766 1458 853 1492 vitae
885 1468 1024 1494 annum
1044 1468 1157 1503 quem
1186 1457 1222 1492 in
1241 1465 1393 1503 paterna
1415 1458 1524 1493 domo
1546 1463 1624 1492 stu-

290 1513 358 1550 diis
380 1514 596 1550 intermissis
621 1522 903 1561 consumpserat
920 1517 1029 1561 genio
1055 1527 1096 1551 ac
1112 1516 1324 1551 libidinibus
1341 1516 1535 1561 indulgens
1549 1542 1559 1559 ,
1580 1517 1626 1551 ad

288 1578 451 1608 mentem
467 1580 619 1610 revocat
636 1584 722 1610 eum
749 1575 851 1619 gravi
874 1575 1002 1610 dolore
1015 1602 1024 1616 ,
1047 1585 1200 1610 severus
1217 1575 1418 1610 admodum
1435 1576 1473 1610 in
1491 1575 1624 1621 dijudi-

289 1631 407 1666 cando
425 1631 524 1667 furto
543 1642 562 1664 a
579 1642 617 1666 se
635 1638 722 1667 tunc
742 1633 925 1676 temporis
941 1642 1030 1669 cum
1047 1633 1232 1667 sodalibus
1250 1638 1485 1678 perpetrato.

300 1764 403 1796 Cum·
457 1773 479 1794 1.
506 1760 737 1794 Adolescentiae
754 1763 884 1794 aetatem
903 1766 935 1794 et
948 1762 1026 1794 vitia
1047 1762 1173 1795 recolit.
1583 1767 1626 1798 29

445 1828 481 1850 n.
505 1818 630 1850 Annum
646 1817 749 1849 aetatis
766 1828 828 1850 suae
858 1817 1163 1850 decimum-sextum
1178 1818 1211 1850 in
1228 1817 1344 1851 ardore
1369 1818 1539 1852 libidinoso

550 1876 787 1914 consumptum.
1583 1876 1625 1907 30

438 1929 483 1960 in.
508 1929 555 1960 De
567 1927 824 1970 peregrinatione
847 1927 1022 1960 studiorum
1038 1937 1133 1960 causa
1151 1931 1186 1960 et
1202 1928 1244 1960 de
1263 1932 1431 1971 parentum
1451 1939 1530 1971 pro-

549 1983 664 2025 posito.
1581 1986 1624 2017 32

436 2049 479 2072 lv.
505 2041 635 2072 Furtum
651 2050 725 2072 cum
738 2038 895 2071 sodalibus
912 2043 1153 2081 perpetratum.
1582 2043 1625 2072 35

444 2106 477 2127 v.
503 2095 670 2127 Neminem
684 2105 824 2137 peccare
837 2095 906 2129 sine
918 2105 1026 2128 causa.
1580 2098 1622 2129 36

433 2161 479 2184 vx.
506 2150 622 2183 Omnia
634 2162 703 2193 quae
718 2151 796 2184 boni
812 2151 920 2193 specie
931 2150 972 2183 ad
985 2150 1062 2182 vitia
1076 2150 1212 2183 invitant
1225 2175 1235 2191 ‚
1252 2150 1284 2182 in
1303 2150 1370 2183 solo
1381 2153 1448 2183 Deo
1465 2161 1533 2183 esse

548 2217 628 2239 vera
647 2211 682 2239 et
697 2206 857 2250 perfecta.
1580 2209 1622 2238 37

426 2261 481 2296 vil.
508 2263 634 2297 Gratias
650 2263 716 2304 agit
733 2265 799 2295 Deo
817 2273 875 2305 pro
893 2262 1076 2295 remissione
1099 2266 1325 2304 peecatorum,
1349 2262 1497 2304 quodque
1514 2273 1532 2294 a

549 2319 655 2351 multis
670 2323 815 2351 servatus
828 2319 880 2351 sit.
1577 2319 1620 2350 40

413 2383 477 2413 viu.
502 2374 633 2406 Amavit
647 2374 678 2406 in
696 2374 784 2406 furto
801 2373 997 2406 consortium
1021 2372 1111 2405 simul
1126 2372 1343 2415 peccantium.
1579 2375 1619 2403 41

430 2438 476 2461 ιι.
501 2429 688 2470 Contagiosa
708 2439 758 2460 res
774 2428 897 2460 sodales
917 2427 1001 2460 mali.
1579 2428 1621 2458 42

443 2493 476 2515 x.
501 2486 536 2517 In
553 2487 619 2517 Deo
632 2495 726 2517 omne
745 2484 878 2517 bonum.
1579 2483 1620 2513 43
