1871 3162
574 266 949 306 souLononuu,
985 267 1067 294 Lm.
1102 268 1151 293 11.
1464 254 1548 295 455

171 337 286 380 inter
302 335 416 394 ipsos
432 333 630 377 differret
644 368 655 389 ‚
676 342 720 377 et
740 347 812 377 eos
829 347 937 392 quos
958 331 1244 391 expergefacti
1264 347 1312 376 ac
1332 332 1425 376 sani
1446 332 1554 377 allo-

173 405 351 466 quimur
367 413 412 448 et
429 402 644 458 videmus,
679 402 1000 463 numquidnam
1033 417 1106 446 eos
1122 399 1252 446 falsos
1278 401 1521 447 diceremus
1538 405 1555 447 ἱ)

173 478 226 519 Α.
253 477 351 527 Quo
385 481 513 531 pacto
542 472 660 517 istud
681 481 796 516 recte
819 473 1070 517 diceretur?
1089 475 1142 516 R.
1175 474 1292 530 Ergo
1321 472 1355 515 si
1389 487 1440 516 eo
1465 473 1557 516 veri

175 552 334 598 essent,
352 558 441 602 quo
465 542 556 587 veri
582 541 790 587 simillimi
810 551 1071 602 apparerent
1085 578 1096 597 ,
1130 541 1326 601 nihilque
1352 542 1464 586 inter
1486 558 1558 587 eos

176 624 220 659 et
234 629 357 659 veros
372 614 550 658 omnino
565 613 764 669 distaret,
791 629 931 673 eoque
951 612 1048 657 falsi
1061 628 1150 672 quo
1169 628 1246 672 per
1260 612 1354 657 illas
1370 612 1442 657 vel
1458 613 1560 657 alias

177 684 443 729 differentias
474 683 699 727 dissimiles
721 684 1106 739 convincerentur,
1131 699 1279 727 nonne
1313 683 1562 728 similitudi-

177 769 275 798 nem
303 754 497 798 veritatis
528 761 708 797 matrem
725 787 736 809 ,
762 761 805 796 et
827 752 1223 798 dissimilitudinem
1254 752 1452 798 falsitatis
1474 768 1563 798 esse

179 823 406 869 fatendum
429 825 522 867 est?
550 826 602 867 Α.
628 826 725 868 Νοη
761 822 902 868 habeo
922 823 1030 884 quid
1051 824 1194 868 dicam
1210 858 1221 879 ‚
1253 833 1296 868 et
1329 823 1467 883 pudet
1492 839 1564 868 me

179 904 269 939 tam
294 894 532 938 temerariae
549 894 843 939 consensionis
866 910 975 939 meae
997 894 1242 954 superioris.

238 966 359 1007 XIV.
385 966 439 1007 R.
465 963 719 1008 Ridiculum
741 974 805 1010 est
819 964 854 1009 si
871 965 1024 1024 pudet,
1045 965 1170 1025 quasi
1191 980 1282 1010 non
1303 964 1361 1010 ob
1378 963 1569 1024 idipsum

182 1034 439 1092 elegerimus
470 1033 724 1094 hujusmodi
758 1036 1165 1091 sermocinationes,
1204 1050 1328 1095 quae,
1360 1035 1571 1095 quoniam

183 1119 285 1149 cum
319 1103 419 1148 solis
447 1104 573 1148 nobis
604 1104 850 1164 loquimur,
890 1104 1126 1166 Soliloquia
1158 1105 1305 1151 vocari
1330 1114 1375 1150 et
1396 1104 1573 1151 inscribi

185 1175 307 1230 volo,
333 1189 447 1219 novo
480 1175 658 1234 quidem
675 1184 719 1220 et
739 1175 918 1220 fortasse
940 1175 1052 1221 duro
1078 1177 1256 1221 nomine
1271 1211 1283 1233 ,
1309 1175 1384 1220 sed
1406 1176 1462 1221 ad
1482 1190 1575 1221 rem

187 1245 571 1290 demonstrandam
598 1245 698 1290 satis
732 1245 907 1292 idoneo.
946 1249 1060 1293 Cum
1093 1249 1210 1292 enim
1243 1263 1388 1308 neque
1421 1247 1578 1293 melius

187 1316 325 1376 quaeri
345 1315 502 1360 veritas
518 1317 651 1374 possit
666 1351 677 1370 ‚
698 1331 831 1376 quam
855 1317 1164 1376 interrogando
1186 1327 1228 1362 et
1252 1317 1575 1378 respondendo,

190 1397 234 1431 et
253 1387 323 1431 vix
351 1386 583 1445 quisquam
617 1387 890 1444 inveniatur,
917 1404 1048 1448 quem
1070 1405 1159 1433 non
1187 1388 1353 1449 pudeat
1379 1390 1579 1435 convinci

190 1458 488 1516 disputantem
505 1492 516 1512 ‚
544 1472 683 1516 eoque
708 1473 820 1517 pene
851 1474 1019 1519 semper
1042 1461 1233 1516 eveniat,
1271 1469 1321 1505 ut
1345 1476 1437 1505 rem
1467 1462 1581 1506 bene

192 1526 419 1571 inductam
441 1524 496 1570 ad
517 1525 841 1572 discutiendum
862 1528 1113 1574 inconditus
1138 1531 1391 1590 pervicaciae
1417 1531 1581 1576 clamor

194 1596 421 1656 explodat,
443 1597 572 1641 etiam
600 1613 701 1642 cum
722 1598 984 1645 laceratione
1014 1601 1260 1645 animorum
1278 1636 1289 1656 ,
1321 1601 1583 1662 plerumque

194 1667 461 1712 dissimulata
481 1702 492 1722 ,
519 1668 740 1712 interdum
762 1678 805 1713 et
822 1679 969 1729 aperta
986 1705 997 1724 ‚
1021 1671 1316 1730 pacatissime,
1340 1680 1390 1715 ut
1407 1671 1579 1731 opinor,

195 1748 239 1783 et
255 1738 602 1783 commodissime
619 1738 797 1796 placuit,
820 1755 843 1782 a
862 1755 932 1782 me
947 1741 1041 1799 ipso
1054 1741 1370 1800 interrogatum
1388 1743 1585 1802 mihique

198 1809 534 1869 respondentem
553 1844 564 1864 ,
589 1811 680 1854 Deo
714 1809 947 1869 adjuvante
963 1845 974 1866 ,
1013 1826 1164 1855 verum
1198 1827 1393 1872 quaerere
1417 1832 1426 1857 :
1450 1828 1585 1873 quare

198 1880 308 1924 nihil
346 1888 409 1923 est
435 1880 557 1939 quod
576 1894 770 1935 vereare,
794 1880 931 1924 sicubi
951 1889 995 1925 te
1021 1890 1184 1925 temere
1215 1881 1413 1941 illigasti,
1444 1882 1584 1927 redire

200 1959 331 2010 atque
352 1949 565 1995 resolvere
592 1969 601 1996 ε
628 1950 749 1996 aliter
769 1950 873 1996 hinc
894 1952 1011 1996 enim
1032 1951 1158 1998 evadi
1179 1968 1269 1998 non
1291 1962 1448 2012 potest.
