1871 3162
265 197 319 234 92
707 204 740 234 s.
780 206 1009 234 Aucus‘nm
1043 207 1223 233 Emscom

262 271 326 315 illi
347 270 515 315 curiosa
542 271 693 329 peritia
713 280 944 315 numerent
966 270 1109 315 stellas
1126 279 1168 314 et
1191 283 1364 313 arenam
1382 302 1392 322 ,
1419 278 1462 312 et
1506 268 1648 312 dime-

264 343 426 386 tiantur
448 340 629 384 sidereas
652 341 798 400 plagas
814 375 825 396 ‚
851 350 894 385 et
916 341 1124 398 vestigent
1144 341 1232 384 vias
1256 349 1484 383 astrorum.

323 414 397 455 IV.
420 415 567 456 Mente
590 412 704 455 enim
727 427 802 455 sua
825 421 1029 471 quaerunt
1056 412 1156 466 ista,
1193 419 1236 453 et
1257 410 1430 467 ingenio
1453 408 1574 469 quod
1601 417 1650 453 tu

263 481 420 526 dedisti
441 483 499 526 eis
521 502 529 526 ε
555 491 597 526 et
619 481 754 526 multa
777 483 1039 526 invenerunt
1060 491 1103 526 et
1120 482 1528 540 praenuntiaverunt
1549 488 1649 524 ante

262 553 423 598 multos
446 568 580 597 annos
603 552 798 597 defectus
820 552 1101 596 luminarium
1125 551 1223 596 solis
1246 551 1436 605 etlunae,
1457 565 1545 610 quo
1560 550 1646 604 die,

263 640 350 683 qua
380 625 486 668 hora
502 659 512 678 ,
554 633 717 683 quanta
739 638 789 666 ex
812 632 933 682 parte
957 621 1093 666 futuri
1115 631 1255 665 essent
1273 657 1283 676 ,
1309 635 1351 665 et
1374 636 1463 664 non
1484 636 1556 665 eos
1581 620 1650 664 fe-

264 695 376 740 fellit
398 711 604 739 numerus
621 730 631 750 ,
658 704 701 738 et
723 695 782 738 ita
804 693 969 738 factum
993 702 1057 737 est
1074 702 1124 737 ut
1145 690 1549 752 praenuntiaverunt
1576 710 1584 734 :
1608 699 1651 733 et

264 766 527 818 scripserunt
549 764 715 822 regulas
752 763 976 823 indagatas
993 798 1003 818 ,
1029 773 1073 807 et
1094 763 1301 821 leguntur
1336 760 1486 813 hodie,
1519 769 1651 819 atque

265 845 315 873 ex
333 831 390 873 eis
413 837 731 888 praenuntiatur
753 851 841 889 quo
868 850 983 879 anno
1005 844 1048 878 et
1062 849 1150 894 quo
1173 847 1319 876 mense
1342 831 1472 885 anni,
1498 839 1540 874 et
1562 845 1651 890 quo

265 901 335 945 die.
358 901 537 955 mensis,
563 910 606 945 et
628 917 715 960 qua
736 902 843 945 hora
876 900 988 956 diei,
1014 912 1057 945 et
1078 914 1212 961 quota
1244 913 1366 960 parte
1387 902 1563 945 luminis
1586 902 1649 946 sui

264 971 487 1015 defectura
510 971 564 1015 sit
593 971 697 1015 luna
720 971 788 1016 vel
810 971 896 1026 sol,
924 981 962 1015 et
988 972 1046 1015 ita
1067 972 1141 1015 fiet
1162 981 1212 1015 ut
1239 972 1572 1030 praenuntiatur.
1596 974 1654 1016 Et

264 1043 477 1086 mirantur
496 1044 588 1086 haec
608 1043 806 1086 homines
827 1052 870 1086 et
887 1052 1065 1101 stupent
1082 1042 1158 1101 qui
1181 1042 1382 1086 nesciunt
1398 1057 1463 1097 ea,
1481 1050 1525 1086 et
1539 1042 1653 1085 exul-

265 1121 360 1156 tant
383 1122 512 1172 atque
539 1112 808 1157 extolluntur
827 1114 903 1173 qui
925 1113 1090 1169 sciunt,
1116 1122 1158 1156 et
1187 1128 1262 1171 per
1283 1112 1463 1171 impiam
1498 1128 1652 1171 super-

265 1183 382 1226 biam
404 1181 652 1227 recedentes
675 1191 718 1227 et
752 1182 1001 1227 deficientes
1024 1199 1046 1227 a
1073 1182 1239 1226 lumine
1262 1191 1338 1227 tuo
1356 1217 1367 1237 ,
1393 1191 1516 1227 tanto
1554 1191 1653 1227 ante

264 1252 363 1297 solis
388 1252 610 1296 defectum
631 1251 832 1297 futurum
854 1253 1097 1312 praevident
1115 1288 1125 1308 ,
1151 1262 1194 1296 et
1214 1254 1258 1297 in
1275 1254 1503 1312 praesentia
1524 1268 1653 1297 suum

264 1337 353 1367 non
373 1322 539 1367 vident.
572 1326 670 1369 Non
701 1324 817 1367 enim
855 1324 1052 1383 religiose
1083 1332 1289 1383 quaerunt
1322 1323 1439 1367 unde
1461 1321 1654 1367 habeant

263 1393 486 1451 ingenium
501 1408 590 1453 quo
606 1394 686 1438 ista
703 1403 924 1452 quaerunt.
949 1396 1005 1438 Et
1025 1394 1293 1437 invenientes
1315 1394 1417 1452 quia
1439 1403 1489 1437 tu
1509 1393 1653 1437 fecisti

264 1478 335 1507 eos
349 1498 360 1514 ‚
386 1479 475 1505 non
496 1464 576 1520 ipsi
598 1463 705 1505 dant
726 1462 807 1504 tibi
829 1477 872 1505 se
887 1471 935 1506 ut
956 1477 1096 1506 serves
1112 1462 1234 1521 quod
1255 1461 1420 1520 fecisti3
1443 1472 1486 1507 et
1503 1463 1653 1522 quales

263 1545 308 1574 se
328 1530 411 1589 ipsi
433 1529 640 1585 fecerant,
663 1530 871 1575 occidunt
886 1546 930 1575 se
949 1532 1052 1586 tibi,
1072 1540 1116 1575 et
1135 1532 1355 1576 trucidant
1374 1533 1655 1579 exaltationes

264 1615 360 1644 suas
377 1601 488 1645 sicut
502 1600 719 1657 volatilia3
743 1610 786 1644 et
808 1601 1075 1644 curiositates
1098 1616 1195 1645 suas
1217 1602 1328 1645 sicut
1343 1603 1479 1661 pisces
1504 1604 1649 1659 maris,

264 1672 424 1731 quibus
455 1671 763 1730 perambulant
793 1680 977 1715 secretas
1001 1672 1170 1716 semitas
1199 1673 1369 1730 abyssi,
1395 1682 1437 1717 et
1463 1673 1654 1719 luxurias

263 1759 360 1787 suas
381 1743 492 1787 sicut
513 1757 669 1801 pecora
685 1743 844 1801 campi,
863 1752 913 1786 ut
933 1752 998 1798 tu,
1018 1746 1131 1787 Deus
1153 1744 1262 1800 ignis
1285 1743 1408 1798 edax,
1426 1760 1654 1789 consumas

265 1822 457 1858 mortuas
480 1828 604 1857 curas
627 1828 795 1867 eorum,
821 1828 1018 1857 recreans
1037 1828 1107 1856 eos
1128 1812 1443 1857 immortaliter.

323 1885 376 1927 V.
405 1883 489 1928 Sed
520 1898 610 1927 non
631 1892 848 1926 noverunt
869 1883 982 1926 viam
1000 1918 1010 1937 ,
1036 1883 1233 1926 Verbum
1255 1892 1407 1938 tuum,
1435 1899 1510 1943 per
1533 1885 1655 1944 quod

264 1954 402 1998 fecisti
425 1969 473 1997 ea
495 1970 593 2013 quae
607 1963 854 2008 numerant,
874 1963 916 1997 et
932 1954 1045 2012 ipsos
1066 1954 1141 2013 qui
1156 1963 1402 2008 numerant,
1420 1963 1463 1998 et
1479 1970 1654 1998 sensum

263 2041 351 2085 quo
368 2034 555 2069 cernunt
571 2040 670 2084 quae
689 2033 938 2078 numerant,
955 2032 997 2067 et
1013 2032 1204 2067 mentem
1221 2024 1275 2067 de
1292 2039 1377 2084 qua
1394 2034 1650 2082 numerant3

266 2115 286 2138 «
320 2098 376 2139 Et
398 2096 618 2153 sapientiae
640 2104 727 2138 tuae
743 2111 833 2138 non
850 2104 913 2138 est
933 2110 1141 2138 numerus
1155 2097 1184 2137 1.
1209 2113 1227 2135 »
1254 2098 1349 2154 Ipse
1372 2105 1519 2140 autem
1546 2097 1652 2141 Uni-

262 2166 431 2224 genitus
454 2165 593 2209 sactus
614 2175 677 2209 est
699 2166 825 2209 nobis
860 2166 1070 2224 sapientia
1090 2199 1101 2219 ,
1125 2174 1167 2208 et
1198 2166 1387 2224 justitia,
1413 2176 1456 2210 et
1490 2168 1652 2211 sancti-

264 2237 463 2294 ficatio²3
489 2245 530 2279 et
563 2244 813 2279 numeratus
836 2245 899 2279 est
919 2237 1031 2279 inter
1065 2251 1168 2290 nos,
1201 2245 1244 2279 et
1275 2237 1401 2280 solvit
1437 2238 1651 2282 tributum

264 2307 462 2352 Caesariss.
498 2309 596 2352 Non
629 2315 847 2350 noverunt
883 2307 996 2350 hanc
1019 2306 1158 2359 viam,
1197 2321 1283 2360 qua
1304 2306 1569 2351 descendant
1597 2308 1652 2352 ad

264 2376 389 2421 illum
415 2393 437 2420 a
460 2392 502 2420 se
518 2411 528 2431 ,
554 2385 598 2421 et
620 2391 696 2436 per
717 2391 818 2420 eum
841 2375 1076 2420 ascendant
1098 2376 1153 2419 ad
1174 2391 1288 2419 eum.
1315 2379 1412 2421 Non
1435 2387 1654 2422 noverunt

265 2448 378 2491 hanc
391 2447 502 2489 viam
521 2481 531 2501 ,
553 2456 595 2490 et
616 2455 772 2505 putant
791 2462 834 2490 se
856 2446 1044 2490 excelsos
1061 2460 1150 2489 esse
1168 2461 1267 2489 cum
1289 2446 1497 2491 sideribus
1520 2457 1562 2492 et
1584 2447 1649 2492 lu-

314 2538 323 2554 1
345 2530 423 2563 Psal.
443 2541 549 2571 cnvr,
571 2531 599 2561 5.
620 2547 659 2553 —
681 2538 693 2554 ²
719 2543 731 2562 ι
759 2533 832 2563 Cor.
852 2542 875 2571 1,
896 2530 947 2563 30.
974 2548 1011 2552 —
1034 2529 1046 2553 3
1066 2530 1186 2563 Matth.
1204 2541 1279 2571 xxn,
1301 2540 1354 2562 ‘21-
