1871 3162
282 142 360 178 128
675 146 708 175 s.
744 146 973 175 Anaus'rffli
1006 147 1185 174 Emscom

277 215 365 259 ceri
381 212 622 258 scholastici
643 212 803 268 solent,
828 212 960 257 sivisti
982 227 1083 256 eum
1105 210 1419 271 comprehendi
1440 210 1494 254 ab
1513 209 1656 254 aediti-

277 286 357 329 mis
374 284 458 329 fori
478 293 687 345 tanquam
705 283 861 328 furem.
882 285 980 329 Non
1001 283 1186 327 arbitror
1205 282 1332 326 aliam
1348 281 1406 326 ob
1423 296 1595 325 causam
1615 289 1658 324 te

277 355 534 415 permisisse,
549 358 664 399 Deus
685 363 846 407 noster,
871 353 951 396 nisi
970 362 1020 397 ut
1036 352 1108 396 ille
1125 353 1189 398 vir
1210 361 1356 397 tantus
1379 351 1552 396 futurus
1569 352 1660 410 jam

277 426 486 485 inciperet
506 424 667 468 discere
683 458 695 479 ,
714 438 847 483 quam
869 438 958 467 non
978 422 1104 467 facile
1131 423 1177 466 in
1199 421 1504 482 dignoscendis
1526 421 1662 465 causis

277 496 410 540 homo
432 495 486 539 ab
508 493 686 539 homine
707 491 983 536 damnandus
1009 502 1118 536 esset
1140 492 1366 536 temeraria
1387 490 1658 536 credulitate.

277 567 448 626 Quippe
471 574 569 609 ante
588 563 784 609 tribunal
805 562 1116 608 deambulabat
1146 563 1261 607 solus
1295 578 1395 607 cum
1428 562 1591 607 tabulis
1615 575 1664 605 ac

277 636 418 694 stylo,
444 650 545 680 cum
567 649 665 679 ecce
687 631 1136 693 adolescens-quidam
1159 648 1209 677 ex
1226 648 1409 676 numero
1433 631 1663 676 scholasti-

278 722 428 752 corum
457 705 529 749 fur
563 719 712 759 verus,
749 704 933 749 securim
960 702 1160 747 clanculo
1190 712 1445 762 apportans,
1469 701 1545 746 illo
1572 716 1662 745 non

279 777 491 821 sentiente
525 775 740 834 ingressus
767 783 830 818 est
862 773 917 818 ad
952 773 1166 818 cancellos
1196 773 1426 832 plumbeos
1458 772 1535 831 qui
1571 772 1665 816 vico

278 847 523 906 argentario
557 846 744 905 desuper
771 845 1060 904 praeminent,
1098 853 1141 888 et
1169 845 1405 903 praecidere
1432 842 1666 902 plumbum

278 918 427 977 coepit.
458 918 572 962 Sono
588 925 732 960 autem
752 914 910 959 securis
929 914 1079 959 audito
1102 915 1572 958 submurmuraverunt
1595 927 1666 956 ar-

280 988 461 1048 gentarii
478 987 555 1047 qui
578 986 727 1031 subter
747 994 886 1040 erant,
906 994 949 1030 et
963 985 1175 1029 miserunt
1192 985 1268 1044 qui
1289 983 1666 1044 apprehenderent

279 1074 412 1120 quem
433 1057 545 1102 forte
565 1058 847 1102 invenissent.
873 1058 1070 1108 Quorum
1092 1055 1274 1099 vocibus
1296 1054 1456 1098 auditis
1471 1088 1481 1108 ,
1514 1052 1665 1097 relicto

279 1129 569 1173 instrumento
592 1126 665 1170 ille
693 1126 911 1179 discessit,
949 1125 1105 1168 timens
1133 1139 1188 1167 ne
1216 1139 1316 1168 curn
1349 1139 1400 1168 eo
1424 1131 1660 1167 teneretur.

279 1198 463 1258 Alypius
480 1206 626 1241 autem
648 1195 726 1255 qui
748 1210 837 1239 non
857 1194 1024 1239 viderat
1039 1194 1290 1248 intrantem,
1315 1202 1544 1237 exeuntem
1565 1207 1665 1236 sen-

279 1271 332 1314 sit
347 1304 359 1323 ,
384 1279 427 1314 et
448 1268 644 1313 celeriter
668 1265 777 1310 vidit
802 1265 1051 1309 abeuntem.
1078 1266 1135 1307 Et
1162 1279 1333 1308 causam
1358 1265 1466 1308 scire
1486 1263 1664 1322 cupiens

278 1341 494 1399 ingressus
515 1346 578 1383 est
599 1337 749 1382 locum
765 1371 776 1391 ,
801 1345 842 1379 et
857 1335 1081 1379 inventam
1103 1335 1289 1378 securim
1312 1343 1428 1378 stans
1445 1343 1576 1394 atque
1594 1332 1667 1377 ad·

279 1411 441 1455 mirans
463 1407 778 1454 considerabat.
802 1407 915 1450 Cum
939 1419 1038 1449 ecce
1061 1403 1124 1448 illi
1146 1404 1224 1465 qui
1248 1405 1323 1464 qui
1339 1404 1455 1448 missi
1471 1402 1661 1458 fuerant,

279 1482 504 1541 reperiunt
526 1494 627 1523 eum
650 1477 790 1523 solum
818 1475 1032 1520 ferentem
1048 1475 1217 1519 ferrum
1235 1476 1357 1534 cujus
1374 1475 1519 1519 sonitu
1540 1474 1665 1518 exciti

279 1560 487 1598 venerant
507 1572 517 1608 3
556 1557 725 1603 tenent,
751 1547 999 1601 attrahunt,
1018 1545 1288 1604 congregatis
1310 1545 1533 1605 inquilinis
1555 1543 1638 1589 fori
1653 1578 1664 1598 ,

279 1634 490 1683 tanquam
518 1619 660 1664 furem
690 1616 970 1661 manifestum
994 1631 1037 1660 se
1065 1615 1442 1674 comprehendisse
1474 1615 1666 1674 glorian-

280 1704 378 1749 tur,
405 1701 448 1737 et
463 1691 566 1736 inde
584 1686 834 1734 offerendus
847 1686 984 1747 judici
1008 1686 1265 1730 ducebatur.

339 1766 437 1808 XV.
469 1760 552 1807 Sed
585 1761 794 1804 hactenus
823 1755 1048 1801 docendus
1081 1754 1178 1799 fuit.
1214 1756 1365 1800 Statim
1395 1756 1539 1809 enim,
1577 1758 1668 1799 Do-

283 1836 426 1889 mine,
460 1831 699 1878 subvenisti
734 1828 994 1873 innocentiae
1024 1828 1148 1886 cujus
1182 1827 1301 1870 testis
1324 1842 1415 1870 eras
1450 1835 1497 1870 tu
1532 1824 1662 1869 solus.

284 1909 398 1952 Cum
420 1905 536 1948 enim
571 1903 804 1946 duceretur
835 1901 903 1943 vel
932 1897 985 1941 ad
1021 1896 1288 1951 custodiam,
1314 1896 1383 1940 vel
1415 1894 1468 1939 ad
1499 1895 1666 1955 suppli-

286 1978 401 2022 cium
421 2011 432 2031 ,
464 1975 514 2018 fit
547 1973 606 2017 eis
628 1971 802 2016 obviam
838 1969 1015 2029 quidam
1050 1967 1309 2011 architectus
1342 1967 1463 2025 cujus
1486 1966 1668 2009 maxima

287 2057 378 2092 erat
400 2061 503 2090 cura
525 2042 803 2103 publicarum
840 2038 1118 2083 fabricarum.
1145 2036 1348 2080 Gaudent
1375 2034 1438 2078 illi
1467 2051 1568 2080 eum
1590 2051 1668 2095 po-

288 2119 500 2164 tissimum
522 2113 757 2159 occurrisse
775 2145 786 2164 ,
811 2109 881 2152 cui
904 2107 1102 2152 solebant
1128 2106 1172 2149 in
1208 2105 1494 2165 suspicionem
1521 2105 1669 2150 venire

290 2190 531 2235 ablatarum
553 2199 697 2229 rerum
721 2197 820 2242 quae
842 2180 1051 2238 perissent
1067 2178 1121 2221 de
1144 2178 1255 2231 foro,
1281 2185 1330 2220 ut
1353 2177 1474 2236 quasi
1492 2176 1668 2220 tandem

289 2261 362 2306 ille
380 2263 660 2318 cognosceret
682 2271 705 2297 a
723 2252 880 2312 quibus
898 2251 990 2294 haec
1012 2249 1179 2292 fierent.
1207 2250 1370 2291 Verum
1387 2256 1531 2291 autem
1555 2247 1670 2292 vide-

292 2342 356 2377 rat
384 2334 516 2375 homo
538 2342 649 2386 saepe
671 2323 877 2382 Alypium
898 2322 945 2365 in
972 2320 1103 2365 domo
1131 2319 1355 2378 cujusdam
1385 2319 1593 2378 'senatoris
1616 2317 1672 2362 ad

291 2418 422 2463 quem
449 2399 727 2445 salutandum
744 2392 987 2440 ventitabat
1008 2410 1017 2436 :
1043 2391 1272 2449 statimque
1290 2389 1513 2448 cognitum
1538 2405 1671 2433 manu

295 2474 561 2535 apprehensa
583 2468 763 2516 semovit
786 2483 808 2511 a
837 2464 996 2519 turbis,
1023 2471 1066 2507 et
1099 2461 1207 2508 tanti
1228 2461 1332 2506 mali
1358 2476 1530 2506 causam
1551 2476 1672 2520 quae-
