1871 3162
261 190 345 227 230
699 200 732 228 s.
769 201 998 230 AUGUSTINI
1030 203 1210 231 Emscom

262 266 478 310 fraternus
496 268 665 311 animus
691 267 812 327 quod
839 267 1074 312 amandum
1095 269 1223 313 doces
1241 303 1252 323 ‚
1270 277 1312 312 et
1334 267 1480 313 doleat
1504 270 1551 312 in
1571 285 1641 313 me

257 337 377 397 quod
399 337 637 382 dolendum
660 337 805 382 doces.
833 339 1014 382 Animus
1037 338 1111 382 ille
1138 339 1222 383 hoc
1241 338 1371 384 faciat
1389 338 1608 384 fraternus
1624 375 1635 395 ‚

257 424 348 453 non
369 417 596 453 extraneus
615 444 626 463 ‚
651 424 740 453 non
762 408 953 453 filiorum
979 406 1242 465 alienorum,
1269 425 1459 470 quorum
1493 426 1539 454 os
1570 410 1639 455 lo-

258 487 409 523 cutum
430 488 494 522 est
514 479 770 533 vanitatem,
796 487 840 522 et
862 479 1037 523 dextera
1059 494 1212 523 eorum
1233 479 1410 525 dextera
1431 480 1641 541 iniquita-

258 550 311 594 tis
327 551 366 607 13
388 548 463 593 sed
486 548 700 593 fraternus
721 548 794 593 ille
815 549 891 609 qui
921 564 1021 593 curn
1043 551 1255 609 approbat
1284 565 1378 606 me,
1397 550 1558 609 gaudet
1589 552 1644 596 de

258 635 329 664 me
345 641 356 678 3
375 635 476 664 cum
498 629 646 664 autem
666 620 886 680 improbat
908 635 994 676 mc,
1020 622 1300 665 contristatur
1327 637 1408 681 pro
1425 637 1518 680 me3
1542 623 1645 682 quia

259 690 348 735 sive
369 690 582 749 approbet
621 705 717 745 me,
758 691 848 736 sive
880 691 1123 750 improbet,
1151 691 1293 750 diligit
1323 707 1408 736 me.
1435 691 1644 738 Indicabo

260 775 331 804 me
351 759 536 820 talibus,
561 762 772 821 respirent
806 762 854 806 in
889 762 1015 807 bonis
1052 763 1159 807 meis
1178 798 1189 817 ‚
1213 763 1431 822 suspirent
1452 764 1499 807 in
1523 764 1646 808 malis

262 832 383 876 meis.
403 835 523 877 Bona
544 847 640 876 mea
661 832 859 878 instituta
883 843 959 878 tua
981 843 1083 878 sunt
1099 844 1142 879 et
1162 834 1277 879 dona
1295 844 1369 879 tua
1388 855 1399 891 3
1422 834 1535 879 mala
1554 850 1650 879 mea

260 902 419 947 delicta
435 919 531 948 mea
548 912 650 948 sunt
665 912 708 947 et
716 904 991 964 judiciartua0
1017 905 1249 964 Respirent
1271 905 1317 949 in
1340 904 1422 949 illis
1439 915 1482 950 et
1505 906 1648 965 suspi-

262 983 360 1018 rent
377 974 423 1018 in
443 975 530 1029 his,
552 984 595 1019 et
616 976 807 1033 hymnus
829 985 872 1020 et
895 975 1024 1020 fletus
1045 975 1281 1020 ascendant
1302 977 1348 1020 in
1366 987 1649 1036 conspectum

261 1053 388 1088 tuum
403 1044 457 1088 de
472 1044 672 1089 fraternis
686 1045 892 1090 cordibus
907 1045 1143 1090 thuribulis
1158 1046 1242 1090 tuis
1251 1049 1284 1089 ¹³.
1302 1049 1367 1089 Tu
1382 1055 1544 1101 autem,
1560 1049 1649 1091 Do*

261 1115 405 1170 mine,
438 1114 678 1160 delectatus
701 1115 836 1160 odore
863 1116 1000 1161 sancti
1027 1116 1181 1175 templi
1214 1116 1305 1170 tui,
1342 1116 1543 1160 miserere
1563 1117 1649 1161 mei

262 1184 505 1230 secundum
523 1201 725 1244 magnam
743 1186 1080 1231 misericordiam
1100 1195 1220 1230 tuam
1235 1188 1268 1241 3,
1289 1195 1467 1245 propter
1487 1202 1649 1232 nomen

263 1265 406 1311 tuum,
432 1265 476 1300 et
497 1272 778 1317 nequaquam
800 1257 1000 1301 deserens
1021 1265 1166 1316 coepta
1187 1265 1279 1312 tua,
1293 1272 1548 1301 consumma
1564 1257 1651 1301 im-

264 1326 458 1386 perfecta
475 1342 586 1371 mea.

325 1400 403 1441 Vl.
426 1398 508 1442 Hic
530 1406 593 1441 est
622 1397 793 1442 fructus
814 1395 1136 1441 confessionum
1162 1411 1357 1440 mearum
1374 1432 1385 1452 ‚
1405 1413 1495 1442 non
1513 1397 1651 1458 qualis

266 1467 449 1524 fuerim,
486 1468 563 1512 sed
585 1467 724 1528 qualis
753 1468 858 1526 sim3
893 1477 942 1512 ut
970 1469 1054 1512 hoc
1091 1468 1300 1512 confitear
1317 1503 1328 1523 ‚
1362 1484 1452 1513 non
1480 1478 1651 1513 tantum

267 1555 411 1584 coram
431 1548 474 1584 te
497 1549 659 1584 secreta
680 1539 945 1583 exultatione
967 1554 1069 1583 cum
1090 1547 1277 1583 tremore
1298 1548 1341 1583 et
1355 1549 1520 1584 secreto
1543 1555 1654 1583 moe-

266 1625 363 1654 rore
384 1625 487 1654 cum
509 1624 586 1668 spe
599 1610 615 1634 4
631 1644 641 1663 ,
662 1608 737 1653 sed
760 1609 890 1653 etiam
911 1610 957 1653 in
979 1609 1156 1653 auribus
1174 1609 1443 1654 credentium
1463 1609 1653 1654 filiorum

268 1682 499 1726 hominum
516 1681 731 1725 sociorum
753 1681 901 1739 gaudii
922 1681 1008 1724 mei
1030 1692 1073 1724 et
1092 1682 1361 1726 consortium
1381 1680 1654 1726 mortalitatis

268 1767 378 1796 meae
393 1787 404 1806 ‚
428 1751 587 1795 civium
617 1766 812 1795 meorum
846 1759 889 1794 et
911 1765 1083 1795 mecum
1104 1752 1434 1810 peregrinorum
1451 1787 1461 1806 ‚
1487 1767 1654 1811 praece—

268 1821 467 1866 dentium
501 1830 545 1865 et
573 1821 961 1881 consequentium,
995 1830 1040 1865 et
1068 1821 1279 1865 comitum
1314 1822 1394 1866 viae
1435 1837 1560 1866 meae.
1598 1823 1654 1866 Hi

266 1902 368 1937 sunt
402 1893 511 1937 servi
545 1892 609 1936 tui
631 1891 892 1935 fratres·mei
915 1906 1025 1951 quos
1048 1890 1158 1935 filios
1186 1901 1283 1935 tuos
1321 1907 1411 1935 esse
1446 1892 1647 1949 voluisti,

267 1963 466 2007 dominos
496 1977 613 2006 meos
636 1962 795 2022 quibus
813 1961 976 2020 jussisti
1009 1970 1058 2004 ut
1086 1961 1290 2016 serviam,
1320 1962 1354 2005 si
1380 1961 1480 2005 volo
1505 1970 1653 2006 tecum

267 2033 322 2078 de
351 2042 393 2077 te
426 2033 585 2077 vivere.
622 2035 678 2076 Et
702 2032 784 2075 hoc
807 2031 913 2074 mihi
941 2031 1123 2074 verbum
1146 2040 1271 2074 tuum
1305 2047 1457 2090 parum
1480 2041 1595 2088 erat,
1621 2034 1654 2077 si

265 2105 490 2164 loquendo
514 2103 792 2162 praeciperet,
819 2102 900 2145 nisi
922 2111 965 2145 et
986 2100 1186 2146 faciendo
1205 2101 1392 2160 prceiret.
1414 2105 1469 2146 Et
1491 2118 1572 2162 ego
1604 2104 1652 2148 id

267 2189 347 2233 ago
365 2174 486 2218 factis
503 2183 546 2217 et
568 2173 692 2217 dictis
707 2207 718 2227 ,
744 2171 790 2216 id
809 2187 889 2230 ago
906 2172 988 2216 sub
1011 2171 1086 2215 alis
1108 2173 1190 2216 tuis
1219 2173 1344 2216 nimis
1362 2189 1462 2216 cum
1485 2174 1653 2232 ingenti

267 2245 489 2305 periculo3
527 2244 608 2287 nisi
642 2243 744 2303 quia
772 2243 853 2286 sub
888 2242 963 2286 alis
987 2243 1073 2286 tuis
1109 2243 1189 2286 tibi
1210 2242 1384 2287 subdita
1413 2253 1477 2287 est
1509 2245 1653 2289 anima

268 2332 386 2369 mea,
417 2323 460 2358 et
482 2314 708 2358 infirmitas
732 2328 826 2356 mea
845 2313 925 2356 tibi
948 2322 1050 2357 nota
1080 2322 1157 2356 est.
1194 2313 1403 2357 Parvulus
1428 2330 1522 2358 sum
1542 2350 1553 2369 ‚
1579 2315 1655 2359 sed

266 2388 372 2431 vivit
395 2401 563 2445 semper
586 2388 711 2428 Pater
729 2400 871 2438 meus,
893 2393 936 2427 et
964 2385 1147 2428 idoneus
1165 2393 1228 2427 est
1246 2385 1352 2427 mihi
1375 2393 1495 2428 tutor
1512 2401 1648 2429 meus.

270 2458 391 2501 Idem
406 2457 497 2516 ipse
518 2465 581 2501 est
603 2457 719 2500 enim
743 2456 819 2516 qui
838 2456 988 2514 genuit
1001 2470 1086 2511 me,
1105 2464 1148 2499 et
1166 2464 1315 2499 tuetur
1328 2471 1396 2500 me
1412 2477 1422 2513 3
1439 2465 1482 2500 et
1504 2457 1652 2516 tuipse

314 2548 321 2563 ¹
340 2541 421 2573 Psal.
437 2551 544 2582 cxun,
563 2543 594 2573 8.
611 2558 652 2563 —
672 2547 686 2564 ²
704 2542 804 2583 Apoc.
825 2551 895 2581 vm,
916 2540 947 2572 3.
968 2555 1008 2564 -·-
1026 2538 1038 2563 3
1057 2539 1136 2571 Psal.
1157 2551 1187 2580 L,
1209 2551 1236 2571 1.
1259 2557 1299 2562 —
1323 2539 1338 2570 4
1354 2540 1470 2582 Philip.
1489 2552 1523 2581 n,
1543 2551 1593 2572 12.
