1871 3162
230 273 313 312 334
665 284 698 313 s.
734 286 963 313 ‚mensum
997 286 1174 313 Episcom

231 458 438 474 mmm
442 458 930 475 nvwvmvvwwutvvmmmmm
934 459 1000 474 m
1004 457 1606 475 mmmmmmmmw

742 592 957 640 CAPUT
991 593 1106 639 XII.

467 747 706 792 Creatura
743 747 922 808 duplex
942 764 1114 793 carens
1144 757 1368 807 tempore.

283 908 378 951 XV.
400 909 559 959 Quietis
591 904 870 950 consideratis
898 914 1113 965 quantum
1134 905 1286 960 donas,
1312 907 1424 948 Deus
1451 918 1596 958 meus,

225 987 439 1039 quantum
457 992 525 1021 me
544 976 600 1021 ad
617 974 880 1036 pulsandum
895 975 1076 1031 excitas,
1097 985 1401 1036 quantumque
1417 973 1608 1034 pulsanti

170 1104 172 1107 v
228 1050 363 1109 aperis
388 1068 396 1093 :
419 1048 508 1093 duo
531 1048 698 1108 reperio
720 1064 819 1108 quae
840 1047 977 1093 fecisti
999 1048 1187 1092 carentia
1209 1048 1494 1108 temporibus,
1510 1063 1611 1091 cum

228 1120 308 1164 tibi
343 1129 548 1163 neutrum
581 1132 847 1163 coaeternum
871 1120 938 1163 sit.
966 1121 1110 1163 Unum
1142 1118 1264 1179 quod
1284 1119 1345 1164 ita
1375 1117 1612 1163 formatum

229 1201 317 1246 est,
343 1199 393 1234 ut
412 1190 503 1234 sine
525 1189 617 1234 ullo
639 1188 815 1234 defectu
837 1188 1243 1249 contemplationis,
1263 1190 1355 1234 sine
1376 1188 1468 1234 ullo
1483 1189 1614 1233 inter-

229 1261 345 1305 vallo
363 1260 632 1315 mutationis,
653 1260 850 1320 quamvis
862 1259 1089 1315 mutabile,
1106 1269 1254 1304 tamen
1271 1276 1360 1305 non
1376 1268 1610 1315 mutatum,

229 1341 305 1376 tua
325 1330 568 1376 aeternitate
590 1338 720 1389 atque
742 1328 1179 1374 incommutabilitate
1200 1329 1465 1389 perfruatur.
1490 1329 1615 1374 Alte-

230 1420 326 1449 rum
346 1402 467 1464 quod
483 1402 542 1448 ita
558 1401 745 1447 informe
765 1412 856 1447 erat
872 1437 882 1457 ,
903 1410 954 1446 ut
969 1417 1021 1446 ex
1041 1417 1127 1462 qua
1144 1400 1298 1457 forma,
1319 1401 1365 1444 in
1382 1415 1515 1461 quam
1530 1399 1616 1445 for-

230 1490 344 1519 mam
376 1473 447 1518 vel
468 1472 671 1518 motionis
693 1472 761 1516 vel
795 1471 989 1516 stationis
1011 1480 1254 1515 mutaretur
1274 1505 1285 1526 ‚
1310 1486 1399 1531 quo
1428 1470 1615 1530 tempori

229 1543 517 1598 subderetur,
545 1558 635 1587 non
656 1542 851 1586 haberet.
880 1540 965 1586 Sed
985 1542 1069 1586 hoc
1098 1550 1146 1586 ut
1175 1539 1362 1585 informe
1392 1549 1502 1585 esset
1523 1556 1614 1585 non

230 1616 466 1675 reliquisti,
492 1613 698 1674 quoniam
712 1613 855 1658 fecisti
871 1622 971 1657 ante
991 1628 1165 1657 omnem
1183 1611 1316 1668 diem,
1338 1612 1384 1656 in
1401 1612 1614 1672 principio

230 1685 393 1731 coelum
412 1693 455 1728 et
481 1693 660 1739 terram,
683 1683 776 1727 haec
798 1682 887 1727 duo
908 1698 1008 1742 quae
1028 1682 1242 1726 dicebam.
1274 1701 1294 1724 ι(
1316 1685 1445 1726 Terra
1468 1690 1614 1726 autem

234 1777 253 1798 »
289 1755 512 1800 invisibilis
545 1764 636 1799 erat
657 1763 701 1798 et
717 1753 1023 1813 incomposita,
1055 1763 1098 1798 et
1121 1754 1313 1797 tenebrae
1333 1769 1463 1813 super
1485 1754 1615 1811 abys-

235 1847 254 1868 »
289 1843 401 1871 sum.
426 1844 445 1867 n
468 1826 637 1880 Quibus
659 1826 800 1869 verbis
823 1825 1067 1869 insinuatur
1094 1824 1359 1880 informitas,
1390 1834 1440 1869 ut
1457 1824 1614 1883 grada-

232 1900 309 1942 tim
333 1898 599 1957 excipiantur
620 1898 695 1957 qui
714 1896 1009 1942 omnimodam
1026 1897 1181 1956 speciei
1200 1896 1508 1956 privationem,
1534 1911 1614 1940 nec

232 1980 376 2014 tamen
393 1968 448 2012 ad
465 1967 570 2012 nihil
596 1968 921 2026 perventionem
938 2002 949 2022 ,
967 1968 1156 2025 cogitare
1173 1983 1261 2011 non
1279 1975 1475 2026 possunt,
1496 1966 1613 2011 unde

232 2041 355 2084 fieret
376 2039 559 2082 alterum
583 2038 741 2083 coelum
763 2073 772 2093 ,
799 2047 842 2081 ct
863 2047 974 2081 terra
992 2037 1167 2080 visibilis
1192 2046 1322 2096 atque
1343 2037 1579 2096 composita
1599 2071 1609 2091 ,

232 2119 275 2154 et
292 2126 405 2169 aqua
426 2109 645 2168 speciosa,
679 2117 719 2152 et
748 2106 965 2166 quidquid
995 2105 1197 2164 deinceps
1227 2107 1270 2148 in
1302 2106 1614 2150 constitutione

232 2180 361 2239 hujus
379 2178 533 2222 mundi
549 2194 638 2222 nou
655 2178 746 2221 sine
763 2175 915 2220 diebus
930 2176 1096 2220 factum
1115 2185 1496 2232 commemoratur,
1511 2176 1615 2236 quia

235 2251 336 2296 talia
369 2259 469 2295 sunt
503 2259 550 2294 ut
582 2249 628 2293 in
666 2249 723 2292 eis
758 2256 941 2306 agantur
980 2246 1296 2291 vicissitudines
1334 2256 1580 2306 temporum
1600 2283 1611 2302 ,

235 2331 410 2381 propter
440 2319 657 2365 ordinatas
689 2317 1050 2363 commutationes
1086 2316 1328 2362 motionum
1362 2325 1494 2377 atque
1524 2318 1616 2362 for-

235 2407 419 2436 marum.
