1871 3162
568 263 944 302 SOLlLoQUIORUM‚
977 263 1062 291 Lm.
1098 265 1146 292 11.
1459 253 1541 295 471

165 331 279 374 forte
318 337 545 389 propterea
588 328 708 390 quod
750 337 977 386 argentum
1018 328 1172 372 melius
1210 339 1274 374 est
1289 365 1299 385 ‚
1344 339 1388 375 et
1425 333 1547 391 quasi

165 400 210 444 in
246 400 552 446 contumeliam
596 403 689 460 ejus
729 399 889 444 dicitur
925 419 933 445 ε
970 399 1139 460 plumbi
1182 409 1327 444 autem
1368 402 1547 462 quidam

165 469 285 514 velut
320 470 461 514 honor
484 479 571 525 est,
613 470 646 513 si
668 468 826 514 falsum
858 479 1087 529 argentum
1121 478 1316 514 vocetur.
1348 473 1400 514 Α.
1426 474 1548 516 Pror-

163 555 234 584 sus
275 539 493 599 explicasti
529 540 650 599 quod
691 539 909 584 volebam.
952 542 1009 584 Et
1043 538 1141 584 ideo
1184 539 1314 583 credo
1346 540 1443 599 jure
1478 541 1548 584 in·-

164 609 296 654 fames
336 609 691 670 intestabilesque
731 610 911 665 haberi,
957 610 1033 668 qui
1070 609 1273 653 muliebri
1309 610 1465 653 habitu
1506 626 1550 654 se

163 689 403 735 ostentant,
443 696 552 740 quos
589 681 733 725 nescio
755 689 903 724 utrum
945 678 1071 722 falsas
1100 678 1316 734 mulieres,
1344 695 1399 723 an
1421 679 1549 725 falsos

163 751 276 795 viros
302 750 456 794 melius
467 765 634 794 vocem.
667 752 802 793 Veros
819 758 965 792 tamen
986 749 1238 804 histriones,
1258 765 1470 810 verosque
1487 751 1551 794 in-

162 818 297 864 fames
314 820 403 863 sine
420 819 689 863 dubitatione
706 835 934 878 possumus
946 835 1099 865 vocare
1121 839 1130 865 :
1151 829 1225 864 aut
1242 820 1276 864 si
1293 819 1446 876 latent,
1471 836 1551 865 nec

163 889 326 934 infame
347 890 588 949 quidquam
620 889 700 933 nisi
718 905 740 934 a
764 890 880 949 turpi
903 890 1017 934 fama
1036 891 1302 945 nominatur,
1326 906 1448 935 veros
1469 906 1548 935 ne-

164 975 297 1019 quam
326 975 416 1003 non
444 959 536 1003 sine
569 960 747 1003 veritate
773 959 984 1015 dicimus,
1028 971 1078 1005 ut
1118 961 1287 1020 opinor.
1328 964 1381 1005 R.
1427 961 1549 1006 Alius

163 1030 285 1074 locus
299 1029 424 1074 nobis
434 1030 516 1074 erit
532 1029 586 1073 de
601 1030 690 1074 istis
708 1030 837 1074 rebus
851 1029 1087 1075 disserendi
1106 1049 1114 1075 :
1132 1030 1271 1075 multa
1285 1031 1399 1074 enim
1418 1031 1548 1087 fiunt,

164 1116 264 1160 quae
287 1100 409 1159 quasi
428 1097 536 1144 facie
564 1099 764 1159 populari
798 1101 940 1159 turpia
965 1100 1191 1156 videntur,
1223 1100 1371 1160 aliquo
1404 1109 1551 1145 tamen

164 1172 252 1214 fine
272 1169 482 1215 laudabili
494 1172 674 1216 honesta
689 1180 1001 1216 monstrantur.
1022 1175 1079 1216 Et
1095 1187 1252 1231 magna
1269 1173 1453 1232 quaestio
1469 1182 1549 1228 est,

167 1251 315 1286 utrum
350 1242 501 1301 patriae
528 1242 766 1287 liberandae
788 1259 915 1288 causa
936 1243 1141 1288 muliebri
1163 1245 1311 1288 tunica
1338 1243 1546 1300 indutus,

167 1311 326 1356 debeat
356 1313 526 1357 hostem
549 1313 750 1372 decipere
766 1348 777 1368 ‚
801 1314 892 1371 *hoc
924 1314 1018 1373 ipso
1041 1329 1129 1374 quo
1152 1313 1309 1358 mulier
1335 1313 1443 1359 falsa
1471 1315 1549 1370 sit,

166 1382 347 1427 fortasse
364 1384 507 1427 verior
528 1385 592 1427 vir
614 1382 802 1429 futurus.
837 1388 894 1429 Et
924 1395 1075 1429 utrum
1108 1386 1276 1444 sapiens
1304 1385 1381 1445 qui
1406 1384 1553 1445 aliquo

167 1452 299 1497 modo
316 1462 484 1497 certum
507 1455 666 1498 habeat
684 1489 695 1509 ,
712 1455 993 1499 necessariam
1018 1455 1112 1500 fore
1131 1456 1267 1499 vitam
1283 1470 1404 1499 suam
1421 1455 1553 1500 rebus

167 1523 395 1578 humanis,
419 1523 542 1568 malit
566 1525 701 1568 emori
727 1525 890 1583 frigore
909 1560 920 1579 ,
946 1540 1077 1585 quam
1101 1523 1318 1569 foemineis
1340 1525 1550 1581 vestibus,

168 1595 202 1638 si
224 1593 342 1637 aliud
359 1609 449 1637 non
470 1594 550 1648 sit,
575 1595 756 1639 amiciri.
782 1596 866 1639 Sed
888 1595 943 1639 de
964 1596 1071 1651 hoc,
1091 1604 1142 1639 ut
1155 1595 1322 1639 dictum
1343 1604 1429 1650 est,
1451 1596 1553 1641 alias

169 1663 430 1708 videbimus.
469 1664 669 1709 Profecto
685 1666 801 1709 enim
824 1667 962 1710 cernis
979 1674 1155 1725 quantas
1176 1666 1461 1726 inquisitionis
1482 1666 1554 1710 in-

171 1734 337 1793 digeat,
367 1744 581 1794 quatenus
608 1736 690 1780 ista
718 1737 920 1795 progredi
947 1736 1164 1791 debeant,
1189 1752 1245 1780 ne
1266 1737 1311 1780 in
1345 1737 1554 1796 quasdam

170 1804 483 1868 inexcusabiles
511 1805 804 1865 turpitudines
823 1806 1063 1850 decidatur.
1090 1809 1217 1852 Nunc
1248 1816 1394 1850 autem
1433 1806 1554 1866 quod

171 1877 373 1936 praesenti
395 1877 625 1936 quaestioni
649 1877 749 1922 satis
778 1886 868 1933 cst,
895 1879 985 1939 jam
1013 1886 1122 1937 puto
1152 1893 1380 1937 apparere,
1411 1893 1554 1937 neque

136 1974 139 1976 -
171 1947 363 1992 dubitari
382 1964 471 1993 non
486 1964 574 1993 esse
591 1948 749 1995 falsum
764 1950 1023 2010 quidquam,
1047 1950 1128 1994 nisi
1144 1950 1233 1996 veri
1250 1949 1394 2009 aliqua
1414 1949 1555 1995 imita-

172 2027 305 2063 tione.
