1871 3162
703 262 1036 294 Annonnonns.
1461 253 1540 294 551

178 328 255 374 lzz'e
280 344 375 374 non
395 337 628 374 nascatur
647 327 886 373 lenticula.
915 327 1053 389 Ergo
1069 327 1120 372 E
1122 333 1210 373 saz'i
1232 327 1547 374 desiderando

177 399 335 444 cibum
356 399 670 461 AEgyptium‚
688 396 897 458 perdidit
914 400 1191 458 primatum.
1216 400 1298 446 Sic
1319 409 1364 445 et
1391 416 1546 460 popa-

180 469 250 515 lus
269 469 301 515 J
306 469 548 515 zcdoeorum
569 469 628 513 de
647 484 738 527 quo
760 468 938 514 dictum
960 479 1029 514 est
1047 487 1058 513 .·
1077 471 1283 514 Conversi
1300 480 1401 515 sunt
1416 471 1547 516 corde

176 541 222 583 in
249 543 488 598 AEgyptum
505 574 516 594 ‚
543 538 816 584 lenticulam
847 538 1056 598 quodam
1078 537 1220 584 modo
1247 538 1549 587 desiderave-

177 618 311 662 runt,
339 618 384 653 et
401 611 663 669 primatum
680 607 1005 667 perdiderunt.

581 757 836 799 Annona-10
859 755 924 811 (6)
944 767 1042 812 pag.
1069 759 1167 796 201.

233 897 347 951 Quid
384 898 480 941 sinu
514 897 700 941 Abrahae
727 897 956 955 significari
992 895 1222 941 crediderit
1255 896 1548 954 AugustInus‚

176 968 343 1026 aperuit
366 967 454 1024 ipse
477 966 523 1009 in
546 966 623 1009 lib.
648 985 690 1010 iv
712 966 765 1010 de
788 966 944 1009 Anima
965 975 1008 1009 et
1028 968 1118 1025 ejus
1140 966 1323 1023 origine,
1340 981 1434 1024 cap.
1456 984 1549 1022 xvx,

177 1052 221 1080 n.
240 1041 293 1079 24
311 1055 319 1080 :
335 1034 370 1081 S
374 1036 503 1079 inum
514 1036 562 1079 A
568 1034 731 1079 bralzoe
743 1034 952 1097 intellige
968 1046 1200 1080 remotam
1212 1033 1369 1079 sedem
1384 1036 1555 1093 quietis

178 1115 321 1163 atque
350 1115 585 1149 secretam
600 1140 610 1160 ,
639 1104 722 1149 ubi
740 1113 808 1149 est
829 1104 1089 1149 Abraham
1102 1125 1123 1159 ;
1146 1114 1190 1148 et
1212 1103 1318 1148 ideo
1335 1107 1383 1149 A
1389 1104 1553 1150 bralzoe

179 1175 371 1230 dictum,
404 1190 499 1219 non
528 1173 657 1232 quod
685 1176 830 1233 ipsius
854 1184 1038 1219 tantum
1069 1175 1154 1228 sit,
1186 1173 1273 1218 Sed
1296 1174 1426 1233 quod
1453 1177 1555 1234 ipse

175 1255 319 1304 pater
344 1244 602 1288 multarum
632 1246 843 1306 gentium
874 1249 933 1288 sit
961 1246 1169 1304 positas,
1208 1243 1375 1302 quibus
1396 1242 1559 1290 estad

181 1313 465 1359 imitandam
483 1313 605 1375 fidei
621 1315 950 1373 principatum
969 1315 1255 1373 propositus.
