1871 3162
289 206 343 242 52
723 215 756 244 s.
792 217 1021 245 AUGUSTINl
1055 219 1234 245 EPISCOI'I

286 280 392 324 salsa
406 280 550 324 animo
564 282 747 340 decepto
762 297 836 341 per
848 282 1010 326 oculos.
1022 286 1078 326 Et
1094 292 1254 337 tamen,
1269 282 1371 341 quia
1384 291 1424 325 te
1436 281 1662 340 putabam,

285 351 600 395 manducabam
622 373 632 409 3
669 367 758 396 non
785 352 910 395 avide
939 353 1138 411 quidem,
1168 353 1269 411 quia
1296 367 1376 395 nec
1409 352 1601 410 sapiebas
1622 351 1667 393 in

286 437 359 466 ore
378 437 473 466 meo
493 422 618 466 sicuti
638 438 681 466 es
699 444 709 479 3
731 437 873 482 neque
888 423 1003 465 enim
1019 431 1066 467 tu
1085 437 1175 466 eras
1188 422 1394 480 figmenta
1407 422 1479 464 illa
1496 422 1663 478 inania3

285 508 365 536 nec
388 493 610 535 nutriebar
631 493 706 546 eis,
727 492 802 536 sed
824 492 1107 535 exhauriebar
1123 491 1270 549 magis.
1284 491 1418 535 Cibus
1438 491 1483 533 in
1507 491 1668 534 somnis

286 561 525 605 simillimus
547 571 611 605 est
642 561 748 605 cibis
771 561 1069 619 vigilantium,
1101 577 1189 620 quo
1225 570 1370 605 tamen
1407 561 1669 604 dormientes

286 648 374 676 non
411 632 610 687 aluntur,
649 632 874 676 dormiunt
910 632 1023 675 enim
1052 651 1060 676 ε
1086 641 1129 676 at
1150 631 1224 675 illa
1246 647 1327 676 nec
1363 630 1516 675 similia
1548 638 1672 674 erant

284 701 375 746 ullo
397 702 529 745 modo
552 702 654 755 tibi,
675 702 787 746 sicut
808 717 925 746 nunc
948 702 1053 745 mihi
1074 701 1220 746 locuta
1237 717 1307 759 es3
1333 703 1433 761 qnia
1451 700 1525 744 illa
1548 708 1672 744 erant

283 771 523 830 corporalia
536 772 854 830 phantasmata,
872 771 976 815 salsa
990 787 1187 831 corpora,
1203 772 1364 831 quibus
1376 771 1559 815 certiora
1571 778 1672 813 sunt

281 856 382 886 vera
405 856 585 899 corpora
607 843 685 885 ista
709 858 807 900 quae
825 842 1022 885 videmus
1053 842 1146 886 visu
1164 857 1321 885 carneo
1337 876 1347 895 ‚
1374 842 1462 886 sive
1482 839 1672 885 coelestia

282 912 369 956 sive
411 912 624 955 terrestria
645 933 656 969 3
681 927 801 955 >cum
836 911 1077 970 pecudibus
1112 922 1154 955 et
1187 911 1436 957 volatilibus
1475 911 1673 956 videmus

280 984 375 1026 haec
402 1002 410 1027 :
436 993 479 1026 et
493 984 676 1027 certiora
700 992 803 1026 sunt
822 998 955 1041 quam
979 997 1079 1026 cum
1103 982 1394 1041 imaginamur
1415 998 1478 1025 ea.
1500 985 1557 1025 Et
1574 997 1673 1025 rur-

282 1069 353 1097 sus
376 1054 534 1098 certius
570 1054 859 1112 imaginamur
881 1069 928 1097 ea
962 1069 1094 1113 quam
1127 1069 1177 1096 cx
1200 1054 1258 1097 eis
1292 1053 1559 1112 suspicamur
1591 1052 1673 1096 alia

283 1124 534 1182 grandiora,
560 1134 603 1167 et
625 1125 795 1167 infinita
817 1158 826 1177 ‚
852 1139 951 1183 quae
973 1124 1152 1168 omnino
1175 1124 1294 1167 nulla
1318 1133 1444 1179 sunt,
1471 1122 1673 1182 qualibus

281 1210 362 1253 ego
386 1204 491 1238 tunc
504 1195 710 1253 pascebar
732 1195 957 1250 inanibus3
979 1204 1020 1238 et
1039 1210 1129 1238 non
1149 1194 1370 1253 pascebar.
1389 1197 1447 1238 At
1467 1202 1532 1249 tu,
1553 1209 1674 1237 amor

281 1280 418 1319 meus,
457 1265 500 1308 in
523 1281 653 1324 quem
678 1265 831 1309 deficio
854 1273 904 1308 ut
931 1265 1053 1308 fortis
1082 1265 1183 1320 sim,
1221 1280 1301 1309 nec
1324 1266 1403 1309 ista
1427 1280 1609 1324 corpora
1631 1280 1674 1309 es

283 1350 382 1394 quae
413 1335 613 1379 videmus
631 1370 641 1390 ‚
676 1351 927 1394 quanquam
951 1336 996 1378 in
1026 1335 1169 1393 coelo;
1194 1351 1273 1379 nec
1297 1351 1345 1379 ea
1373 1351 1416 1379 es
1452 1351 1552 1395 quae
1584 1351 1677 1379 non

281 1406 476 1449 videmus
493 1405 555 1448 ibi
571 1441 581 1459 ,
615 1406 716 1464 quia
745 1415 794 1448 tu
830 1406 908 1449 ista
930 1404 1163 1449 condidisti
1183 1440 1193 1460 ,
1219 1420 1300 1449 nec
1322 1406 1367 1448 in
1388 1406 1568 1449 summis
1590 1406 1675 1450 tuis

281 1474 605 1519 conditionibus
622 1475 772 1518 habes.
794 1477 968 1527 Quanto
990 1490 1091 1532 ergo
1107 1474 1235 1533 longe
1257 1491 1300 1519 es
1319 1492 1342 1519 a
1360 1476 1675 1535 phantasmati·

281 1545 363 1589 bus
400 1544 483 1588 illis
515 1545 650 1599 meis,
686 1545 1062 1603 phantasmatibus
1100 1560 1332 1604 corporum
1362 1562 1462 1605 quae
1495 1546 1673 1590 omnino

281 1631 371 1659 non
396 1625 497 1659 sunt
518 1636 529 1672 3
553 1615 717 1674 quibus
745 1615 949 1659 certiores
968 1625 1069 1659 sunt
1087 1616 1326 1673 phantasiae
1346 1631 1577 1674 corporum
1599 1632 1675 1660 eo-

280 1701 377 1730 rum
415 1701 513 1746 quae
536 1694 659 1742 sunt3
684 1694 727 1729 et
758 1685 817 1729 eis
839 1685 1023 1729 certiora
1045 1701 1225 1744 corpora
1241 1720 1252 1741 ‚
1278 1702 1377 1745 quae
1406 1695 1552 1730 tamen
1583 1702 1673 1731 non

281 1773 352 1815 es3
377 1756 451 1801 sed
475 1772 555 1800 nec
575 1757 717 1800 anima
741 1772 784 1800 es
805 1772 905 1816 quae
927 1756 1016 1801 vita
1039 1766 1102 1801 est
1119 1772 1368 1816 corporum,
1391 1758 1497 1802 Ideo
1519 1757 1672 1802 melior

279 1829 369 1874 vita
410 1843 643 1887 corporum
666 1828 912 1887 certiorque
935 1843 1070 1887 quam
1093 1844 1289 1887 corpora.
1319 1827 1405 1873 Sed
1438 1838 1487 1873 tu
1517 1829 1605 1873 vita
1628 1844 1672 1873 es

281 1899 548 1954 animarum,
569 1899 657 1943 vita
678 1899 890 1953 vitarum,
919 1898 1070 1942 vivens
1099 1908 1141 1943 te
1161 1898 1279 1958 ipsa,
1306 1908 1349 1942 et
1370 1914 1461 1944 non
1492 1900 1672 1944 mutaris

281 1971 369 2015 vita
391 1971 547 2014 animae
565 1984 689 2013 meae.

340 2044 420 2085 XI.
442 2040 527 2084 Ubi
549 2054 649 2098 ergo
671 2039 777 2083 mihi
796 2048 902 2083 tunc
925 2054 1016 2083 eras
1034 2074 1045 2094 ,
1072 2036 1115 2083 et
1137 2055 1269 2099 quam
1292 2039 1453 2098 longe?
1476 2050 1519 2084 et
1539 2041 1670 2100 longe

281 2112 590 2171 peregrinabar
613 2112 687 2155 abs
706 2120 764 2165 te⁷
787 2109 985 2155 exclusus
1002 2119 1045 2154 et
1062 2126 1084 2154 a
1103 2109 1267 2170 siliquis
1287 2127 1536 2170 porcorum,
1561 2129 1671 2172 quos

284 2183 338 2227 de
360 2182 523 2242 siliquis
540 2183 810 2242 pascebam.
830 2185 1004 2235 Quanto
1022 2183 1137 2225 enim
1153 2182 1350 2227 meliores
1365 2184 1671 2242 grammatico-

285 2270 383 2298 rum
401 2264 443 2298 et
460 2258 687 2313 po'e'tarnm
708 2252 892 2307 fabellae,
914 2269 1044 2313 quam
1069 2253 1140 2296 illa
1156 2253 1356 2313 decipula
1371 2257 1388 2296 ⁶?
1402 2257 1510 2300 Nam
1526 2271 1670 2300 versus

286 2335 329 2369 et
351 2340 525 2369 carmen
546 2335 589 2369 et
605 2325 759 2370 Medea
784 2325 933 2368 volans
956 2325 1149 2368 utiliores
1169 2334 1300 2380 certe,
1322 2341 1453 2385 quam
1475 2328 1671 2386 quinque

287 2395 499 2439 elementa
535 2396 650 2439 varie
683 2394 849 2450 fucata,
881 2405 1057 2454 propter
1093 2396 1288 2456 quinque
1320 2406 1443 2440 antra
1473 2398 1672 2442 tenebra·

287 2481 381 2509 rum
405 2482 504 2525 quae
521 2466 698 2510 omnino
719 2466 839 2510 nulla
857 2476 975 2521 sunt,
992 2476 1035 2511 et
1052 2467 1259 2512 occidunt
1279 2467 1543 2513 credentem.
1560 2472 1669 2515 Nam

332 2553 343 2571 ¹
360 2555 436 2584 Luc.
459 2564 513 2593 xv,
540 2552 588 2584 [G.
