1871 3162
282 191 365 229 460
719 203 752 231 s.
790 205 1017 234 Αωυειιίω
1050 207 1228 234 Emscom

276 266 401 309 minis
423 267 564 323 imago
579 300 590 319 ‚
616 267 648 310 si
671 283 760 312 non
780 269 912 312 falsus
934 270 1099 313 homo?
1117 271 1260 322 Quare
1279 269 1313 313 si
1330 268 1593 328 quibusdam
1609 278 1659 312 ut

275 352 426 380 verum
462 336 630 396 aliquid
663 338 769 392 sint,
795 338 971 397 prodest
999 349 1049 383 ut
1071 340 1156 384 sint
1188 338 1350 400 aliquid
1371 338 1551 394 falsum,
1582 354 1658 383 cur

274 417 501 467 tantopere
518 407 726 453 falsitates
748 408 1055 466 formidamus,
1081 420 1124 454 et
1148 426 1225 469 pro
1248 426 1406 469 magno
1435 410 1553 454 bono
1579 425 1658 468 ap-

272 477 458 535 petimus
476 479 728 522 veritatem?
745 481 796 522 A.
815 480 984 533 Nescio,
1010 490 1053 523 et
1070 480 1260 524 multum
1277 481 1432 534 miror,
1453 479 1535 523 nisi
1557 479 1658 538 quia

271 546 316 590 in
335 547 539 606 exemplis
557 548 644 591 istis
662 548 769 591 nihil
792 548 1034 593 imitatione
1056 549 1237 607 dignum
1258 549 1402 593 video.
1423 552 1520 594 Non
1542 549 1659 592 enim

270 624 480 676 tanquam
514 617 743 661 histriones
777 627 853 662 aut
887 618 942 662 de
979 617 1164 678 speculis
1197 634 1387 679 quaeque
1420 618 1660 663 relucentia

270 694 346 730 aut
361 696 571 744 tanquam
592 687 787 743 Myronis
810 687 985 732 buculae
1006 703 1057 732 ex
1080 703 1181 743 aare,
1205 688 1266 733 ita
1289 689 1420 732 etiam
1443 704 1522 733 nos
1542 697 1592 733 ut
1613 688 1659 732 in

269 765 418 800 nostro
440 757 633 815 quodam
656 757 813 801 habitu
843 759 1090 802 verissimus
1111 794 1122 813 ‚
1156 759 1210 802 ad
1240 759 1429 803 alienum
1457 759 1659 803 habitum

269 826 518 870 adumbrati
542 836 673 885 atque
695 827 930 882 assimilati,
946 837 990 871 et
1012 829 1068 887 ob
1086 829 1170 873 hoc
1194 827 1291 873 falsi
1312 844 1401 873 esse
1423 828 1655 884 debemus⁷

268 894 344 938 sed
360 894 472 939 illud
493 911 645 939 verum
664 912 860 955 quaerere
872 932 883 951 ,
899 898 1020 957 quod
1036 913 1125 941 non
1142 899 1264 957 quasi
1284 899 1472 942 bifronte
1491 899 1659 942 ratione

267 965 436 1024 sibique
467 966 738 1020 adversanti,
765 977 813 1011 ut
835 983 886 1011 ex
908 967 1055 1027 aliqua
1077 978 1199 1027 parte
1222 984 1374 1012 verum
1397 969 1474 1022 sit,
1506 984 1555 1012 ex
1578 969 1658 1012 ali-

269 1051 355 1094 qua
370 1034 528 1079 falsum
551 1037 618 1079 sit.
638 1040 691 1079 R.
710 1038 868 1095 Magna
890 1047 934 1081 et
949 1038 1095 1081 divina
1112 1038 1313 1096 quaedam
1330 1038 1527 1097 requiris.
1550 1041 1658 1091 Quae

267 1115 414 1150 tamen
434 1108 467 1150 si
484 1108 793 1161 invenerimus,
811 1124 958 1152 nonne
985 1108 1221 1152 fatebimur
1242 1108 1307 1152 his
1329 1109 1464 1167 ipsam
1477 1109 1655 1163 confici,

269 1186 312 1220 et
333 1178 455 1236 quasi
474 1179 652 1221 conflari
671 1180 913 1232 veritatem,
930 1195 950 1222 a
965 1195 1051 1238 qua
1064 1179 1371 1223 denominatur
1393 1194 1521 1223 omne
1538 1179 1659 1239 quod

268 1262 416 1292 verum
459 1264 638 1308 quoquo
676 1251 807 1294 modo
842 1249 1124 1293 nominatur?
1165 1253 1216 1294 A.
1260 1252 1356 1293 Non
1393 1250 1553 1293 invitus
1589 1264 1658 1293 as-

268 1326 445 1362 sentior.

270 1497 550 1513 wwmrwmmxm
554 1498 1652 1516 ΜΜΜΜΜΜΜΜΜΜΜΜΜΜΜΜΝῚΜΜΜΜΝἩἋΜ

798 1635 874 1681 CA
884 1635 1013 1682 PIJT
1046 1637 1130 1681 Χέὲ

308 1787 692 1847 Disciplinarum
715 1789 909 1832 veritas.
935 1815 993 1821 —-
1016 1787 1217 1833 Fabula
1240 1789 1368 1847 qaid.
1404 1790 1538 1850 Quid
1556 1793 1617 1835 sit·

786 1875 1012 1920 gramma
1019 1860 1132 1903 tica.

326 2020 446 2061 xlx.
473 2021 523 2061 R.
551 2020 667 2070 Qum
690 2018 769 2061 tibi
792 2032 894 2075 ergo
916 2018 1114 2061 videtur:
1142 2017 1377 2075 Disciplina
1407 2018 1658 2077 disputandi

265 2104 450 2131 vera-ne
472 2103 527 2131 an
558 2087 663 2132 falsa
696 2090 791 2133 est?
812 2092 865 2131 A.
887 2089 992 2141 Quis
1025 2088 1199 2131 dubitet
1229 2089 1409 2132 veram?
1439 2088 1523 2132 Sed
1555 2104 1656 2134 vera

267 2167 330 2202 est
360 2159 492 2202 etiam
521 2158 813 2216 grammatica.
841 2162 893 2201 R.
927 2161 1065 2202 Ita-ne
1100 2167 1150 2201 ut
1184 2156 1288 2201 illa?
1320 2161 1371 2201 A.
1398 2160 1496 2203 Non
1529 2159 1658 2203 video

266 2230 374 2290 quid
414 2231 468 2273 sit
488 2244 590 2273 vero
612 2229 771 2273 verius.
807 2232 860 2272 R.
900 2227 1016 2272 Illud
1046 2229 1247 2287 profecto
1285 2227 1406 2288 quod
1430 2229 1541 2273 nihil
1561 2230 1658 2274 falsi

268 2300 397 2343 habet
419 2318 428 2344 ς
449 2299 567 2359 quod
590 2299 764 2342 intuens
785 2298 917 2357 paulo
940 2307 1039 2342 ante
1060 2298 1343 2342 offendebare
1360 2314 1412 2342 ex
1434 2299 1484 2343 iis
1505 2300 1651 2355 rebus,

267 2386 364 2429 quae
387 2370 530 2414 nescio
548 2368 772 2429 quomodo
790 2369 871 2413 nisi
891 2368 1011 2413 falsae
1035 2378 1198 2423 essent,
1215 2383 1327 2413 verae
1344 2384 1434 2413 esse
1451 2385 1541 2414 non
1557 2386 1653 2429 pos—

266 2448 375 2483 sent.
405 2444 470 2483 An
503 2440 674 2499 ignoras
697 2439 843 2484 omnia
880 2438 952 2483 illa
990 2437 1186 2483 fabulosa
1207 2448 1251 2483 et
1287 2450 1432 2499 aperte
1465 2440 1570 2484 falsa
1595 2439 1651 2484 ad

268 2511 588 2568 grammaticam
626 2510 878 2569 pertinere?
901 2512 952 2553 A.
978 2512 1075 2554 Non
1112 2511 1265 2568 ignoro
1297 2510 1414 2554 istud
1446 2509 1647 2569 quidem,
