1871 3162
578 219 923 256 CONFEssIONfflu,
958 220 1039 246 Lm.
1078 222 1137 246 xr.
1459 211 1539 249 317

165 283 221 328 ad
249 284 437 343 aliquem
475 284 622 327 finem.
656 286 929 342 Quaproptei
959 298 1043 328 vox
1072 299 1170 343 quae
1201 284 1395 327 nondum
1426 286 1546 328 smila

164 364 253 410 est,
280 355 419 399 metiri
444 370 533 398 non
557 363 721 414 potest,
747 364 797 398 ut
818 354 987 399 dicatur
1008 369 1142 414 quam
1162 353 1293 412 longa
1313 353 1383 397 vel
1406 355 1545 398 brevis

163 426 245 483 sit3
286 440 365 468 nee.
387 424 471 469 dici
495 434 570 468 aut
595 424 774 485 aequalis
803 424 958 479 alicui,
993 434 1067 468 aut
1096 424 1150 467 ad
1175 424 1364 484 aliquam
1395 424 1546 483 simpla

163 495 232 540 vel
253 495 414 554 dupla,
442 494 508 539 vel
533 495 640 554 quid
664 495 797 539 aliud.
829 497 939 540 Cum
970 504 1114 538 autem
1136 495 1259 538 finita
1281 493 1413 537 fuetit
1428 495 1546 553 ‚jani

163 580 253 609 non
274 564 369 608 erit.
391 569 484 617 Quo
506 573 634 624 pacto
655 564 786 622 igitur
803 565 941 608 metiti
966 564 1154 623 poterit?
1175 566 1232 607 Et
1252 564 1458 607 metimur
1480 573 1547 606 ta—

164 650 264 678 men
279 644 476 694 tempora
492 670 502 691 ,
528 650 609 679 nee
633 650 681 679 ea
699 650 798 694 quae
815 633 1014 678 nondum
1031 642 1154 688 sunt,
1175 648 1254 677 nec
1272 648 1321 677 ea
1344 635 1548 693 quaejam

164 719 254 749 non
271 716 389 760 sunt,
405 721 485 749 nec
498 720 547 749 ea
564 720 662 765 quae
678 704 799 748 nulla
816 719 935 748 mora
954 703 1271 759 extenduntur,
1291 719 1370 748 nec
1385 719 1434 747 ea
1452 720 1550 763 quae

167 775 374 819 terminos
394 791 482 819 non
502 775 679 818 habent.
701 777 789 820 Nec
810 773 958 818 futura
981 789 1096 832 ergo5
1119 789 1199 818 nec
1215 774 1446 833 praeterita,
1473 790 1551 817 nec

174 845 399 903 praesentia
418 880 429 900 ‚
461 860 541 889 nec
568 845 872 904 praetereuntia
896 853 1090 903 tempora
1111 845 1342 902 metimur3
1362 853 1404 888 et
1426 845 1553 888 meti-

170 930 270 958 mur
298 924 442 959 tamen
468 925 680 975 tempora.

224 987 406 1029 XXXV.
444 1004 463 1027 «
502 988 614 1028 Deus
647 994 813 1029 creator
841 986 1066 1042 omnium3
1105 1004 1124 1027 n
1160 1002 1307 1031 versus
1348 987 1426 1031 iste
1455 997 1553 1031 octo

170 1055 442 1113 syllabarum
461 1091 472 1111 ,
498 1057 702 1100 brevibus
720 1065 763 1100 et
784 1057 919 1114 longis
942 1056 1124 1100 alternat
1140 1057 1330 1114 syllabis.
1358 1060 1554 1110 Quatuor

170 1127 318 1185 itaque
352 1126 527 1183 breve53
572 1127 733 1185 prima,
768 1127 913 1181 tertia,
945 1127 1119 1185 quinta,
1156 1129 1358 1186 septima,
1389 1128 1554 1186 simplae

168 1206 269 1240 sunt
288 1197 341 1240 ad
356 1207 543 1256 quatuor
557 1196 730 1256 longas3
755 1196 1006 1252 secundam,
1025 1207 1246 1256 quartam,
1268 1207 1427 1242 sextam
1442 1235 1452 1252 ,
1479 1215 1552 1243 oc-

168 1276 324 1311 tavam.
354 1270 431 1310 Hae
449 1267 630 1325 singulae
652 1267 706 1310 ad
728 1268 821 1311 illas
834 1268 1028 1326 singulas
1051 1268 1235 1327 duplum
1256 1270 1419 1312 habent
1443 1279 1553 1313 tem-

168 1338 304 1397 poris3
337 1338 600 1396 pronuntio,
628 1339 853 1393 renuntio,
879 1348 921 1382 et
943 1339 1000 1382 ita
1032 1348 1096 1382 est
1127 1349 1343 1398 quantum
1371 1341 1554 1384 sentitur

167 1423 293 1451 sensu
316 1407 559 1451 manifesto.
587 1410 808 1460 Quantum
841 1424 988 1452 sensus
1022 1408 1275 1454 manifestus
1310 1419 1398 1465 est,
1432 1411 1555 1455 brevi

168 1478 334 1535 syllaba
352 1477 527 1536 longam
546 1480 722 1531 metior,
742 1494 926 1538 eamque
945 1481 1105 1523 habere
1122 1481 1186 1524 bis
1202 1490 1373 1524 tantum
1395 1483 1548 1525 sentio,

171 1547 256 1593 Sed
279 1562 378 1592 cum
402 1547 535 1591 altera
560 1557 654 1606 post
673 1548 852 1591 alteram
875 1558 1020 1601 sonat,
1045 1551 1077 1592 si
1099 1549 1218 1608 prior
1236 1550 1398 1604 brevis,
1424 1551 1554 1610 longa

169 1619 401 1679 posterior,
438 1618 662 1678 quomodo
702 1620 863 1663 tenebo
895 1620 1097 1673 brevem,
1136 1630 1178 1663 et
1208 1621 1432 1680 quomodo
1461 1638 1553 1665 eam

170 1691 313 1748 longae
334 1689 516 1733 metiens
545 1689 773 1748 applicabo
791 1724 801 1743 ‚
829 1699 877 1734 ut
903 1690 1120 1735 inveniam
1143 1690 1264 1751 quod
1286 1691 1349 1735 bis
1383 1701 1552 1736 tantum

172 1760 332 1805 habeat
347 1795 358 1815 ‚
399 1759 755 1819 quandoquidem
795 1760 924 1819 longa
961 1776 1111 1805 sonare
1142 1778 1232 1806 non
1269 1763 1442 1822 incipit,
1476 1765 1557 1807 nisi

173 1831 314 1874 brevis
334 1846 486 1875 sonare
507 1830 747 1874 destiterit?
774 1834 916 1890 Ipsam
941 1848 1117 1891 quoque
1142 1831 1311 1891 longam
1334 1849 1422 1878 non
1445 1851 1558 1894 prae-

174 1910 341 1946 sentem
364 1901 518 1945 metior
533 1936 543 1955 ,
569 1902 745 1961 quando
768 1902 848 1945 nisi
871 1903 1038 1946 finitam
1056 1919 1143 1947 non
1161 1904 1330 1948 metior.
1357 1906 1460 1965 Ejus
1483 1922 1558 1949 au·

176 1981 265 2015 tem
286 1971 450 2025 finitio,
477 1973 713 2030 praeteritio
745 1981 821 2016 est.
848 1972 961 2024 Quid
997 1988 1100 2032 ergo
1134 1983 1198 2018 est
1224 1975 1345 2034 quod
1374 1976 1559 2020 metiar?

179 2042 263 2085 Ubi
286 2051 364 2095 est⁷
383 2058 469 2100 qua
492 2043 663 2096 metior,
687 2043 857 2087 brevis?
881 2044 963 2087 Ubi
987 2053 1050 2088 est
1071 2044 1200 2103 longa
1224 2062 1355 2105 quam
1378 2048 1562 2093 metior?

182 2111 334 2155 Ambae
368 2121 636 2165 sonuerunt,
674 2112 981 2167 avolaverunt,
1014 2116 1340 2173 praeterierunt,
1363 2117 1451 2175 jam
1474 2133 1562 2161 non

181 2190 310 2238 sunt3
341 2190 384 2224 et
413 2197 494 2239 ego
522 2183 702 2236 metior,
737 2184 1010 2243 fidenterque
1044 2186 1306 2245 respondeo,
1350 2197 1565 2247 quantum

183 2253 416 2296 exercitato
431 2267 556 2296 sensu
571 2252 739 2307 fiditur,
756 2253 874 2297 illam
890 2254 1087 2314 simplam
1103 2271 1211 2312 esse,
1229 2257 1347 2301 illam
1365 2258 1560 2317 duplam,

183 2323 228 2366 in
250 2322 386 2380 spatio
420 2321 581 2366 scilieet
603 2323 822 2381 temporis.
847 2327 996 2384 Neque
1030 2326 1113 2370 hoe
1134 2343 1336 2386 possum,
1362 2329 1442 2372 nisi
1463 2329 1566 2389 quia

185 2393 488 2453 praeterierunt
510 2403 552 2437 et
567 2394 701 2437 finitae
723 2403 839 2438 sunt.
865 2397 962 2440 Non
981 2412 1084 2455 ergo
1116 2398 1226 2456 ipsas
1249 2415 1348 2457 quae
1366 2400 1454 2458 jam
1479 2415 1568 2444 non

188 2472 312 2518 sunt,
336 2463 409 2507 sed
442 2463 606 2524 aliquid
629 2466 674 2507 in
701 2464 908 2509 memoria
928 2481 1022 2510 mea
1048 2467 1202 2512 metior
1238 2467 1357 2527 quod
1386 2469 1566 2514 infixum
1592 2461 1619 2519 s)

190 2543 351 2579 manet.
