1871 3162
258 228 340 267 386
693 234 726 267 s.
762 235 991 267 Auous‘rnu
1024 238 1203 267 Emscom

253 319 334 348 nee
356 304 454 348 estis
471 303 552 347 sub
575 302 738 349 modio.
764 304 986 349 Exaltatus
1009 313 1073 349 est
1095 306 1165 349 cui
1188 302 1439 357 adhaesistis,
1457 310 1502 346 et
1518 302 1636 347 exal-

254 375 362 421 tavit
377 390 467 421 vos.
489 374 740 431 Discurrite‚
766 385 809 420 et
830 376 1085 421 innotescite
1106 375 1309 420 omnibus
1326 373 1544 433 gentibus.

256 568 325 585 m
329 566 1238 585 mmmmmxvuwvvwmwummmmmmmmm
1242 566 1619 583 ΝΙΜΙΛΙἏιἋΜΛΛΑΜΜὶὟ

748 738 963 788 CAPUT
1015 740 1124 786 XX.

250 902 538 950 Producant
553 919 694 964 aquoe
712 903 920 964 reptilia,
939 914 1028 949 etc.
1050 906 1159 948 Gen.
1180 923 1212 960 1,
1234 912 1303 948 20.
1326 906 1433 958 Quae
1447 902 1631 964 reptilia,

781 991 881 1036 quae
897 974 1100 1029 volatilia.

306 1162 469 1205 XXVI.
505 1161 738 1205 Commu
759 1168 802 1203 et
824 1174 956 1214 mare,
983 1167 1026 1203 et
1045 1160 1184 1218 pariat
1205 1174 1334 1218 opera
1357 1168 1510 1215 vestra,
1535 1179 1555 1202 «
1576 1162 1632 1204 Et

247 1251 267 1274 »
291 1231 538 1292 producant
559 1248 684 1292 aquae
706 1230 875 1291 reptilia
891 1230 1133 1274 animarum
1152 1231 1362 1275 vivarum.
1381 1249 1401 1272 »
1425 1233 1631 1290 Separan-

245 1313 309 1349 tes
328 1304 445 1348 enim
478 1303 714 1362 pretiosum
735 1318 757 1346 a
774 1301 865 1357 vili,
888 1300 990 1345 sacti
1012 1302 1110 1346 estis
1133 1317 1178 1345 os
1200 1303 1292 1356 Dei,
1324 1317 1401 1361 per
1423 1301 1543 1362 qnod
1561 1302 1630 1346 di-

188 1423 189 1435 }
241 1384 384 1420 ceret:
410 1394 429 1417 «
460 1373 709 1418 Producant
744 1387 886 1432 aquae,
915 1387 1049 1416 »non
1085 1372 1273 1416 animam
1315 1373 1458 1417 vivam
1497 1388 1630 1433 quam

187 1437 189 1490 ἶ
242 1454 355 1489 terra
378 1443 594 1504 producit,
620 1444 711 1498 sed,
733 1462 753 1485 «
775 1441 962 1502 Reptilia
984 1442 1225 1486 animarum
1250 1443 1459 1497 vivarum,
1485 1452 1528 1486 et
1548 1458 1629 1487 vo-

244 1533 264 1557 »
287 1514 422 1559 latilia
456 1514 646 1559 volantia
675 1528 805 1572 super
835 1521 1006 1556 terram.
1031 1531 1050 1553 »
1075 1515 1321 1571 Repserunt
1350 1512 1465 1556 enim
1489 1522 1629 1557 sacra-

241 1595 389 1630 menta
418 1595 509 1639 tua,
531 1588 660 1639 Deus,
681 1599 758 1643 per
775 1598 905 1642 opera
931 1592 1180 1627 sanctorum
1204 1592 1380 1627 tuorum
1403 1583 1515 1626 inter
1536 1598 1629 1627 me-

242 1657 334 1701 dios
366 1657 525 1701 fluctus
562 1656 853 1700 tentationum
884 1653 1053 1709 saeculi,
1095 1653 1149 1697 ad
1185 1653 1444 1698 imbuendas
1480 1664 1628 1713 gentes

241 1729 419 1773 nomine
449 1737 540 1782 tuo,
573 1727 617 1770 in
641 1725 856 1784 baptismo
890 1734 981 1769 tuo.
1018 1727 1073 1769 Et
1109 1725 1222 1769 inter
1256 1726 1351 1769 haec
1384 1725 1499 1770 facta
1527 1734 1628 1769 sunt

239 1798 452 1857 magnalia
476 1796 690 1842 mirabilia
711 1805 919 1856 tanquam
947 1796 1029 1840 ceti
1051 1795 1250 1854 grandes,
1288 1805 1331 1839 et
1360 1811 1485 1840 voces
1511 1811 1627 1840 nun-

238 1870 399 1914 tiorum
420 1878 592 1912 tuorum
626 1867 854 1911 volitantes
883 1881 1012 1926 super
1042 1875 1200 1910 terram
1224 1868 1347 1925 juxta
1369 1866 1622 1910 firmamen-

243 1951 337 1986 tum
354 1941 473 1985 Libri
489 1940 567 1994 tui,
585 1939 817 1999 praeposito
838 1937 914 1982 illo
935 1938 1017 1981 sibi
1035 1938 1088 1981 ad
1104 1937 1422 1995 auctoritatem,
1438 1938 1519 1982 sub
1537 1953 1626 1999 quo

239 2011 472 2058 volitarent
502 2024 782 2070 quocumque
812 2010 941 2052 irent.
978 2010 1128 2068 Neque
1159 2008 1274 2052 enim
1299 2019 1399 2054 sunt
1419 2008 1621 2069 loquelae,

240 2098 383 2142 neque
414 2096 648 2134 sermones,
689 2094 876 2139 quorum
909 2094 998 2123 non
1030 2078 1264 2122 audiantur
1295 2094 1421 2123 voces
1455 2094 1623 2134 eorum,

240 2153 419 2215 quando
440 2153 486 2196 in
517 2167 691 2196 omnem
723 2160 881 2194 terram
910 2150 1010 2193 exiit
1041 2165 1170 2194 sonus
1196 2165 1363 2203 eorum,
1389 2159 1430 2193 et
1454 2151 1497 2193 in
1519 2151 1625 2194 fines

241 2226 357 2271 orbis
380 2228 504 2269 ter'rae
525 2224 657 2268 verba
678 2224 876 2280 eorum¹3
902 2222 1108 2282 quoniam
1132 2230 1195 2275 tu,
1217 2223 1415 2276 Domine,
1442 2221 1624 2266 benedi-

241 2296 379 2343 cendo
399 2294 693 2355 multiplicasti
711 2294 819 2338 haec.

299 2371 484 2413 XXVII.
521 2364 744 2426 Numquid
773 2366 972 2419 mentior,
1001 2373 1074 2408 aut
1097 2364 1303 2407 mixtione
1321 2365 1503 2417 misceo,
1542 2380 1620 2408 ne-

239 2457 325 2501 que
357 2440 576 2498 distinguo
604 2437 768 2481 lucidas
801 2437 1067 2494 cognitiones
1105 2436 1259 2479 harum
1298 2451 1440 2479 rerum
1474 2436 1518 2479 in
1550 2436 1619 2479 fir-

237 2521 456 2556 mamento
489 2509 604 2563 coeli,
653 2518 695 2552 et
726 2523 854 2567 opera
883 2506 1121 2566 corporalia
1148 2505 1194 2551 in
1216 2505 1385 2551 undoso
1435 2506 1541 2550 mari
1576 2515 1619 2550 et

287 2628 296 2643 ¹
317 2619 400 2652 Psal.
425 2630 512 2660 xvm,
534 2619 566 2659 3,
587 2618 618 2658 4.
