1871 3162
574 300 918 337 conwssroivmvr,
954 302 1035 326 LlB.
1072 302 1102 326 1.
1467 294 1514 328 21

150 365 440 409 vehementer.
463 366 569 409 Nam
588 373 631 407 et
650 365 784 409 latina
805 365 1039 425 aliquando
1061 364 1203 408 infans
1231 366 1383 425 utique
1406 368 1523 411 nulla

148 450 351 480 noveram
370 457 381 493 3
405 445 449 480 et
469 427 614 480 tamen
642 436 908 481 advertendo
928 435 1059 480 didici
1079 437 1170 480 sine
1191 435 1283 480 ullo
1311 445 1432 479 metu
1454 447 1522 481 at-

148 521 235 565 que
255 506 470 560 cruciatu,
493 506 606 549 inter
627 507 755 550 etiam
778 506 1074 550 blandimenta
1099 506 1343 560 nutricum,
1365 515 1409 549 et
1425 508 1524 566 joca

148 574 430 619 arridentium
446 610 457 631 ‚
480 584 523 620 et
538 575 706 620 laetitias
728 575 1033 620 alludentium.
1055 576 1194 620 Didici
1215 591 1317 620 vero
1340 575 1413 619 illa
1433 577 1523 620 sine

146 645 309 704 poenali
330 661 460 691 onere
481 647 729 704 urgentium
747 682 758 702 ‚
786 662 886 691 cum
915 662 984 691 me
1004 655 1179 706 urgeret
1206 662 1280 692 cor
1301 661 1448 691 meum
1469 646 1524 691 ad

145 715 353 774 parienda
371 726 580 775 concepta
601 733 692 771 sua,
709 732 808 777 quae
824 733 914 761 non
930 732 1115 776 possem,
1135 717 1216 761 nisi
1234 717 1379 778 aliqua
1392 717 1524 761 verba

145 786 404 841 didicissem,
429 803 517 831 non
541 803 564 831 a
586 785 862 841 docentibus,
885 786 961 831 sed
982 803 1005 832 a
1026 787 1328 846 loquentibus,
1351 788 1397 831 in
1413 803 1526 847 quo-

144 871 239 900 rum
256 866 299 901 et
313 872 393 915 ego
411 857 586 900 auribus
604 857 899 916 parturiebam
914 856 1132 917 quidquid
1146 857 1398 902 sentiebam.
1412 859 1524 902 Hinc

143 928 240 971 satis
263 927 405 972 elucet
427 929 635 988 majorem
655 928 816 972 habere
835 928 923 972 vim
947 927 1001 972 ad
1021 927 1224 972 discenda
1246 928 1324 972 ista.
1341 929 1524 991 liberam

142 998 434 1042 curiositatem
449 1033 460 1051 ,
485 1013 616 1058 quam
638 986 938 1042 meticulosam
961 999 1275 1047 necessitatem.
1305 998 1388 1042 Sed
1410 998 1524 1042 illius

144 1069 311 1112 fluxum
338 1070 432 1112 haec
462 1070 681 1128 restringit
701 1069 870 1127 legibus
892 1070 976 1113 tuis
993 1104 1003 1123 ,
1027 1072 1142 1113 Deus
1159 1104 1170 1122 ,
1196 1068 1366 1128 legibus
1393 1069 1478 1112 tuis
1501 1086 1523 1113 a

144 1141 445 1198 magistrorum
468 1140 619 1184 ferulis
651 1155 790 1200 usque
817 1140 872 1184 ad
894 1140 1154 1184 tentationes
1175 1143 1418 1197 Martyrum
1446 1157 1523 1185 va-

141 1210 330 1254 lentibus
350 1210 522 1269 legibus
538 1210 623 1254 tuis
646 1210 824 1254 miscere
841 1209 1034 1254 salubres
1050 1211 1374 1267 amaritudines,
1400 1227 1524 1256 revo-

141 1289 287 1323 cantes
309 1295 385 1324 nos
410 1279 465 1324 ad
486 1289 529 1324 te
551 1295 574 1323 a
592 1280 868 1339 jucunditate
899 1280 1100 1339 pestifera
1115 1316 1126 1337 ‚
1162 1297 1249 1342 qua
1271 1282 1521 1326 recessimus

141 1365 163 1393 a
201 1359 258 1393 te.

139 1528 1505 1548 mmmxmxmmmmmwummmmmmmmmmwummwummw

648 1660 861 1710 CAPUT
895 1663 1004 1711 XV.

544 1805 777 1850 Precatio
825 1805 896 1851 ad
932 1806 1106 1852 Deum.

213 1952 374 1994 XXIV.
407 1954 606 2005 ExAunr,
639 1952 846 2006 Domine,
876 1953 1227 2012 deprecationem
1261 1970 1428 2010 meam,
1466 1972 1520 2000 ne

133 2019 306 2064 deficiat
326 2021 467 2063 anima
490 2035 585 2064 mea
609 2021 691 2064 sub
715 2021 940 2081 disciplina
970 2032 1073 2081 tua,
1095 2039 1238 2084 neque
1255 2024 1454 2069 deficiam
1472 2027 1516 2069 in

133 2089 382 2134 confitendo
414 2091 492 2133 tibi
525 2090 818 2135 miserationes
855 2101 972 2147 tuas,
1011 2094 1172 2153 quibus
1198 2094 1346 2138 eruisti
1368 2110 1438 2139 me
1461 2096 1516 2139 ab

132 2161 334 2205 omnibus
355 2160 432 2204 viis
454 2161 559 2204 meis
581 2161 772 2219 pessimis
789 2182 800 2219 3
820 2171 870 2206 ut
891 2161 1110 2207 dulcescas
1138 2164 1245 2207 mihi
1267 2180 1396 2225 super
1421 2181 1516 2210 0111-

131 2246 205 2274 nes
225 2230 496 2275 seductiones
514 2246 620 2290 quas
642 2231 854 2291 sequebar
867 2266 878 2288 ,
902 2241 946 2276 et
962 2248 1101 2277 amem
1124 2243 1167 2278 te
1188 2234 1449 2280 validissime
1471 2246 1514 2281 et

131 2300 348 2359 amplexer
370 2316 547 2345 manum
570 2310 688 2345 tuam
709 2303 810 2347 totis
827 2303 1076 2362 praecordiis
1099 2306 1220 2358 meis,
1236 2316 1279 2351 et
1301 2323 1424 2351 eruas
1443 2323 1512 2352 me

132 2371 186 2415 ab
200 2372 317 2415 omni
334 2372 573 2416 tentatione
587 2372 787 2432 usquein
803 2373 950 2418 finem.
968 2377 1082 2419 Ecce
1099 2376 1214 2420 enim
1227 2385 1294 2432 tu,
1310 2379 1510 2433 Domine,

132 2457 205 2485 rex
233 2457 356 2486 meus
377 2451 420 2486 et
440 2445 555 2487 Deus
582 2457 724 2499 meus,
752 2443 831 2488 tibi
852 2445 1009 2489 serviat
1030 2445 1248 2506 quidquid
1274 2448 1381 2492 utile
1410 2464 1518 2508 puer

135 2511 266 2556 didici
294 2532 303 2557 ε
330 2514 411 2557 tibi
432 2514 590 2558 serviat
612 2514 733 2574 quod
763 2514 945 2575 loquor,
971 2525 1014 2560 et
1049 2517 1189 2561 scribo
1209 2553 1219 2573 ‚
1260 2527 1302 2562 et
1324 2519 1421 2578 lego
1440 2556 1450 2575 ,
1476 2531 1519 2565 et

139 2597 353 2628 numero:
381 2585 586 2643 quoniam
621 2600 719 2629 cum
754 2600 862 2630 vana
895 2585 1125 2643 discerem,
1162 2597 1210 2632 tu
1244 2589 1517 2648 disciplinam
