1871 3162
575 259 917 298 CONFESSIONUM‚
952 260 1035 287 Lm.
1071 261 1137 287 111.
1486 251 1540 291 53

161 340 333 371 versum
372 333 416 368 et
451 339 625 369 carmen
651 326 780 369 etiam
808 326 864 369 ad
899 340 1000 370 vera
1031 326 1257 385 pulmenta
1297 327 1538 374 transfero:

163 397 380 442 volantem
412 405 557 439 autem
578 396 776 441 Medeam
799 396 878 441 etsi
899 396 1144 451 cantabam,
1169 412 1259 441 non
1276 399 1540 456 asserebam,

161 468 239 511 etsi
261 467 423 511 cantari
442 466 690 520 audiebam,
711 482 799 510 non
820 466 1050 511 credebam
1068 486 1076 511 ε
1095 466 1169 510 illa
1191 475 1337 511 autern
1360 467 1540 512 credidi.

162 539 261 590 Vae,
285 536 374 580 vae!
402 536 561 595 quibus
583 536 784 593 gradibus
807 535 1020 580 deductus
1042 551 1138 580 sum
1161 537 1205 580 in
1225 536 1444 595 profunda
1472 538 1543 581 in-

161 605 271 650 feri?
292 606 455 665 quippe
472 606 672 650 laborans
685 615 728 650 et
740 615 926 650 aestuans
942 607 1091 665 inopia
1112 606 1218 661 veri,
1234 622 1336 650 cum
1352 616 1411 661 te,
1430 609 1544 651 Deus

159 691 297 730 meus,
316 676 426 732 (tibi
444 676 559 719 enim
574 677 784 720 confiteor
802 676 879 735 qui
896 691 964 720 me
981 679 1208 720 miseratus
1225 691 1269 720 es
1291 685 1334 720 et
1345 676 1543 721 nondum

158 748 463 803 confitentem)
490 763 589 791 cum
617 757 659 791 te
678 763 768 792 non
792 747 1032 792 secundum
1061 747 1333 792 intellectum
1355 749 1511 792 mentis
1529 783 1540 803 ,

158 833 246 878 quo
267 832 335 861 me
354 826 555 876 praestare
590 817 764 862 voluisti
787 817 967 872 belluis,
1003 818 1078 861 sed
1107 817 1349 862 secundum
1371 833 1542 862 sensum

156 888 294 931 carnis
319 902 573 946 quaererem.
603 890 668 930 Tu
691 896 837 931 autem
871 902 962 930 eras
984 888 1161 930 interior
1183 887 1338 930 intimo
1359 902 1479 940 meo,
1501 897 1544 931 et

157 959 350 1017 superior
371 972 541 1001 summo
560 973 673 1002 meo.
699 957 875 1002 Offendi
909 958 1027 1001 illam
1059 957 1284 1001 mulierem
1308 958 1514 1002 audacem
1529 993 1540 1011 ,

158 1028 331 1087 inopem
366 1028 631 1087 prudentiae,
656 1028 840 1086 aenigma
865 1027 1128 1082 Salomonis,
1161 1027 1381 1071 sedentem
1415 1043 1544 1086 super

159 1098 305 1142 sellam
332 1100 376 1140 in
400 1097 564 1141 foribus
581 1132 591 1152 ,
617 1107 660 1142 et
677 1097 893 1142 dicentem
915 1113 923 1138 z
949 1117 969 1139 «
988 1102 1124 1142 Panes
1142 1098 1334 1142 occultos
1356 1098 1543 1142 libenter

162 1187 181 1209 »
218 1169 353 1221 edite,
381 1177 422 1210 et
446 1182 602 1226 aquam
639 1166 811 1210 dulcem
850 1167 1057 1210 furtivam
1090 1168 1269 1211 bibite1.
1299 1185 1318 1207 »
1345 1170 1452 1219 Quae
1473 1183 1543 1211 me

158 1237 348 1290 seduxit,
394 1237 495 1296 quia
532 1237 698 1280 invenit
730 1235 834 1280 foris
874 1237 1145 1280 habitantem
1167 1237 1213 1281 in
1250 1236 1377 1280 oculo
1405 1238 1543 1282 carnis

158 1322 290 1358 meae,
316 1315 357 1349 et
379 1305 479 1350 talia
516 1306 808 1349 ruminantem
847 1306 963 1365 apud
1006 1321 1103 1362 me,
1144 1306 1289 1366 qualia
1313 1322 1388 1365 per
1418 1306 1542 1350 illum

157 1390 385 1419 vorassem.

159 1541 1543 1559 ΜΜᾺἏΜΜΜΜΜΜΜΜΜΜΜΜΜΜΜΜΜΜΜΜΜΜΜΛΛΜ

659 1674 875 1721 CAPUT
922 1674 1034 1720 VH.

161 1830 195 1875 I
213 1829 451 1875 Doctrina
474 1826 863 1873 Mam'clzoeorum
883 1826 1101 1872 absurda
1124 1831 1204 1873 cui
1232 1828 1546 1891 suffivgaba-

164 1910 252 1945 tur.
276 1900 353 1944 II.
379 1899 532 1960 Leges
550 1914 640 1957 pro
673 1899 860 1943 ratione
896 1908 1161 1958 temporum
1190 1901 1372 1943 mutari
1385 1916 1542 1960 posse.

222 2060 323 2101 XII.
350 2059 593 2101 NESCIEBAM
609 2056 725 2098 enim
744 2054 863 2099 aliud
880 2070 980 2099 vere
1001 2054 1121 2114 quod
1139 2064 1223 2110 est,
1250 2064 1292 2099 et
1308 2058 1429 2116 quasi
1447 2072 1549 2100 acu-

164 2128 256 2172 tule
277 2127 485 2171 movebar
502 2135 551 2170 ut
590 2125 848 2183 suffragarer
871 2125 1011 2169 stultis
1053 2124 1378 2185 deceptoribus,
1403 2143 1503 2170 cum
1526 2143 1550 2172 a

165 2215 234 2244 me
267 2207 513 2260 quaererent
548 2198 665 2240 unde
702 2196 890 2254 malum·⁷
916 2206 958 2240 et
994 2206 1142 2241 utrum
1166 2196 1304 2241 forma
1343 2214 1550 2257 corporea

164 2273 278 2313 Deus
300 2269 498 2312 finiretur
525 2277 568 2312 et
606 2267 785 2311 haberet
824 2266 1001 2326 capillos
1025 2276 1068 2311 et
1103 2282 1293 2325 ungues,
1336 2278 1379 2311 et
1400 2278 1548 2312 utrum

158 2340 264 2400 justi
281 2338 549 2383 existimandi
568 2346 709 2382 essent
725 2338 801 2397 qui
822 2337 1037 2382 haberent
1054 2352 1207 2382 uxores
1227 2338 1387 2382 multas
1401 2339 1546 2393 simul,

166 2420 210 2455 et
231 2410 478 2455 occiderent
518 2409 738 2463 homines,
776 2417 820 2452 et
852 2409 1142 2452 sacrificarent
1181 2408 1235 2451 de
1273 2408 1547 2453 animalibus.

171 2482 341 2535 Quibus
357 2496 502 2524 rerum
523 2482 697 2539 ignarus
720 2480 1026 2540 perturbabar,
1046 2488 1089 2523 et
1112 2479 1314 2525 recedens
1332 2497 1355 2525 a
1370 2482 1551 2525 veritate

223 2586 233 2600 1
254 2579 348 2609 Prov.
368 2587 412 2617 lx,
437 2587 486 2617 ¹7·
