1871 3162
261 220 346 257 270
692 228 725 257 S.
763 230 991 258 Ancnsoeim
1025 232 1204 258 Eriscom

258 309 365 338 noso
379 292 509 337 corde
526 293 706 338 radiavit
723 314 733 351 3
753 304 796 338 et
827 295 1058 353 nepotibus
1087 295 1172 337 suis
1197 309 1247 337 ex
1279 295 1439 353 Joseph
1463 293 1635 338 divexas

171 367 174 370 ”
218 382 223 397 -1
259 365 440 421 mystice
476 379 645 418 manus,
685 380 775 408 non
811 365 920 407 sicut
956 373 1076 422 pater
1113 380 1262 408 eorum
1300 364 1405 408 foris
1446 364 1635 422 corrige-

257 434 356 489 bat,
381 433 455 478 sed
477 435 587 478 sicut
609 435 698 493 ipse
719 434 836 477 intus
863 434 1133 479 discernebat
1153 436 1359 494 imposuit
1378 438 1407 478 ¹.
1445 438 1540 494 Ipsa
1573 444 1636 479 est

256 505 352 559 lux,
377 522 464 550 una
486 515 564 560 est,
595 515 639 549 et
659 521 797 548 unum
825 521 974 549 omnes
1001 506 1248 565 quivident
1278 516 1321 551 et
1347 517 1495 551 amant
1522 522 1633 550 eam.

256 578 315 620 At
330 576 410 619 ista
427 574 660 634 corporalis
681 575 736 618 de
754 591 838 634 qua
861 574 1096 635 loquebar,
1117 575 1372 620 illecebrosa
1393 593 1442 620 ac
1466 576 1637 635 pericu-

255 646 346 691 losa
362 646 593 690 dulcedine
610 646 760 691 condit
781 647 914 690 vitam
936 645 1082 690 saeculi
1103 647 1225 691 caecis
1248 648 1527 691 amatoribus.
1549 647 1634 700 Qui

257 726 402 760 autem
417 726 459 760 et
477 717 531 760 de
552 717 642 775 ipsa
660 716 836 761 laudare
852 727 893 761 te
911 726 1091 772 norunt,
1112 720 1224 762 Deus
1239 727 1405 762 creator
1421 718 1634 772 omnium,

257 796 481 831 assumunt
501 802 596 830 eam
622 787 666 830 in
690 787 856 844 hymno
872 796 966 842 tuo,
991 803 1080 832 non
1102 789 1393 832 absumuntur
1425 789 1479 833 ab
1508 803 1556 832 ea
1590 789 1636 831 in

257 873 408 903 somno
430 873 509 902 suo
536 877 544 902 ι
570 858 630 902 sic
653 873 742 902 esse
764 859 909 917 cupio.
936 860 1102 903 Resisto
1130 859 1457 904 seductionibus
1488 859 1639 903 oculo·
1682 916 1685 917 ⁷

256 944 370 985 rum,
406 945 461 973 ne
489 929 768 989 implicentur
804 929 934 988 pedes
967 930 1050 973 mei
1085 930 1245 990 quibus
1277 930 1496 990 ingredior
1524 931 1637 974 viam

208 1014 217 1037 ἐ
256 1010 379 1045 tuam
403 1019 412 1045 z
437 1009 480 1044 et
494 1000 612 1059 erigo
629 1000 686 1045 ad
705 1009 748 1044 te
769 999 1007 1044 invisibiles
1029 1000 1203 1054 oculos,
1228 1011 1277 1046 ut
1310 1010 1359 1045 tu
1391 1001 1549 1046 evellas
1582 1001 1638 1045 de

255 1071 414 1132 laqueo
445 1071 576 1131 pedes
592 1087 710 1116 meos
722 1074 755 1115 ².
789 1073 854 1115 Tu
887 1071 1073 1116 subinde
1108 1071 1254 1117 evellis
1272 1089 1371 1128 eos,
1401 1088 1503 1116 nam
1539 1072 1637 1116 illa-

255 1153 486 1204 queantur.
514 1146 577 1187 Tu
593 1159 682 1188 non
709 1159 846 1189 cessas
882 1144 1082 1199 evellere,
1103 1161 1183 1205 ego
1205 1155 1350 1189 autem
1370 1145 1524 1189 crebro
1546 1146 1638 1188 hae-

256 1215 385 1258 reoin
403 1214 567 1274 ubique
581 1215 733 1274 sparsis
745 1215 907 1259 insidiis
926 1236 936 1272 3
956 1216 1162 1274 quoniam
1179 1232 1269 1260 non
1282 1216 1483 1272 dormies,
1501 1232 1642 1276 neque

256 1286 526 1341 dormitabis,
552 1287 628 1346 qui
650 1287 841 1330 custodis
863 1286 995 1331 Israel
1013 1288 1044 1330 3.

315 1361 433 1402 LIII.
461 1360 601 1411 Quam
624 1358 960 1402 innumerabilia
984 1359 1109 1403 variis
1128 1359 1291 1403 artibus
1306 1368 1348 1403 et
1370 1359 1564 1418 opificiis,
1594 1359 1638 1402 in

256 1430 448 1472 vestibus
464 1463 475 1482 ,
501 1428 818 1483 calceamentis,
839 1430 971 1484 vasis,
1009 1439 1051 1473 et
1073 1430 1368 1489 cujuscemodi
1391 1429 1640 1473 fabricatio-

258 1500 406 1554 nibus,
453 1500 633 1559 picturis
675 1500 804 1543 etiam
838 1501 1103 1560 diversisque
1138 1501 1370 1559 figmentis,
1410 1510 1540 1559 atque
1576 1500 1642 1543 his

256 1586 383 1615 usum
408 1570 700 1614 necessarium
729 1580 860 1630 atque
889 1571 1179 1625 moderatum,
1211 1581 1254 1615 et
1283 1573 1397 1630 piam
1425 1571 1643 1630 significa-

260 1645 419 1686 tionem
443 1641 579 1700 longe
599 1642 1038 1700 transgredientibus,
1071 1641 1334 1686 addiderunt
1364 1643 1560 1686 homines
1589 1642 1644 1686 ad

260 1712 487 1757 illecebras
506 1713 730 1756 oculorum
754 1748 764 1767 ,
791 1712 903 1755 foras
924 1720 1152 1772 sequentes
1172 1713 1293 1772 quod
1312 1713 1502 1765 faciunt,
1528 1713 1644 1756 intus

262 1782 559 1842 relinquentes
584 1799 605 1826 a
619 1798 708 1842 quo
730 1782 831 1826 facti
848 1792 964 1837 sunt,
988 1792 1029 1825 et
1052 1783 1386 1827 exterminantes
1404 1783 1523 1843 quod
1543 1782 1644 1827 facti

258 1862 375 1897 sunt.
395 1857 451 1898 At
473 1869 570 1912 egO,
596 1857 709 1898 Deus
733 1869 854 1897 meus
876 1863 918 1897 et
940 1853 1072 1897 decus
1094 1869 1256 1908 meum,
1279 1854 1409 1897 etiam
1431 1854 1532 1898 hinc
1547 1854 1643 1898 dico

256 1925 337 1968 tibi
358 1925 606 1982 hymnum,
624 1934 667 1968 et
689 1925 881 1968 sacrifico
900 1924 1073 1968 laudeni
1093 1925 1366 1968 sacrificatori
1381 1940 1477 1969 meo
1496 1941 1504 1965 :
1529 1941 1642 1983 quo—

253 1996 367 2039 niam
383 1995 566 2055 pulchra
580 1997 757 2056 trajecta
775 2012 851 2055 per
871 1995 1089 2039 animasin
1118 2011 1272 2039 manus
1306 1995 1567 2049 artificiosas,
1590 1996 1644 2039 ab

253 2066 326 2110 illa
344 2067 667 2125 pulchritudine
679 2067 875 2120 veniunt,
896 2083 994 2126 quae
1008 2082 1137 2124 super
1148 2067 1309 2109 animas
1327 2075 1405 2120 est,
1423 2067 1644 2126 cuisuspi-

254 2146 320 2181 rat
336 2138 477 2181 anima
491 2153 586 2181 mea
601 2137 670 2182 die
683 2153 730 2182 ac
742 2147 883 2182 nocte.
904 2137 987 2181 Sed
998 2136 1371 2195 pulchritudinum
1382 2137 1642 2181 exteriorum

256 2217 503 2267 operatores
516 2216 558 2250 et
583 2217 811 2251 sectatores
833 2206 934 2250 inde
957 2206 1140 2249 trahunt
1153 2207 1424 2265 approbandi
1444 2206 1640 2257 modum,

256 2294 345 2322 non
361 2287 503 2322 autem
523 2277 624 2321 inde
637 2279 818 2321 trahunt
842 2275 993 2320 utendi
1011 2276 1206 2319 modum.
1227 2279 1282 2320 Et
1307 2277 1367 2320 ibi
1392 2287 1470 2331 est,
1494 2286 1537 2320 et
1556 2292 1645 2320 non

256 2349 406 2392 vident
421 2365 537 2403 eum,
555 2358 706 2393 utnon
718 2357 817 2392 eant
830 2347 1072 2405 longius‚et
1083 2346 1381 2392 fortitudinem
1400 2363 1520 2391 suam
1534 2347 1588 2391 ad
1605 2357 1646 2391 te

256 2419 630 2474 custodiant4,nec
641 2435 736 2464 eam
752 2429 955 2478 spargant
968 2420 1011 2462 in
1025 2419 1245 2463 deliciosas
1259 2419 1644 2476 lassitudines.Ego

313 2517 325 2538 ¹
343 2516 427 2549 Gen.
455 2515 549 2549 vani
578 2521 609 2548 et
638 2526 722 2549 mx.
744 2533 784 2539 -
807 2523 818 2539 ²
839 2515 918 2548 Psal.
946 2527 1033 2558 xxiv,
1064 2515 1115 2548 ι5.
1136 2533 1176 2540 -
1198 2514 1210 2539 3
1237 2517 1282 2549 Id.
1303 2528 1374 2557 cxx,
1406 2514 1438 2558 ,1.
1466 2514 1538 2545 -4
1560 2516 1641 2548 Psal.

260 2584 348 2614 mn,
374 2584 423 2605 io.
