1871 3162
272 203 358 245 470
705 217 740 245 s.
775 214 1004 245 Auenszrmi
1035 216 1218 246 imscom

268 284 415 328 nescio
431 282 553 343 quod
573 291 817 327 monstrum
838 316 851 338 ,
875 281 1033 327 falsum
1056 297 1160 328 esse.
1178 285 1233 327 R.
1253 284 1352 329 Non
1373 283 1544 343 utique,
1563 298 1665 328 nam

269 355 304 399 Si
342 354 503 399 falsum
536 364 625 410 est,
660 352 884 414 quomodo
921 358 1176 399 monstrum
1197 356 1290 399 est?
1315 357 1369 400 A.
1393 354 1549 399 Miram
1572 370 1665 399 rem

267 426 395 471 video
429 444 440 471 ι
461 426 601 470 ita-ne
623 424 800 469 tandem
820 440 923 469 cum
949 426 1102 470 audio:
1128 428 1300 484 Angues
1326 426 1519 483 ingentes
1546 424 1668 470 aliteS

264 495 441 554 junctos
466 498 595 557 jugo,
621 512 711 540 non
733 495 830 540 dico
850 494 1040 540 falsum?
1060 500 1114 540 R.
1143 497 1257 541 Dicis
1283 496 1427 556 plane.
1450 499 1528 540 Est
1549 497 1667 541 enim

271 568 393 629 quod
413 567 574 612 falsum
594 582 683 611 esse
705 567 838 611 dicas.
865 570 918 610 A.
945 565 1061 619 Quid
1083 569 1262 627 quaeso?
1279 571 1332 611 R.
1363 566 1487 611 Illam
1506 566 1668 612 scilicet

271 639 531 683 sententiam
549 654 649 697 quae
667 641 760 697 ipso
771 653 899 681 versu
916 638 1186 681 enuntiatur.
1202 640 1255 682 A.
1272 640 1330 681 Et
1343 653 1476 696 quam
1491 636 1668 682 tandem

272 709 407 753 habet
427 709 506 751 ista
529 708 816 751 imitationem
838 707 964 752 veri?
987 711 1041 752 R.
1071 707 1180 761 Quia
1201 707 1397 752 similiter
1419 708 1668 751 enuntiare-

274 789 370 826 tur,
396 779 562 823 etiamsi
584 794 685 823 vere
711 777 822 822 illud
844 779 998 823 Medea
1022 779 1206 823 fecisset.
1235 780 1436 824 Imitatur
1459 795 1560 837 ergo
1576 781 1668 839 ipsa

277 848 577 893 enuntiatione
597 864 717 893 veras
745 848 979 892 sententias
1005 847 1112 893 falsa
1141 850 1369 894 sententia.
1403 851 1555 903 Quaesi
1579 866 1668 894 non

273 921 483 974 creditur,
512 935 563 963 eo
595 919 686 963 solo
715 919 911 963 imitatur
945 934 1068 963 veras
1091 920 1211 979 quod
1233 921 1293 964 ita
1321 920 1497 975 dieitur,
1518 929 1669 980 estque

273 1000 445 1036 tantum
462 991 593 1046 falsa,
613 1006 703 1034 non
726 991 854 1034 etiam
871 989 1041 1034 fallens.
1066 991 1109 1035 Si
1138 999 1283 1034 autem
1300 990 1432 1034 fidem
1448 993 1667 1050 impetrat,

274 1062 469 1106 imitatur
502 1061 632 1105 etiam
663 1059 847 1105 creditas
873 1075 1011 1105 veras.
1038 1064 1091 1104 A.
1127 1063 1223 1104 Jam
1255 1059 1452 1119 intelligo
1476 1060 1669 1105 multum

274 1133 477 1177 interesse
492 1133 606 1176 inter
635 1131 707 1175 illa
722 1147 821 1191 quae
850 1131 1046 1186 dicimus,
1073 1141 1116 1176 et
1132 1131 1203 1176 illa
1227 1131 1282 1175 de
1304 1132 1466 1191 quibus
1487 1130 1670 1176 dicimus

275 1203 442 1263 aliquid
465 1223 472 1248 :
503 1218 636 1263 quare
653 1203 744 1262 jam
767 1202 976 1246 assentior
1009 1221 1018 1247 ι
1054 1218 1155 1247 nam
1180 1203 1265 1247 hoc
1288 1202 1380 1247 solo
1404 1203 1668 1258 revocabar,

275 1273 493 1335 quidquid
515 1273 673 1317 falsum
696 1274 880 1318 dicimus
910 1289 1000 1318 non
1021 1282 1138 1318 recte
1162 1273 1246 1317 dici
1267 1309 1278 1328 ,
1300 1274 1381 1317 nisi
1399 1274 1560 1317 habeat
1580 1275 1672 1318 veri

277 1344 458 1404 alicujus
475 1344 777 1388 imitationem.
803 1344 906 1397 Quis
924 1344 1039 1387 enim
1055 1343 1244 1403 lapidem
1267 1343 1423 1388 falsum
1446 1353 1672 1402 argentum

279 1431 368 1461 esse
381 1415 624 1459 dicensnon
634 1415 733 1474 jure
754 1413 968 1458 rideatur?
996 1417 1160 1458 Tamen
1175 1415 1208 1457 si
1230 1415 1461 1474 quisquam
1483 1414 1674 1474 lapidem

280 1497 507 1546 argentum
525 1502 616 1531 esse
637 1486 768 1541 dicat,
794 1486 978 1530 dicimus
1002 1484 1161 1529 falsum
1176 1501 1274 1528 eum
1291 1485 1481 1539 dicre‚id
1493 1495 1571 1539 est,
1586 1486 1672 1529 fal-

280 1575 370 1603 sam
395 1557 589 1617 proferre
617 1557 890 1602 sententiam.
932 1559 1145 1601 Stannum
1169 1565 1314 1600 autem
1345 1556 1417 1601 vel
1441 1556 1674 1615 plumbum

282 1645 370 1673 non
386 1627 588 1683 absurde,
610 1637 658 1671 ut
677 1629 846 1687 opinor,
865 1626 1021 1670 falsum
1048 1636 1278 1685 argentum
1302 1642 1529 1682 vocamus,
1554 1627 1675 1687 quod

281 1702 327 1745 id
360 1716 425 1743 res
466 1700 557 1758 ipsa
593 1699 715 1743 velut
756 1698 951 1741 imitatur
973 1717 982 1742 z
1009 1713 1152 1757 neque
1170 1712 1222 1741 ex
1245 1713 1296 1742 eo
1327 1698 1433 1742 falsa
1447 1708 1509 1742 est
1529 1709 1674 1743 nostra

284 1771 513 1825 sententia,
534 1769 609 1813 sed
638 1768 750 1813 illud
767 1769 907 1828 ipsum
922 1767 977 1812 de
992 1784 1081 1829 quo
1103 1769 1374 1813 enuntiatur.

293 1926 1675 1950 ἊΜΜΜΝἋΜΜΜΜΜΝΙΜΜΜΜΜΜΜΜΜΜΜΜΝΛΜΛΝἏΜΜΜΜΜἋΜΜΜ

809 2049 1024 2097 CAPUT
1065 2049 1200 2095 XVI.

315 2196 399 2241 An
426 2193 627 2241 meliora
656 2191 945 2239 deteriorum
967 2189 1235 2237 nominibus
1259 2192 1428 2236 vocari
1443 2189 1642 2250 possint.

346 2345 488 2388 XXX.
508 2346 562 2387 R.
579 2340 929 2400 Bmmintelligis.
948 2340 1033 2386 Sed
1048 2338 1161 2384 illud
1173 2337 1271 2384 vide
1291 2346 1440 2382 utrum
1461 2346 1506 2382 et
1523 2352 1677 2396 argen-

290 2423 383 2459 tum
406 2413 502 2458 falsi
523 2413 695 2474 plumbi
716 2413 891 2457 nomine
908 2419 1198 2468 congruenter
1212 2408 1430 2468 appellare
1446 2409 1671 2467 possimus.

292 2487 344 2529 A.
370 2487 468 2530 Non
495 2485 601 2528 mihi
628 2483 784 2544 placet.
819 2486 873 2527 R.
902 2481 1018 2536 Quid
1041 2482 1131 2525 ita?
1164 2484 1217 2525 Α.
1248 2479 1400 2525 Nescio
1425 2494 1434 2520 z
1461 2478 1541 2523 nisi
1564 2477 1675 2522 illud

293 2556 438 2611 video,
454 2556 731 2600 vehementer
751 2563 903 2599 contra
923 2552 1192 2599 voluntatem
1205 2566 1345 2596 meam
1359 2550 1460 2595 dici.
1483 2553 1537 2594 R.
1560 2552 1674 2595 Num
