1871 3162
291 178 343 215 68
721 188 754 216 s.
790 188 1020 218 Aueus'nm
1053 191 1233 219 EPISCOPI

288 268 386 298 meo
406 288 418 308 ‚
443 254 519 298 sed
538 269 628 298 non
649 263 699 298 ut
720 253 927 299 medicus.
963 259 1071 302 Nam
1093 255 1209 300 illius
1230 256 1374 300 morbi
1391 264 1440 299 tu
1460 264 1633 300 sanator
1653 290 1665 311 ‚

285 323 363 382 qui
380 323 534 367 resistis
550 324 761 383 superbis,
778 325 1019 370 humilibus
1035 335 1181 370 autem
1198 325 1274 369 das
1297 326 1473 383 gratiam
1486 328 1516 368 ¹.
1536 327 1670 370 Num-

287 393 396 453 quid
416 402 561 438 tamen
583 395 712 439 etiam
729 410 807 453 per
824 393 949 439 illum
971 411 1119 439 senem
1136 394 1312 439 defuisti
1329 395 1452 451 mihi,
1477 404 1553 439 aut
1570 394 1669 439 des-

286 464 410 508 titisti
432 465 596 510 mederi
629 467 785 510 animae
812 468 956 511 meae?
977 466 1088 520 Quia
1111 467 1228 510 enim
1250 466 1391 510 factus
1412 466 1451 509 ei
1468 482 1585 510 eram
1603 465 1669 510 fa-

286 535 510 592 miliarior,
536 546 580 581 et
600 539 691 597 ejus
712 538 984 583 sermonibus
1006 540 1023 596 (
1040 547 1163 581 erant
1184 538 1300 581 enim
1324 537 1415 581 sine
1436 537 1670 582 verborum

287 606 411 651 cultu
431 608 660 653 vivacitate
674 610 988 654 sententiarum
1006 608 1191 668 jucundi
1213 618 1256 652 et
1278 611 1457 667 graves)
1477 607 1671 653 assiduus

285 686 328 721 et
349 678 459 723 fixus
480 679 746 724 inhaerebam
767 715 778 735 ‚
802 680 880 724 ubi
897 679 1100 738 cognovit
1121 694 1171 723 ex
1188 678 1408 739 colloquio
1429 694 1527 724 meo
1548 679 1669 723 libris

286 748 667 794 Genethliacorum
688 765 778 795 esse
811 766 881 794 me
914 750 1113 795 deditum
1133 785 1146 805 ,
1187 750 1377 808 benigne
1410 765 1459 794 ac
1490 758 1669 809 paterne

282 819 454 861 monuit
474 853 485 873 ‚
510 828 560 862 ut
583 835 655 864 eos
671 820 905 879 abjicerem
923 855 934 875 ‚
959 835 1102 880 neque
1119 835 1268 864 curam
1285 830 1328 864 et
1345 835 1520 880 operam
1539 820 1669 864 rebus

283 887 466 932 utilibus
482 890 766 933 necessariam
788 890 852 933 illi
872 892 1052 934 vanitati
1074 890 1233 935 frustra
1249 891 1545 951 impenderem
1565 903 1580 920 “
1607 890 1670 934 di·

280 973 380 1002 cens
394 959 452 1002 ita
465 959 641 1004 seillam
659 959 872 1013 didicisse,
888 969 938 1003 ut
951 962 1042 1019 ejus
1055 961 1364 1019 professionem
1381 961 1531 1020 primis
1545 961 1669 1005 annis

280 1030 417 1074 6613115
439 1045 528 1074 suae
551 1030 720 1075 deferre
751 1031 984 1085 voluisset,
1024 1047 1110 1091 qua
1141 1031 1276 1076 vitam
1305 1030 1514 1090 degeret3
1554 1041 1598 1075 et
1633 1032 1668 1076 si

281 1101 591 1160 Hippocratem
614 1101 909 1154 intellexisset,
935 1111 978 1146 et
999 1102 1092 1146 illas
1114 1102 1268 1161 utique
1290 1101 1453 1147 litteras
1475 1104 1668 1161 potuisse

279 1171 523 1230 intelligere
551 1189 559 1213 ε
586 1182 630 1216 61
650 1173 907 1216 tamennon
930 1172 987 1216 ob
1010 1172 1137 1216 aliam
1159 1188 1333 1216 causam
1354 1188 1399 1217 se
1416 1182 1563 1232 postea
1582 1173 1666 1217 illis

280 1242 439 1286 relictis
472 1242 732 1287 medicinam
761 1253 1003 1287 assecutum
1022 1278 1032 1298 ‚
1065 1244 1145 1287 nisi
1172 1243 1293 1302 quod
1323 1259 1393 1289 eas
1423 1242 1666 1288 falsissimas

279 1315 589 1372 comperuisset
604 1349 614 1369 ‚
649 1323 695 1358 et
717 1314 854 1358 nollet
875 1315 940 1358 vir
963 1315 1099 1373 gravis
1122 1313 1390 1373 decipiendis
1416 1315 1667 1360 hominibus

277 1385 442 1428 victum
464 1400 673 1444 quaerere.
707 1389 800 1429 «At
829 1395 904 1439 tu,
938 1385 1109 1445 inquit,
1145 1401 1233 1445 quo
1262 1395 1304 1429 te
1337 1387 1382 1429 in
1411 1386 1666 1431 hominibus

280 1471 301 1494 »
337 1464 551 1498 sustentas
569 1490 580 1509 ‚
606 1455 867 1498 rhetoricam
890 1464 1035 1511 tene33
1066 1455 1178 1499 hanc
1201 1465 1348 1499 31116111
1369 1455 1587 1500 fallaciam
1608 1457 1664 1500 li-

280 1542 300 1565 »
336 1524 442 1569 bero
460 1525 626 1580 studio,
650 1541 738 1569 non
761 1526 1012 1569 necessitate
1032 1526 1094 1569 rei
1115 1525 1336 1570 familiaris
1358 1529 1554 1579 sectaris3
1577 1543 1664 1588 quo

280 1613 301 1638 2)
336 1597 472 1655 magis
493 1597 598 1655 mihi
616 1605 658 1640 16
675 1605 846 1655 oportet
867 1596 922 1640 de
939 1595 1011 1639 illa
1029 1596 1226 1652 credere,
1251 1597 1328 1656 qui
1349 1613 1442 1641 eam
1460 1607 1547 1642 tam
1572 1614 1664 1657 per-

279 1685 301 1709 »
335 1666 450 1711 fecte
466 1667 630 1711 discere
651 1667 896 1722 elaboravi,
917 1683 1049 1726 quam
1072 1683 1122 1711 ex
1140 1683 1189 1711 ea
1211 1667 1300 1712 sola
1323 1668 1467 1713 vivere
1487 1669 1658 1714 volui?»

277 1740 316 1781 Α
332 1753 421 1797 quo
432 1752 511 1795 ego
524 1752 625 1781 cum
640 1737 885 1797 quaesissem
908 1753 1007 1797 quae
1025 1753 1152 1781 causa
1167 1753 1270 1796 ergo
1285 1738 1445 1782 faceret
1460 1748 1507 1782 ut
1523 1739 1659 1784 multa

278 1806 381 1851 inde
402 1823 503 1853 vera
525 1808 913 1867 pronuntiarentur
937 1823 945 1848 :
975 1807 1198 1866 respondit
1219 1806 1292 1851 ille
1313 1817 1362 1852 ut
1382 1809 1547 1867 potuit,
1573 1811 1659 1854 vim

274 1879 398 1924 sortis
411 1879 493 1923 hoc
508 1876 648 1922 facere
660 1879 706 1922 in
718 1894 862 1922 rerum
874 1887 1030 1922 natura
1044 1894 1361 1938 usquequaque
1377 1869 1596 1924 diffusarri.
1617 1881 1660 1924 Si

279 1949 395 1992 enim
414 1949 468 1992 de
484 1949 650 2008 paginis
670 1951 812 2008 poetae
830 1948 1072 2008 cujuspiam
1089 1947 1219 2006 longe
1238 1948 1357 1992 aliud
1379 1950 1572 1993 canentis
1594 1958 1660 1993 31-

280 2035 366 2079 que
383 2019 670 2075 intendentis,
692 2035 791 2064 cum
809 2020 922 2064 forte
943 2020 1039 2079 quis
1060 2019 1271 2074 consulit,
1292 2019 1545 2064 mirabiliter
1562 2036 1661 2065 6011-

287 2105 418 2135 sonus
452 2090 628 2149 negotio
660 2105 774 2149 saepe
806 2105 952 2133 versus
980 2090 1112 2132 exiret
1129 2110 1140 2146 3
1173 2089 1423 2133 mirandum
1451 2105 1541 2134 non
1572 2106 1660 2135 esse

286 2161 460 2206 dicebat
474 2197 485 2217 ‚
510 2162 543 2204 si
564 2176 616 2204 ex
637 2161 779 2204 anima
801 2161 992 2204 humana
1013 2195 1024 2215 ‚
1046 2160 1266 2219 superiore
1287 2159 1433 2219 aliquo
1451 2161 1661 2206 instinctu

281 2232 502 2277 nesciente
519 2231 627 2292 quid
647 2232 692 2274 in
711 2246 754 2274 se
770 2231 915 2285 116161,
936 2245 1024 2275 non
1043 2240 1148 2285 arte,
1173 2229 1246 2275 sed
1261 2239 1373 2274 sorte
1391 2241 1561 2276 sonaret
1578 2232 1660 2276 ali-

281 2304 390 2362 quid
409 2302 530 2363 quod
547 2302 851 2360 interrogantis
873 2301 1002 2345 rebus
1024 2301 1232 2361 factisque
1249 2301 1510 2346 concineret.
1682 2307 1688 2310 ’

341 2377 418 2418 VI.
445 2377 500 2418 Et
517 2375 600 2418 hoc
615 2373 790 2433 quidem
810 2372 864 2415 31)
881 2371 955 2416 1110
969 2371 1037 2415 vel
1051 2371 1264 2431 perillum
1279 2374 1518 2432 procurasti
1534 2374 1656 2417 mihi.

284 2447 341 2488 Et
362 2444 469 2503 quid
484 2444 573 2503 ipse
591 2451 734 2503 postea
760 2457 836 2500 per
859 2457 927 2485 mc
947 2443 1087 2501 ipsum
1107 2457 1362 2501 quaererem,
1385 2443 1430 2486 in
1452 2444 1658 2488 memoria

330 2531 342 2546 Τ
356 2532 427 2560 i‘cir
509 2532 539 2560 ζ).
