1871 3162
629 229 969 269 coNFEssmNuM,
1004 232 1086 258 Lm.
1123 234 1218 259 v111.
1512 225 1587 262 191

220 296 411 350 tertium,
428 311 483 339 an
503 293 558 339 ad
578 295 746 339 furtum
767 295 822 339 de
840 295 971 339 domo
994 294 1148 349 aliena,
1169 295 1203 338 si
1225 295 1373 339 subest
1393 299 1554 342 occasio
1583 318 1592 343 z

219 365 332 410 addo
354 375 396 410 et
417 374 643 426 quartum,
678 382 733 410 an
756 365 810 409 ad
840 365 1202 410 committendum
1240 364 1500 409 adulterium
1520 402 1530 421 ,
1561 368 1596 411 si

216 444 259 479 et
280 435 381 479 inde
412 435 540 479 simul
572 435 756 480 facultas
777 436 989 494 aperitur,
1019 436 1054 479 si
1085 435 1231 480 omnia
1263 444 1523 479 concurrant
1549 436 1594 480 in

216 520 353 549 unum
376 505 607 549 articulum
642 506 874 565 temporis,
910 506 1157 565 pariterque
1185 505 1417 564 cupiantur
1452 505 1594 550 omnia

212 590 310 634 quae
324 575 453 618 simul
466 576 533 634 agi
550 585 790 634 nequeunt.
807 576 1065 635 Discerpunt
1087 576 1203 619 enim
1215 575 1408 619 animum
1421 574 1592 619 sibimet

212 644 538 690 adversantibus
570 655 758 706 quatuor
779 646 1101 700 voluntatibus,
1138 645 1209 691 vel
1239 646 1365 691 etiam
1394 645 1592 705 pluribus

211 715 255 757 in
279 724 398 759 tanta
430 715 554 774 copia
570 731 715 760 rerum
737 732 836 777 quae
854 725 1142 776 appetuntur,
1166 731 1247 760 nec
1269 725 1412 760 tamen
1426 724 1592 760 tantam

211 785 538 830 multitudinem
563 787 832 832 diversarum
867 787 1209 832 substantiarum
1235 786 1377 831 solent
1410 786 1554 831 dicere
1578 805 1588 831 ε

210 856 268 900 ita
284 865 328 901 et
348 857 537 901 inbonis
552 857 869 903 voluntatibus⁶
894 861 1004 904 Nam
1025 873 1174 918 quaero
1189 857 1243 902 ab
1259 858 1335 912 eis,
1353 865 1500 901 utrum
1517 857 1591 901 bo-

209 942 315 971 num
344 927 399 972 sit
419 926 623 972 delectari
649 927 836 973 lectione
867 928 1086 987 Apostoli,
1113 937 1156 970 et
1176 936 1326 970 utrum
1349 928 1515 970 bonum
1537 927 1592 971 sit

206 995 411 1041 delectari
433 997 599 1056 psalmo
620 999 764 1042 sobrio
782 1033 793 1053 ‚
812 1007 856 1042 et
873 1006 1023 1042 utrum
1041 997 1209 1041 bonum
1230 996 1285 1040 sit
1304 995 1590 1053 Evangelium

204 1066 423 1113 disserere.
460 1067 807 1127 Respondebunt
835 1068 891 1112 ad
932 1067 1102 1126 singula
1138 1087 1147 1112 :
1187 1069 1375 1111 Bonum.
1409 1066 1527 1120 Quid
1557 1067 1592 1111 si

204 1153 306 1196 ergo
338 1139 498 1197 pariter
542 1138 762 1182 delectent
799 1138 944 1182 omnia
980 1136 1196 1196 simulque
1237 1152 1327 1181 uno
1365 1138 1590 1196 tempore?

202 1211 355 1255 Nonne
385 1209 566 1254 diversae
590 1208 835 1254 voluntates
863 1208 1120 1253 distendunt
1141 1223 1215 1252 cor
1241 1208 1453 1262 hominis,
1487 1224 1588 1252 cum

201 1278 469 1325 deliberatur
488 1279 596 1340 quid
618 1279 890 1339 potissimum
907 1279 1192 1338 arripiamus?
1209 1281 1265 1323 Et
1286 1293 1436 1324 omnes
1459 1279 1587 1322 bonae

202 1358 325 1405 sunt,
344 1358 388 1394 et
408 1358 576 1394 certant
595 1365 739 1394 secum
762 1348 902 1394 donec
924 1348 1107 1407 eligatur
1124 1364 1260 1393 unum
1280 1383 1292 1403 ,
1316 1363 1405 1408 quo
1421 1347 1588 1392 feratur

201 1427 291 1464 tota
313 1420 511 1464 voluntas
542 1436 654 1474 una,
679 1435 778 1480 quae
810 1420 856 1463 in
877 1418 1022 1478 plures
1049 1418 1340 1464 dividebatur.
1368 1422 1434 1463 Ita
1456 1419 1586 1462 etiam

200 1505 299 1534 cum
321 1491 538 1535 aeternitas
568 1489 754 1535 delectat
775 1491 970 1549 superius
985 1525 996 1544 ‚
1023 1499 1066 1534 et
1094 1489 1343 1549 temporalis
1377 1490 1482 1533 boni
1503 1505 1584 1534 vo-

199 1558 342 1619 luptas
359 1569 545 1605 retentat
566 1559 760 1615 inferius,
780 1558 932 1604 eadem
956 1559 1099 1603 anima
1120 1568 1184 1602 est
1205 1575 1295 1603 non
1316 1568 1407 1603 tota
1427 1559 1586 1604 volun-

200 1639 285 1674 tate
311 1630 422 1675 illud
453 1640 529 1675 aut
551 1631 635 1675 hoc
655 1630 833 1688 volens3
857 1638 901 1673 et
927 1629 1027 1674 ideo
1058 1628 1315 1688 discerpitur
1337 1630 1455 1687 gravi
1490 1645 1586 1673 mo-

198 1700 318 1745 lestia
340 1700 448 1745 dum
468 1700 578 1745 illud
602 1701 778 1745 veritate
799 1700 1040 1760 praeponit,
1068 1700 1150 1744 hoc
1179 1697 1472 1743 familiaritate
1493 1714 1583 1744 non

199 1772 339 1830 ponit.
