1871 3162
11 687 13 707 -
13 387 22 537 7.„.--—-‹

591 264 937 304 CONFESSiONUM,
972 267 1055 294 Lm.
1092 268 1134 295 v.
1500 261 1550 299 91

183 338 226 374 et
246 329 476 375 consolaris
495 345 580 375 eos.
603 333 658 375 Et
681 331 757 375 ubi
779 346 858 389 ego
876 347 993 376 eram
1014 331 1191 392 quando
1212 339 1255 376 te
1275 334 1556 392 quaerebam?

181 403 238 444 Et
259 409 305 444 tu
328 415 418 444 eras
441 409 540 445 ante
560 416 632 445 me
648 436 660 456 ,
681 415 762 460 ego
789 411 932 446 autem
963 411 1006 446 et
1023 418 1047 447 a
1069 417 1138 447 me
1155 402 1452 462 discesseram,
1476 420 1555 450 nec

180 485 250 515 me
263 471 538 516 inveniebam
555 506 566 527 ‚
591 481 755 532 quanto
772 473 913 518 minus
930 481 987 518 te.

177 637 668 656 wnwvvwwwnmmmmmm

1235 640 1556 657 MAMWUMMW

697 772 916 823 CAPUT
960 776 1054 822 III.

174 924 251 970 De
282 926 473 972 Fausto
507 926 788 973 llffanz'elzceo
820 937 866 969 ec
893 927 952 969 cle
976 922 1382 984 Philosophorum
1415 924 1555 970 ececz'-

259 1004 358 1039 tate
392 996 475 1053 qui
499 1011 590 1055 per
632 1004 883 1040 creaturas
929 994 1211 1040 Creatorem
1252 1011 1349 1040 non
1379 1010 1556 1057 cogno-

261 1075 445 1110 verunt.

215 1227 295 1269 ΙΙΙ.
314 1228 577 1278 Pnoroomm
594 1226 639 1268 in
657 1233 893 1284 conspectu
906 1225 983 1269 Dei
999 1225 1084 1268 mei
1101 1239 1264 1269 annum
1280 1224 1405 1269 illum
1418 1225 1555 1270 unde-

173 1296 442 1354 trigesimum
460 1296 598 1340 aetatis
610 1311 734 1340 meae.
750 1298 775 1340 J
778 1311 846 1340 am
859 1304 1038 1340 venerat
1052 1296 1356 1355 Carthaginem
1375 1296 1552 1356 quidam

171 1367 513 1411 Manichaeorum
535 1367 760 1426 episcopus
777 1402 793 1422 ,
832 1369 1018 1411 Faustus
1045 1366 1246 1421 nomine,
1275 1382 1457 1426 magnus
1490 1367 1554 1412 la—

170 1451 309 1496 queus
331 1436 522 1490 diaboli,
545 1446 589 1480 et
611 1436 739 1481 multi
766 1437 1104 1494 implicabantur
1135 1437 1182 1481 in
1213 1452 1264 1481 eo
1302 1453 1378 1496 per
1408 1437 1555 1482 illece-

169 1506 290 1550 bram
314 1505 698 1566 suaviloquentiae3
723 1521 856 1564 quam
888 1520 967 1563 ego
988 1508 1156 1549 tametsi
1177 1507 1409 1551 laudabam
1430 1543 1441 1559 ,
1467 1508 1553 1552 dis-

168 1576 399 1620 cernebam
431 1585 579 1620 tamen
601 1591 625 1620 a
646 1576 826 1620 veritate
847 1590 1017 1628 rerum,
1042 1590 1228 1635 quarum
1249 1574 1554 1620 discendarum

170 1645 320 1690 avidus
338 1659 454 1689 eram
475 1664 483 1689 2
511 1659 590 1688 nec
611 1644 730 1703 quali
753 1644 927 1688 vasculo
954 1645 1191 1700 sermonis,
1215 1645 1290 1689 sed
1319 1644 1427 1705 quid
1449 1646 1554 1689 mihi

170 1716 360 1761 scientiae
373 1714 692 1760 comedendum
714 1723 951 1774 apponeret
968 1715 1216 1759 nominatus
1237 1715 1353 1774 apud
1381 1731 1453 1761 eos
1482 1716 1555 1760 ille

170 1789 372 1839 Faustus,
388 1785 606 1830 intuebar.
620 1787 754 1828 Fama
766 1785 883 1828 enim
902 1783 956 1828 de
970 1784 1044 1829 illo
1060 1785 1297 1844 praelocuta
1316 1785 1420 1828 mihi
1445 1796 1551 1841 erat,

169 1857 289 1916 quod
306 1865 415 1900 esset
430 1857 712 1900 honestarum
729 1856 927 1899 omnium
940 1854 1237 1900 doctrinarum
1256 1856 1551 1915 peritissimus,

169 1936 212 1970 et
234 1926 428 1986 apprime
457 1925 693 1984 disciplinis
727 1925 980 1970 liberalibus
1018 1926 1230 1970 eruditus.
1256 1929 1313 1970 Et
1347 1927 1555 1986 quoniam

168 1997 306 2040 multa
327 1996 687 2055 philosophorum
708 1995 913 2054 legeram,
931 1997 1239 2056 memoriaeque
1261 1997 1465 2041 mandata
1487 2013 1556 2041 re-

168 2067 358 2111 tinebam
372 2103 383 2119 ,
409 2083 461 2110 ex
481 2067 539 2128 eis
557 2065 759 2127 quaedam
782 2067 1087 2126 comparabam
1106 2066 1191 2111 illis
1212 2068 1554 2112 Manichaeorum

169 2136 306 2194 longis
328 2136 487 2180 fabulis
510 2156 519 2181 :
545 2146 587 2180 et
608 2136 713 2180 mihi
731 2136 1023 2195 probabiliora
1045 2138 1123 2181 ista
1139 2136 1404 2181 videbantur
1418 2173 1430 2195 ,
1454 2154 1554 2197 quae

168 2206 376 2250 dixerunt
397 2206 487 2260 illi,
521 2208 595 2266 qui
618 2215 789 2250 tantum
818 2216 1059 2266 potuerunt
1093 2208 1261 2262 valere,
1297 2217 1346 2251 ut
1380 2219 1555 2268 possent

170 2279 381 2322 aestimare
418 2278 623 2322 saeculum
641 2313 652 2333 ,
699 2293 953 2338 quanquam
984 2280 1074 2339 ejus
1110 2279 1342 2323 Dominum
1378 2280 1557 2324 minime

169 2347 441 2392 invenerint¹
465 2364 474 2389 :
500 2348 707 2408 quoniam
749 2364 933 2408 magnus
956 2364 999 2393 es
1015 2384 1025 2404 ,
1065 2351 1248 2394 Domine
1264 2385 1274 2404 ,
1299 2359 1341 2393 et
1374 2349 1555 2395 humilia

170 2418 368 2477 respicis,
407 2416 570 2462 excelsa
592 2428 738 2462 autem
767 2435 790 2462 a
812 2418 940 2477 longe
967 2420 1231 2478 cognoscis2.
1261 2422 1349 2465 Nec
1380 2420 1556 2479 propin-

168 2504 274 2550 quas
296 2489 377 2533 nisi
398 2489 564 2533 obtritis
591 2489 721 2534 eorde
739 2525 749 2545 ,
780 2505 860 2535 nec
892 2490 1098 2536 inveniris
1120 2505 1142 2535 a
1165 2490 1385 2551 superbis,
1417 2505 1496 2536 nec
1518 2491 1554 2535 si

216 2592 225 2608 ¹
245 2587 320 2628 Sap.
341 2597 410 2628 xm,
429 2597 463 2628 9.
484 2602 525 2609 —
544 2592 557 2610 ²
571 2585 652 2621 Psal.
677 2596 817 2629 cxxxvu,
839 2587 871 2619 6.
