1871 3162
236 165 316 202 152
615 175 647 203 S.
696 176 924 205 AUGUSTINI
956 178 1136 205 EPISCOPI

230 251 330 286 ante
351 251 395 286 te
414 251 506 286 erat
523 243 783 287 desiderium
805 259 974 299 meum,
1006 253 1050 288 et
1068 243 1218 287 lumen
1240 243 1468 288 oculorum
1491 259 1611 289 meo-

174 336 176 339 ·
229 329 327 358 rum
344 329 434 358 non
454 323 546 358 erat
562 318 774 360 mecum1.
801 318 924 359 Intus
942 315 1055 358 enim
1079 324 1192 369 erat,
1217 330 1298 373 ego
1319 324 1467 359 autem
1489 315 1608 359 foris.

229 388 318 432 Nec
349 386 395 429 in
427 385 525 430 loco
552 385 691 430 illud:
716 396 760 431 at
787 401 866 444 ego
894 385 1176 430 intendebam
1213 386 1260 429 in
1296 401 1345 431 ea
1374 402 1474 446 quae
1507 386 1613 430 locis

228 456 525 510 continentur,
551 465 593 499 et
615 471 704 500 non
724 455 785 499 ibi
802 455 1079 500 inveniebam
1100 454 1246 500 locum
1264 455 1320 500 ad
1337 456 1615 516 requiescen-

229 527 336 572 dum
369 545 378 571 ι
413 542 494 571 nec
521 526 789 586 recipiebant
815 542 885 571 me
917 527 997 572 ista
1028 536 1079 571 ut
1113 526 1332 571 dicerem:
1360 529 1433 571 Sat
1462 536 1547 581 est,
1572 536 1616 572 et

228 599 342 642 bene
364 606 427 642 est
446 617 455 642 ε
477 613 557 642 nec
582 597 864 642 dimittebant
884 597 1041 652 redire,
1062 597 1140 641 ubi
1159 598 1268 641 mihi
1289 598 1387 641 satis
1408 606 1518 642 esset
1533 598 1614 641 be-

229 684 298 713 ne.
331 669 534 728 Superior
561 668 678 712 enim
699 683 817 712 eram
837 668 940 724 istis,
960 677 1004 712 te
1025 683 1129 714 vero
1150 666 1344 723 inferior,
1370 677 1412 712 et
1433 677 1484 712 tu
1506 683 1607 727 gau-

228 740 351 783 dium
364 754 518 784 verum
544 739 651 783 mihi
673 738 850 783 subdito
873 738 974 794 tibi,
997 747 1040 782 et
1062 747 1112 783 tu
1132 738 1240 782 mihi
1256 739 1499 798 subjeceras
1516 754 1615 798 quae

227 809 343 853 infra
358 824 428 852 me
451 810 619 853 creasti,
640 811 698 852 Et
718 809 802 852 hoc
822 817 914 852 erat
935 817 1104 853 rectum
1125 817 1520 867 temperamentum
1537 843 1548 864 ‚
1571 817 1614 853 et

227 878 371 923 media
384 880 504 938 regio
525 878 674 923 salutis
696 887 883 934 meae,ut
903 893 1125 922 manerem
1147 877 1203 922 ad
1222 878 1455 936 imaginem
1471 888 1611 934 tuam,

229 959 273 994 et
293 950 374 994 tibi
397 950 585 994 serviens
607 948 854 994 dominarer
876 949 1061 1008 corpori.
1077 949 1161 993 Sed
1182 964 1281 993 cum
1303 949 1490 1008 superbe
1509 964 1617 994 con-

230 1030 296 1065 tra
316 1029 359 1064 te
382 1035 603 1078 surgerem
620 1054 631 1073 ‚
656 1028 699 1063 et
727 1034 946 1064 currerem
970 1020 1174 1063 adversus
1195 1019 1433 1062 Dominum
1454 1019 1500 1062 in
1522 1034 1619 1063 cera

230 1091 322 1135 vice
343 1104 483 1135 crassa
519 1090 630 1134 scuti
651 1090 765 1133 mei²
784 1124 795 1144 ‚
826 1090 956 1133 etiam
985 1089 1065 1134 ista
1085 1089 1233 1132 infima
1262 1103 1391 1147 supra
1414 1104 1483 1132 me
1505 1088 1619 1134 facta

231 1171 354 1217 sunt,
380 1170 423 1205 et
437 1161 718 1220 premebant,
740 1169 782 1204 et
805 1175 1021 1220 nusquam
1043 1168 1134 1203 erat
1152 1159 1446 1203 laxamentum
1463 1169 1506 1204 et
1528 1175 1620 1206 res-

231 1233 647 1292 piramentum.lpsa
670 1230 958 1274 occurrebant
976 1230 1173 1290 undique
1195 1229 1428 1273 acervatim
1451 1239 1495 1274 et
1516 1246 1621 1275 con-

233 1302 445 1362 globatim
474 1302 695 1356 cernenti,
721 1301 930 1359 cogitanti
951 1309 1098 1344 autem
1122 1300 1331 1357 imagines
1353 1314 1585 1359 corporum
1605 1336 1616 1357 ,

232 1373 336 1432 ipsae
364 1371 702 1431 opponebantur
723 1369 952 1426 redeunti,
989 1369 1113 1429 quasi
1140 1368 1358 1413 diceretur
1389 1387 1398 1413 :
1437 1371 1535 1422 Quo
1557 1371 1617 1427 is,

232 1443 411 1501 indigne
439 1451 482 1485 et
513 1440 717 1485 sordide?
742 1443 799 1484 Et
831 1441 925 1485 haec
954 1439 1009 1484 de
1042 1439 1219 1484 vulnere
1246 1454 1345 1483 meo
1366 1450 1617 1498 creverant,

235 1515 337 1573 quia
357 1512 594 1556 humiliasti
621 1521 831 1571 tanquam
853 1512 1132 1556 vulneratum
1156 1510 1394 1570 superbum
1408 1511 1423 1537 ³
1449 1530 1458 1555 z
1482 1521 1525 1556 et
1547 1521 1621 1556 tu-

234 1599 356 1628 more
376 1598 474 1627 meo
496 1581 726 1641 separabar
748 1582 823 1626 abs
844 1592 887 1626 te
905 1616 916 1637 ‚
940 1590 984 1627 et
1004 1581 1132 1625 nimis
1160 1582 1311 1626 inflata
1340 1579 1471 1636 facies
1491 1581 1615 1627 clau·

235 1654 367 1698 debat
388 1652 538 1698 oculos
558 1667 693 1697 meos.

284 1769 295 1786 ¹
314 1763 394 1795 Psal.
415 1773 553 1803 xxxvm,
571 1773 668 1805 9·¹¹·
689 1778 730 1786 —
750 1768 764 1785 ²
781 1762 851 1795 Job.
873 1761 1001 1803 xv‚26.
1020 1778 1060 1785 -
1074 1759 1088 1785 3
1108 1761 1188 1794 Psal.
1212 1771 1366 1802 Lxxxvm,
1388 1772 1440 1794 ιι.
