1871 3162
610 272 930 305 CONFESSIONUM
941 292 952 314 ,
986 275 1070 304 Lm.
1106 277 1147 303 v.
1490 268 1572 305 109

200 448 1505 469 wmmvwwmmwwmmwwmmmmmmwwmm
1510 450 1574 465 Wv!

698 580 912 630 CAPUT
950 582 1060 628 XII.

305 736 468 782 Fraus
492 735 832 797 discipulorum
858 737 1025 783 Romce
1055 738 1104 782 in
1131 744 1467 796 praeceptores.

255 898 399 941 XXII.
427 898 596 942 SEDULO
618 912 721 955 ergo
743 912 868 956 agere
890 911 1108 956 coeperam
1126 931 1136 951 ,
1156 905 1334 955 propter
1359 894 1479 955 quod
1503 909 1579 938 ve-

196 981 367 1022 neram,
393 976 443 1011 ut
477 967 680 1012 docerem
714 971 865 1012 Romae
900 976 1034 1011 artem
1079 967 1359 1020 rhetoricam,
1388 974 1430 1008 et
1464 964 1580 1023 prius

197 1035 318 1080 domi
340 1053 603 1097 congregare
620 1038 787 1097 aliquos
803 1073 814 1093 ,
839 1038 998 1098 quibus
1019 1047 1062 1081 et
1083 1053 1159 1096 per
1181 1052 1289 1096 quos
1310 1037 1580 1079 innotescere

197 1122 439 1166 coeperam3
465 1117 507 1152 et
525 1123 624 1152 ecce
641 1123 855 1165 cognosco
876 1108 958 1151 alia
980 1111 1132 1153 Romae
1148 1107 1257 1161 fieri,
1278 1121 1378 1165 quae
1400 1119 1489 1148 non
1511 1119 1581 1162 pa-

196 1177 334 1220 tiebar
350 1177 396 1220 in
413 1176 572 1220 Africa.
590 1179 698 1221 Nam
714 1191 861 1220 revera
878 1177 972 1219 illas
989 1176 1230 1219 eversiones
1245 1191 1267 1218 a
1284 1174 1460 1233 perditis
1475 1173 1581 1217 ado-

193 1245 453 1290 lescentibus
474 1247 534 1290 ibi
556 1262 644 1290 non
664 1246 756 1289 fieri
779 1244 1102 1289 manifestatum
1120 1254 1184 1288 est
1205 1244 1326 1288 mihi.
1352 1263 1371 1285 «
1396 1242 1480 1287 Sed
1502 1258 1577 1286 su-

195 1316 303 1370 bito,
320 1317 542 1376 inquiunt,
561 1332 616 1360 ne
631 1317 873 1360 mercedem
890 1315 1094 1374 magistro
1109 1314 1310 1369 reddant,
1330 1313 1580 1372 conspirant

195 1386 322 1430 multi
344 1386 637 1431 adolescentes
651 1421 662 1441 ,
682 1395 725 1429 et
747 1385 1015 1429 transferunt
1035 1401 1079 1429 se
1096 1385 1150 1429 ad
1168 1385 1317 1439 alium,
1341 1385 1580 1428 desertores

193 1457 296 1501 fidei
325 1466 368 1501 et
400 1457 560 1517 quibus
590 1472 680 1516 prae
706 1457 905 1516 pecuniae
936 1457 1149 1500 charitate
1176 1455 1341 1515 justitia
1371 1454 1466 1499 vilis
1499 1463 1576 1498 est.

192 1527 355 1572 Oderat
373 1529 501 1572 etiam
520 1529 622 1572 istos
644 1543 718 1572 cor
739 1543 901 1582 meum,
920 1527 1117 1587 quamvis
1135 1543 1223 1571 non
1245 1525 1437 1585 perfecto
1459 1525 1576 1570 odio.

193 1599 323 1652 Quod
344 1599 459 1643 enim
485 1600 540 1643 ab
562 1600 620 1642 eis
641 1614 843 1658 passurus
866 1614 999 1651 eram,
1026 1599 1158 1657 magis
1182 1597 1354 1642 oderam
1380 1596 1575 1650 fortasse,

192 1684 324 1729 quam
346 1684 398 1713 eo
419 1670 539 1729 quod
556 1668 738 1713 cuilibet
751 1668 898 1712 illicita
923 1667 1151 1712 faciebant.
1169 1669 1297 1712 Certe
1318 1676 1466 1710 tamen
1490 1676 1580 1709 tur-

192 1755 267 1799 pes
289 1750 390 1785 sunt
416 1740 521 1784 tales
536 1775 547 1795 ‚
585 1749 628 1784 et
662 1738 934 1784 fornicantur
968 1739 1043 1783 abs
1076 1749 1140 1793 te,
1178 1736 1364 1782 amando
1391 1736 1579 1781 volatica

190 1809 381 1855 ludibria
403 1820 650 1870 temporum
672 1820 715 1855 et
731 1810 903 1854 lucrum
925 1810 1092 1854 luteum
1112 1844 1123 1864 ,
1149 1807 1269 1869 quod
1291 1823 1392 1852 cum
1419 1823 1577 1866 appre-

192 1881 424 1935 henditur,
458 1896 638 1924 manum
672 1880 899 1940 inquinat,
944 1889 987 1924 et
1020 1879 1326 1939 amplectendo
1358 1877 1577 1921 mundum

192 1949 431 2009 fugientem
450 1985 460 2005 ,
474 1949 796 1995 contemnendo
817 1959 861 1994 te
881 1959 1132 1994 manentem
1148 1958 1192 1993 et
1214 1957 1507 2002 revocantem,
1534 1956 1578 1991 et

191 2022 483 2079 ignoscentem
505 2019 705 2064 redeunti
728 2019 783 2063 ad
804 2028 846 2063 te
868 2020 1082 2064 meretrici
1099 2020 1255 2063 animae
1277 2019 1496 2062 humanae.
1522 2021 1578 2061 Et

191 2106 310 2135 nunc
322 2090 428 2135 tales
445 2089 518 2135 odi
540 2105 693 2149 pravos
715 2098 758 2133 et
779 2088 981 2133 distortos
996 2124 1006 2144 ,
1026 2089 1222 2148 quamvis
1245 2103 1316 2133 eos
1350 2088 1576 2146 corrigen-

192 2161 270 2206 dos
294 2160 493 2220 diligam,
516 2169 565 2204 ut
587 2159 783 2219 pectiniae
810 2160 1055 2204 doctrinam
1076 2160 1214 2218 ipsam
1242 2174 1374 2219 quam
1402 2158 1578 2202 discunt

191 2231 447 2292 praeferant,
472 2231 511 2275 ei
532 2246 634 2275 vero
652 2240 694 2274 te
716 2233 855 2275 Deum
876 2231 1104 2275 veritatem
1125 2240 1168 2274 et
1196 2230 1438 2274 ubertatem
1470 2230 1576 2273 certi

192 2303 298 2348 boni
319 2311 362 2346 et
383 2317 533 2362 pacem
547 2302 842 2347 castissimam.
870 2301 954 2346 Sed
971 2311 1076 2346 tunc
1098 2317 1169 2346 eos
1186 2301 1321 2359 magis
1342 2300 1432 2359 pati
1449 2298 1576 2344 nole-

191 2374 294 2418 bam
323 2373 458 2418 malos
479 2382 656 2433 propter
677 2388 767 2428 me,
793 2388 925 2432 quam
962 2373 1054 2417 fieri
1075 2382 1251 2432 propter
1273 2381 1315 2416 te
1338 2371 1476 2416 bonos
1493 2386 1575 2415 vo-

193 2444 351 2490 lebam.
