1871 3162
595 230 944 270 couFEsnoNtm,
979 232 1062 260 LIB·
1097 233 1158 266 γι.
1477 222 1561 264 135

187 306 354 342 menter
380 295 652 341 consuetudo
684 295 890 341 satiandae
922 294 1176 340 insatiabilis
1201 297 1561 355 concupiscentiae

184 383 254 411 me
274 376 449 425 captum
476 366 749 410 excruciabat
777 385 786 410 z
819 364 944 409 illum
970 373 1116 409 autem
1137 363 1364 410 admiratio
1384 368 1561 425 capien-

182 427 290 482 dum
305 436 518 481 trahebat.
533 437 600 482 Sic
622 451 808 491 eramus,
823 437 962 480 donec
980 445 1043 491 tu,
1067 434 1299 490 tutissime,
1323 451 1413 480 non
1434 437 1558 480 dese-

183 523 280 551 rens
322 508 506 551 humum
543 515 735 550 nostram
753 541 765 561 ,
807 508 1033 551 miseratus
1073 506 1248 550 miseros
1264 540 1275 557 ‚
1313 506 1564 550 subvenires

182 579 299 622 miris
320 587 364 622 et
384 577 563 622 occultis
584 577 739 622 modis.

184 747 423 763 mmmm
430 747 499 763 ΜΒ
505 745 1569 764 mmmmmmmmmmmwnmmmwumm

669 878 887 928 CAPUT
929 880 1076 926 XIII.

526 1034 576 1080 U
576 1052 670 1081 xor
691 1036 922 1094 qzccerz'tar·
939 1036 1229 1097 Augustino.

240 1195 409 1238 XXIII.
428 1196 491 1238 ΕΤ
506 1192 751 1237 instabatur
767 1192 951 1252 impigre
967 1201 1018 1236 ut
1038 1191 1242 1237 ducerem
1262 1205 1455 1238 uxorem.
1472 1195 1568 1237 Jam

181 1264 388 1323 petebam
407 1298 418 1317 ‚
438 1265 529 1324 jam
552 1263 889 1321 promittebatur
906 1297 918 1317 ,
942 1262 1127 1306 maxime
1150 1272 1286 1306 matre
1310 1263 1442 1307 dante
1467 1278 1572 1322 ope-

181 1350 290 1389 ram,
301 1349 390 1394 quo
403 1350 473 1378 me
485 1340 572 1390 jam
586 1335 868 1393 conjugatum
884 1333 1122 1392 baptismus
1137 1333 1333 1378 salutaris
1349 1333 1564 1388 ablueret,

182 1420 270 1464 quo
297 1420 366 1448 me
387 1406 433 1448 in
455 1404 546 1448 dies
568 1404 788 1463 gaudebat
810 1404 971 1463 aptari⁷
996 1413 1040 1448 et
1068 1412 1167 1450 vota
1190 1419 1266 1448 sua
1289 1420 1337 1449 ac
1361 1404 1566 1463 promissa

179 1485 253 1519 tua
275 1475 322 1519 in
359 1490 456 1519 mea
483 1474 570 1518 fide
605 1474 815 1533 compleri
839 1473 1227 1519 animadvertebat.
1261 1476 1374 1519 Cum
1403 1490 1504 1519 sane
1524 1483 1568 1519 et

181 1554 336 1604 rogatu
357 1559 456 1589 meo
487 1553 531 1588 et
552 1543 766 1588 desiderio
789 1559 867 1588 suo
896 1544 1001 1588 forti
1027 1543 1217 1588 clamore
1241 1544 1382 1589 cordis
1414 1544 1491 1589 abs
1523 1553 1567 1589 te

179 1615 486 1675 deprecaretur
506 1613 723 1674 quotidie,
749 1623 800 1658 ut
816 1615 855 1658 ei
874 1629 950 1673 per
971 1614 1110 1658 visum
1133 1613 1382 1658 ostenderes
1404 1614 1566 1675 aliquid

180 1686 234 1729 de
255 1686 410 1730 futuro
431 1685 709 1735 matrimonio
730 1700 829 1729 mco
845 1720 856 1740 ‚
892 1699 1119 1744 nunquam
1142 1683 1330 1729 voluisti.
1364 1687 1421 1729 Et
1441 1685 1566 1729 vide-

182 1756 256 1800 bat
277 1756 479 1816 quaedam
512 1770 621 1800 vana
644 1765 687 1799 et
722 1755 995 1814 phantastica
1010 1791 1023 1810 ,
1048 1771 1137 1815 quo
1175 1754 1360 1814 cogebat
1381 1755 1569 1814 impetus

179 1826 234 1870 de
265 1828 346 1870 hac
376 1841 421 1868 re
451 1827 682 1883 satagentis
703 1827 885 1870 humani
906 1826 1102 1885 spiritus,
1126 1835 1168 1870 et
1192 1826 1397 1870 narrabat
1422 1825 1560 1882 mihi,

179 1912 268 1940 non
298 1911 400 1939 cum
421 1896 581 1940 fiducia
602 1911 689 1955 qua
715 1896 880 1940 solebat
898 1930 910 1950 ,
940 1911 1042 1940 cum
1076 1905 1126 1940 tu
1157 1896 1476 1940 demonstrares
1496 1895 1558 1950 ei,

178 1968 253 2011 sed
274 1975 556 2011 contemnens
571 1982 635 2011 ea.
648 1967 827 2010 Dicebat
849 1967 965 2011 enim
987 1965 1229 2011 discernere
1247 1982 1291 2011 se
1311 1967 1455 2011 nescio
1472 1981 1561 2026 quo

178 2052 329 2097 sapore
350 2052 481 2097 quem
498 2038 637 2082 verbis
658 2036 871 2096 explicare
892 2052 981 2081 non
1002 2045 1189 2096 poterat,
1209 2035 1316 2096 quid
1336 2037 1561 2081 interesset

177 2108 289 2152 inter
315 2107 580 2152 revelantem
608 2117 649 2163 te
673 2116 717 2151 et
739 2108 926 2152 animam
953 2122 1075 2151 suam
1091 2107 1393 2152 somniantem.
1418 2109 1559 2151 Insta-

178 2179 308 2222 batur
330 2187 498 2233 tamen,
519 2187 561 2222 et
579 2178 724 2238 puella
742 2178 989 2238 petebatur,
1009 2179 1132 2238 cujus
1154 2187 1257 2223 aetas
1278 2177 1414 2222 ferme
1434 2178 1560 2222 bien-

180 2248 254 2292 nio
272 2249 414 2293 minus
431 2264 563 2309 quam
585 2249 747 2294 nubilis
769 2259 861 2294 erat
877 2284 888 2304 ‚
908 2259 952 2294 et
970 2249 1073 2309 quia
1093 2264 1143 2292 ea
1162 2249 1360 2309 placebat
1377 2284 1388 2304 ‚
1414 2263 1562 2308 expec-

181 2318 369 2362 tabatur.
