1871 3162
528 265 845 290 confessmnml
866 280 875 298 ‚
911 264 992 288 Liri.
1032 263 1107 287 xri.
1410 254 1489 289 :3523

123 335 216 370 tum
240 327 291 370 sit
314 327 360 369 in
386 334 501 370 tanta
523 326 647 385 copia
677 327 994 370 verissimarum
1027 325 1358 379 sententiarum,
1398 340 1498 383 quae

121 396 176 440 de
204 396 288 441 illis
310 396 451 440 verbis
473 396 566 440 erui
598 405 779 456 possunt
795 431 806 452 ‚
830 405 993 441 temere
1017 395 1232 440 affirmare
1263 410 1396 456 quam
1426 410 1498 439 ea-

122 483 218 510 rum
239 471 408 525 Moyses
429 467 697 527 potissimum
731 469 929 524 senserit,
960 478 1003 513 et
1038 467 1286 528 perniciosis
1314 475 1497 512 conten-

123 538 314 582 tionibus
330 539 467 598 ipsam
488 539 711 584 offendere
733 540 986 584 charitatem
1002 573 1013 595 ‚
1038 548 1215 599 propter
1235 552 1368 599 qnam
1390 536 1500 582 dixit

124 609 267 653 omnia
283 643 294 664 ,
320 615 442 667 cujus
462 608 577 655 dicta
599 626 809 656 conamur
829 625 1059 670 exponere.

126 775 1503 795 ummwummwnvvwxwvwmxwvswmnmwmmsmwmmmlmmmmwumm

597 912 813 961 CAPUT
855 916 973 960 XX&
998 917 1032 961 Ι.

413 1068 512 1129 Qui
532 1084 687 1112 sermo
710 1067 882 1113 deceat
903 1068 1220 1127 Scripturam.

185 1227 387 1270 XXXVI.
408 1229 471 1271 ΕΤ
488 1236 633 1270 tamen
650 1242 749 1285 ego,
768 1231 879 1272 Deus
896 1244 1030 1282 meus,
1051 1229 1263 1273 celsitudo
1281 1230 1505 1275 humilita-

126 1297 180 1342 tis
201 1312 324 1352 meae,
350 1307 393 1341 et
429 1298 598 1357 requies
635 1297 793 1343 laboris
822 1299 932 1353 mei,
967 1300 1041 1359 qui
1065 1300 1186 1344 audis
1219 1300 1508 1346 confessiones

127 1381 259 1421 meas,
286 1376 327 1410 et
349 1365 529 1411 dimittis
548 1376 726 1426 peccata
747 1383 857 1422 mea,
884 1370 1091 1428 quoniam
1112 1379 1160 1413 tu
1182 1371 1290 1414 mihi
1311 1373 1508 1431 praecipis

127 1447 177 1481 ut
199 1437 374 1495 diligam
390 1438 634 1496 proximum
656 1453 803 1482 meum
826 1438 936 1482 sicut
952 1440 1195 1498 meipsum,
1222 1457 1309 1485 non
1332 1458 1505 1501 possum

126 1509 270 1552 minus
299 1508 474 1552 credere
504 1507 558 1551 de
581 1511 729 1564 Moyse
767 1507 1016 1552 fidelissimo
1054 1508 1219 1554 famulo
1248 1521 1352 1566 tuo,
1379 1530 1509 1574 quam

126 1579 233 1622 mihi
255 1588 447 1638 optarem
473 1595 521 1622 ac
544 1578 829 1622 desiderarem
852 1579 927 1622 abs
947 1588 986 1623 te
1005 1579 1096 1623 dari
1117 1583 1321 1636 muneris,
1343 1585 1376 1627 si
1399 1593 1511 1628 tem-

127 1664 231 1708 pore
252 1648 328 1693 illo
346 1658 471 1694 natus
489 1664 622 1693 essem
645 1664 733 1709 quo
750 1648 844 1704 ille,
880 1665 1019 1709 eoque
1051 1650 1149 1696 loco
1170 1666 1241 1696 me
1259 1654 1508 1699 constituis-

127 1734 208 1774 ses,
233 1729 281 1763 ut
303 1735 378 1779 per
395 1719 646 1764 servitutem
663 1720 804 1764 cordis
828 1735 876 1763 ac
897 1719 1059 1778 linguae
1089 1736 1212 1774 meae,
1252 1722 1407 1767 litterae
1425 1725 1510 1770 illae

127 1788 492 1848 dispensarentur.
520 1805 619 1848 quae
640 1799 761 1833 tanto
786 1799 881 1848 post
904 1800 1044 1834 essent
1073 1792 1275 1836 omnibus
1306 1796 1509 1852 gentibus

127 1860 386 1919 profuturae,
402 1870 444 1903 et
462 1876 537 1919 per
555 1860 803 1904 universum
824 1860 974 1903 orbem
992 1869 1114 1905 tanto
1133 1863 1399 1909 auctoritatis
1421 1866 1510 1910 cul-

129 1932 246 1976 mine
255 1931 449 1975 omnium
464 1929 671 1974 falsarum
684 1930 1058 1990 superbarumque
1071 1932 1366 1978 doctrinarum
1377 1937 1508 1982 verba

129 2010 411 2061 superaturae.
439 1998 607 2043 Vellem
629 2000 792 2059 quippe
809 2034 819 2054 ‚
846 2000 879 2043 si
908 2008 1012 2044 tunc
1045 2016 1123 2058 ego
1152 2018 1286 2047 essem
1309 2008 1480 2063 Moyses
1497 2042 1507 2060 ‚

130 2075 216 2130 (ex
250 2071 401 2116 eadem
428 2086 619 2131 namque
647 2085 781 2114 massa
819 2086 968 2115 omnes
989 2072 1215 2131 venimus3
1240 2084 1282 2119 et
1304 2076 1410 2135 quid
1448 2088 1513 2123 est

130 2143 264 2188 homo
281 2142 362 2186 nisi
382 2142 484 2202 quia
501 2156 666 2185 memor
683 2156 726 2186 es
749 2141 1102 2201 ejus1?)Vellem
1124 2159 1224 2202 ergo
1246 2146 1280 2189 si
1301 2155 1406 2191 tunc
1435 2163 1513 2205 ego

133 2227 269 2257 essem
290 2212 410 2272 quod
426 2211 520 2266 ille,
545 2220 588 2255 et
609 2211 716 2255 mihi
732 2211 808 2255 abs
832 2220 873 2255 te
894 2213 1107 2257 Geneseos
1127 2213 1238 2258 liber
1260 2216 1514 2263 scribendus

132 2284 458 2344 injungeretur,
500 2281 631 2326 talem
662 2282 768 2326 mihi
790 2282 1025 2342 eloquendi
1047 2284 1299 2330 facultatem
1323 2287 1441 2343 dari,
1470 2301 1512 2334 et

135 2370 236 2400 eum
257 2354 432 2399 texendi
452 2353 660 2398 sermonis
681 2352 862 2398 modum
879 2388 890 2408 ,
910 2363 961 2398 ut
977 2370 1120 2414 neque
1136 2355 1199 2400 illi
1220 2359 1295 2416 qui
1318 2360 1517 2404 nondum

137 2435 307 2485 queunt
328 2423 570 2484 intelligere
597 2422 970 2483 quemadmodum
994 2427 1108 2470 Deus
1131 2436 1273 2482 creat,
1311 2437 1519 2489 tanquam

139 2496 390 2542 excedentia
410 2495 520 2540 vires
541 2510 638 2540 suas
655 2493 770 2540 dicta
793 2504 1039 2541 recusarent
1057 2517 1069 2555 3
1092 2505 1136 2542 et
1157 2497 1308 2558 iniqui
1334 2500 1416 2546 hoc
1430 2503 1520 2561 jam

183 2596 196 2618 ¹
214 2595 295 2628 Psal.
315 2604 385 2634 vin,
405 2592 436 2625 5.

275 2658 448 2690 CXXXII.
1308 2651 1360 2688 ‘23
