1871 3162
614 272 960 308 CONFESSIONUM‚
996 272 1078 298 Lm.
1115 273 1175 298 lx.
1361 263 1366 266 '
1496 265 1573 301 201

197 339 285 396 jam
320 351 531 391 essemus,
576 337 790 395 corporali
831 336 1088 394 aegritudine
1115 344 1337 394 correptus
1354 369 1365 390 ‚
1391 345 1433 379 et
1464 338 1509 380 in
1531 354 1580 382 ea

201 407 468 451 Christianus
490 415 534 450 et
565 406 704 450 fidelis
740 406 905 460 factus,
938 421 989 449 ex
1021 407 1102 450 hac
1128 406 1215 449 vita
1244 406 1497 462 emigravit:
1523 407 1582 451 ita

201 477 398 520 misertus
423 491 466 519 es
487 491 577 519 non
598 475 738 519 solum
758 477 872 535 ejus,
891 477 965 520 sed
985 477 1114 520 etiam
1134 476 1292 529 nostri,
1310 490 1365 518 ne
1387 476 1581 532 cogitan-

199 555 262 589 tes
297 547 527 604 egregiam>
545 561 645 604 erga
667 561 745 590 nos
775 546 899 589 amici
932 546 1271 600 humanitatem,
1298 560 1378 588 nec
1403 560 1502 588 eum
1538 546 1583 590 in

200 629 328 673 grege
359 624 436 658 tuo
474 623 774 669 numerantes,
804 614 953 659 dolore
985 615 1248 660 intolerabili
1271 615 1577 659 cruciaremur.

199 684 364 727 Gratias
388 684 481 738 tibi,
510 687 624 728 Deus
640 694 800 739 noster,
825 685 888 729 tui
912 700 1070 740 sumus,
1101 685 1296 728 indicant
1316 685 1583 729 hortationes

197 762 242 797 et
258 753 574 798 consolationes
592 763 702 798 tuae:
718 753 856 798 fidelis
879 757 1112 814 promissor
1124 790 1134 809 ,
1151 754 1306 799 reddes
1321 753 1582 799 verecundo

195 838 274 882 pro
296 839 395 867 rure
416 823 492 868 illo
510 825 599 883 ejus
622 825 859 870 Cassiciaco
873 860 884 880 ‚
909 826 988 870 ubi
1010 827 1065 870 ab
1089 835 1199 870 aestu
1231 825 1377 870 saeculi
1409 825 1583 884 requie-

194 893 333 937 vimus
354 893 400 936 in
418 902 476 948 te,
502 894 798 938 amoenitatem
821 896 1080 954 sempiterne
1097 895 1274 940 virentis
1296 894 1482 954 paradisi
1502 896 1578 945 tui,

193 963 399 1021 quoniam
420 963 615 1006 dimisisti
635 963 674 1006 ei
696 973 869 1020 peccata
891 980 1021 1019 super
1043 975 1227 1016 terram,
1262 964 1308 1003 in
1331 970 1482 1004 monte
1512 961 1581 1003 in-

193 1044 383 1087 caseato,
408 1041 558 1075 monte
574 1041 651 1076 tuo
666 1066 677 1086 ,
702 1040 852 1075 monte
869 1031 994 1075 uberi
1018 1034 1048 1074 ¹.

250 1104 327 1146 VI.
354 1101 610 1160 Angebatur
627 1115 733 1159 ergo
755 1110 862 1145 tunc
878 1100 994 1159 ipse,
1017 1098 1248 1145 Nebridius
1272 1108 1417 1143 autem
1440 1099 1582 1143 collae-

191 1171 382 1216 tabatur.
419 1172 625 1223 Quamvis
654 1171 771 1214 enim
807 1179 851 1214 et
879 1171 969 1229 ipse
1001 1170 1201 1214 nondum
1234 1169 1501 1214 Christianus
1534 1171 1580 1214 in

190 1240 309 1284 illam
331 1240 505 1285 foveam
520 1240 867 1299 perniciosissimi
881 1240 1034 1284 erroris
1049 1239 1259 1284 inciderat
1273 1274 1286 1294 ,
1305 1247 1356 1283 ut
1375 1239 1577 1283 Veritatis

191 1311 290 1355 Filii
307 1312 372 1355 tui
387 1326 561 1355 carnem
575 1312 831 1370 phantasma
843 1310 1054 1365 crederet,
1074 1320 1220 1355 tamen
1236 1309 1339 1354 inde
1352 1325 1577 1369 emergens

189 1381 249 1425 sic
278 1380 360 1424 sibi
389 1390 501 1435 erat,
525 1380 723 1425 nondum
755 1380 855 1425 ullis
871 1381 1076 1425 Ecclesiae
1097 1389 1186 1424 tuae
1204 1380 1478 1424 sacramentis
1495 1381 1579 1424 im-

186 1450 346 1504 butus,
378 1450 453 1493 sed
473 1450 704 1509 inquisitor
732 1449 1057 1495 ardentissimus
1079 1451 1286 1495 veritatis.
1319 1452 1459 1503 Quem
1487 1466 1577 1495 non

187 1519 327 1563 multo
349 1528 446 1578 post
468 1519 795 1563 conversionem
816 1529 1008 1563 nostram
1030 1529 1073 1564 et
1104 1520 1474 1578 regenerationem
1496 1536 1574 1579 per

186 1590 452 1649 baptismum
474 1598 600 1633 tuum
617 1625 627 1644 ,
659 1591 805 1648 ipsum
827 1589 956 1632 etiam
975 1589 1151 1632 fidelem
1165 1591 1430 1633 catholicum
1456 1591 1578 1634 casti-

188 1669 276 1704 tate
303 1658 495 1718 perfecta
511 1670 641 1720 atque
663 1660 940 1704 continentia
961 1659 1042 1702 tibi
1065 1658 1323 1702 servientem
1352 1659 1398 1701 in
1421 1658 1572 1704 Africa

188 1728 307 1788 apud
323 1744 438 1784 suos,
463 1744 564 1773 cum
582 1738 672 1774 tota
695 1729 849 1773 domus
872 1729 962 1787 ejus
983 1743 1059 1787 per
1077 1742 1176 1772 eum
1195 1727 1437 1773 Christiana
1462 1727 1577 1773 facta

187 1807 296 1844 esset
311 1834 321 1853 ,
346 1814 475 1843 carne
491 1799 679 1854 solvisti,
703 1808 746 1842 et
765 1814 883 1842 nunc
911 1798 983 1841 ille
1000 1798 1105 1842 vivit
1131 1799 1177 1841 in
1201 1798 1297 1842 sinu
1333 1797 1572 1842 Abraham.

188 1868 419 1928 Quidquid
441 1867 550 1912 illud
573 1877 636 1912 est
669 1868 790 1927 quod
820 1867 895 1911 illo
915 1868 1180 1926 significatur
1196 1868 1293 1911 sinu
1315 1870 1392 1925 (6),
1413 1867 1474 1910 ibi
1491 1870 1575 1912 Ne-

186 1937 352 1982 bridius
383 1953 505 1981 meus
539 1938 666 1992 vivit,
711 1937 850 1981 dulcis
892 1938 1054 1981 amicus
1093 1953 1213 1982 meus
1228 1973 1239 1992 ,
1265 1947 1366 1981 tuus
1403 1947 1570 1994 autem,

187 2009 386 2063 Domine,
399 2009 626 2067 adoptivus
639 2022 690 2051 ex
701 2007 859 2051 liberto
873 2007 1003 2061 filius,
1016 2008 1075 2051 ibi
1092 2008 1214 2052 vivit.
1228 2010 1337 2053 Nam
1355 2008 1449 2066 quis
1467 2007 1575 2052 alius

186 2078 264 2122 tali
282 2078 437 2121 animae
455 2078 693 2122 locus‘31bi
718 2078 854 2133 vivit,
880 2078 997 2121 unde
1020 2093 1089 2121 me
1111 2078 1251 2122 multa
1281 2078 1575 2136 interrogabat

186 2149 525 2193 homuncionem
563 2150 851 2208 inexpertum.
890 2151 987 2192 Jam
1015 2164 1105 2193 non
1129 2150 1254 2208 ponit
1273 2164 1422 2192 aurem
1447 2149 1500 2192 ad
1528 2165 1574 2193 os

186 2234 331 2263 meum
344 2254 355 2274 ,
377 2220 452 2263 sed
467 2219 659 2278 spiritale
678 2235 723 2263 os
739 2220 793 2263 ad
811 2219 977 2264 fontem
994 2229 1120 2264 tuum
1132 2256 1143 2275 ,
1166 2230 1209 2264 et
1232 2220 1343 2264 bibit
1358 2229 1573 2280 quantum

187 2299 328 2349 potest
345 2290 597 2348 sapientiam
617 2306 694 2349 pro
718 2290 921 2335 aviditate
939 2306 1015 2335 sua
1037 2292 1126 2334 sine
1156 2291 1243 2334 fine
1265 2291 1382 2334 felix.
1405 2293 1492 2336 Nec
1514 2291 1573 2335 sic

187 2374 286 2404 eum
307 2360 491 2404 arbitror
514 2360 716 2404 inebriari
741 2375 792 2403 ex
813 2370 939 2415 ea,ut
959 2361 1238 2405 obliviscatur
1261 2361 1361 2415 mei,
1381 2375 1481 2404 cum
1504 2370 1569 2416 tu,

187 2429 383 2483 Domine,
396 2444 526 2489 quem
540 2438 664 2488 potat
680 2429 771 2484 ille,
784 2430 918 2473 nostri
933 2431 985 2473 sis
1003 2446 1183 2474 memor.
1200 2431 1266 2474 Sic
1283 2445 1385 2489 ergo
1402 2444 1572 2475 eramus

186 2498 495 2542 Verecundum
526 2498 795 2544 consolantes
826 2500 990 2544 tristem
1008 2535 1018 2554 ,
1039 2500 1154 2544 salva
1178 2501 1363 2545 amicitia
1381 2535 1392 2555 ,
1418 2501 1472 2544 de
1495 2499 1570 2545 tali

234 2591 244 2604 ¹
267 2583 345 2615 Psal.
366 2595 468 2625 nvn,
492 2584 542 2616 16.
