1871 3162
582 198 927 232 coRFEssmNUM,
965 198 1047 223 Lis.
1086 199 1180 223 xm.
1483 189 1565 227 383

181 269 230 304 tu
250 260 364 305 solus
381 261 426 304 in
446 259 596 305 abdito
619 260 944 321 dijudicationis
961 269 1065 315 tuae,
1086 261 1198 304 sicut
1214 270 1315 305 ante
1336 278 1469 321 quam
1490 265 1568 310 fie-

180 340 245 375 ret
257 331 582 376 firmamentum
600 349 609 375 :
633 350 652 372 «
671 330 845 375 Dividas
862 331 976 375 inter
993 330 1137 375 lucem
1154 339 1197 374 et
1214 331 1412 375 tenebras
1429 353 1440 389 3
1456 351 1475 373 »
1493 333 1567 379 sed

180 402 308 446 etiam
325 400 534 461 spiritales
555 402 619 446 tui
640 402 686 445 in
709 401 863 446 eodem
883 402 1157 446 firmamento
1178 400 1307 460 positi
1326 410 1457 461 atque
1478 401 1567 446 dis-

181 472 319 528 tincti,
344 471 617 518 manifestata
638 487 715 532 per
736 472 890 517 orbem
914 473 1049 532 gratia
1071 481 1146 516 tua
1162 490 1173 517 ι
1187 473 1419 516 «Luceant
1439 487 1568 532 super

180 560 203 585 »
236 552 411 597 terram,
435 552 480 587 et
500 542 700 587 dividant
720 543 835 587 inter
856 543 973 587 diem
992 552 1036 587 et
1052 551 1244 597 noctem,
1264 550 1309 586 et
1325 541 1570 600 significent

182 629 204 653 »
238 621 459 671 tempora,
492 630 511 654 »
533 612 637 672 quia
670 622 815 656 vetera
852 612 1142 667 transierunt,
1182 626 1283 655 ecce
1319 610 1433 656 facta
1469 621 1570 656 sunt

178 697 312 740 nova,
338 692 381 726 et
402 682 504 742 quia
528 683 704 742 propior
725 692 789 726 est
811 691 957 726 nostra
979 681 1095 727 salus
1115 697 1248 742 quam
1266 697 1367 726 cum
1384 681 1570 726 credidi-

178 767 275 797 mus
291 756 302 777 ¹
320 774 332 811 3
356 762 400 798 et
420 754 523 813 quia
540 769 627 798 nox
642 754 873 813 praecessit,
894 752 986 797 dies
1008 763 1156 798 autem
1174 753 1566 813 appropinquavit,

177 831 221 867 et
235 824 335 883 quia
357 822 577 867 benedicis
593 838 800 868 coronam
824 824 926 867 anni
948 824 1059 878 tui2,
1083 823 1260 868 mittens
1283 824 1500 883 operarios
1523 827 1569 867 in

177 909 358 938 messem
384 895 547 949 tuam³,
572 895 618 939 in
633 911 720 954 qua
742 894 994 939 seminanda
1015 894 1089 939 alii
1111 894 1443 951 laboraverunt,
1465 895 1568 939 mit-

178 972 273 1008 tens
291 965 419 1009 etiam
437 965 481 1008 in
506 963 633 1008 aliam
656 966 939 1020 sementem4,
965 966 1092 1025 cujus
1115 966 1262 1009 messis
1285 965 1331 1008 in
1349 966 1479 1008 fine⁵.
1505 969 1567 1009 Ita

176 1033 251 1079 das
268 1044 369 1080 vota
385 1036 571 1095 optanti,
593 1045 635 1080 et
657 1036 880 1080 benedicis
900 1051 1035 1080 annos
1054 1037 1185 1096 justi,
1210 1045 1261 1080 tu
1285 1028 1430 1079 autem
1452 1035 1566 1079 idem

176 1105 267 1164 ipse
289 1121 347 1160 es,
373 1114 416 1149 et
432 1106 478 1149 in
493 1106 615 1149 annis
635 1105 719 1149 tuis
736 1107 812 1165 qui
835 1121 923 1149 non
945 1104 1158 1149 deficiunt
1171 1106 1204 1160 ⁶,
1225 1106 1432 1150 horreum
1455 1121 1568 1165 prae-

176 1191 300 1235 paras
334 1178 455 1220 annis
490 1177 830 1220 transeuntibus.
858 1179 1040 1220 AEterno
1063 1177 1228 1236 quippe
1255 1176 1435 1221 consilio
1463 1193 1565 1236 pro-

175 1247 277 1306 priis
298 1247 566 1306 temporibus
588 1246 702 1290 bona
727 1247 918 1291 coelestia
940 1247 1016 1291 das
1035 1262 1166 1306 super
1188 1256 1363 1291 terram.

234 1319 401 1360 XXIII.
439 1316 651 1369 Quoniam
672 1316 850 1375 quidem
864 1316 934 1360 alii
951 1316 1080 1361 datur
1097 1333 1174 1376 per
1198 1317 1408 1376 Spiritum
1426 1333 1566 1363 sermo

176 1387 398 1446 sapientiae
430 1396 637 1447 tanquam
660 1405 679 1428 «
699 1387 934 1430 Luminare
966 1390 1120 1447 majus,
1144 1397 1357 1446 »propter
1391 1403 1462 1432 eos
1491 1389 1567 1448 qni

176 1459 414 1517 perspicuae
438 1458 628 1502 veritatis
649 1457 747 1501 luce
770 1457 1042 1501 delectantur
1060 1467 1269 1518 tanquam
1287 1458 1332 1502 in
1352 1458 1566 1517 principio

175 1527 288 1586 diei,
314 1527 383 1572 alii
406 1537 550 1572 autem
569 1543 710 1572 sermo
732 1529 922 1572 scientiae
945 1528 1186 1572 secundum
1205 1528 1408 1573 eumdem
1434 1529 1567 1588 Spiri-

174 1607 286 1653 tum,
312 1608 520 1657 tanquam
538 1616 558 1639 «
573 1598 807 1641 Luminare
831 1598 1000 1655 minus,
1022 1617 1040 1639 »
1060 1598 1131 1642 alii
1153 1597 1276 1653 fides,
1302 1599 1373 1642 alii
1388 1599 1566 1644 donatio

174 1669 467 1723 curationum,
494 1668 565 1712 alii
587 1669 858 1727 operationes
881 1669 1109 1722 virtutum,
1135 1668 1207 1712 alii
1227 1671 1474 1728 prophetia,
1496 1670 1566 1715 alii

174 1738 427 1799 dijudicatio
459 1738 714 1797 spirituum,
751 1739 875 1782 alteri
899 1753 1057 1797 genera
1079 1738 1353 1796 linguarum,
1394 1748 1438 1783 et
1470 1741 1565 1785 haec

175 1810 318 1854 omnia
336 1820 543 1868 tanquam
560 1827 580 1850 ι(
597 1808 754 1853 Stellae.
775 1827 793 1849 »
810 1809 969 1852 Omnia
984 1808 1099 1851 enim
1116 1808 1210 1852 haec
1230 1818 1435 1868 operatur
1451 1826 1564 1854 unus

176 1888 306 1939 atque
343 1879 458 1923 idem
496 1879 694 1937 Spiritus,
731 1878 928 1922 dividens
964 1878 1136 1937 propria
1170 1880 1407 1939 unicuique
1434 1891 1565 1939 prout

174 1949 285 2004 vult,
306 1959 349 1993 et
370 1948 530 1993 faciens
548 1964 753 2008 apparere
775 1947 915 1992 sidera
937 1949 981 1991 in
1005 1948 1356 1993 manifestatione
1375 1949 1429 1993 ad
1447 1949 1567 1994 utili-

175 2022 349 2064 tatem7.
393 2021 543 2064 Sermo
577 2028 724 2062 autem
763 2018 951 2062 scientiae
986 2034 1071 2077 qua
1109 2019 1389 2063 continentur
1422 2021 1567 2065 omnia

175 2099 455 2144 sacramenta,
477 2105 575 2149 quae
589 2089 810 2133 variantur
828 2089 1097 2148 temporibus
1118 2099 1326 2150 tanquam
1345 2094 1520 2146 «Luna,
1542 2110 1561 2133 »

175 2170 218 2205 et
252 2170 419 2204 caeterae
456 2159 622 2203 notitiae
659 2158 876 2203 donorum
894 2195 904 2212 ‚
951 2175 1051 2219 quae
1100 2159 1306 2220 deinceps
1354 2170 1565 2221 tanquam

182 2250 200 2273 «
221 2230 363 2276 Stellae
382 2250 401 2272 »
420 2241 758 2275 commemorata
786 2239 903 2284 sunt,
935 2240 1151 2289 quantum
1175 2230 1388 2275 differunt
1410 2232 1466 2275 ab
1489 2231 1565 2277 illo

176 2301 365 2347 candore
382 2302 619 2361 sapientiae,
637 2317 726 2361 quo
743 2301 902 2360 gaudet
918 2300 1153 2360 praedietus
1170 2302 1276 2357 dies,
1295 2311 1466 2346 tantum
1482 2322 1499 2344 ιι
1514 2306 1566 2347 In

179 2391 200 2415 »
225 2372 437 2431 principio
456 2373 596 2417 noctis
610 2381 726 2416 sunt.
744 2390 762 2412 »
783 2371 860 2415 His
876 2371 992 2414 enim
1010 2380 1113 2415 sunt
1130 2372 1384 2428 necessaria,
1404 2373 1564 2432 quibus

223 2474 235 2494 ¹
249 2475 343 2504 Rom.
358 2482 430 2512 xm,
453 2482 503 2503 11.
517 2488 559 2494 —-
577 2478 590 2493 ²
609 2470 690 2502 Psal.
711 2481 800 2510 Lx1v,
825 2480 921 2501 12.—-
942 2468 954 2491 3
973 2468 1095 2501 Matth.
1111 2479 1155 2509 ix,
1173 2469 1226 2502 38.
1243 2486 1285 2492 —
1299 2467 1316 2499 4
1333 2471 1424 2504 Joan.
1444 2482 1493 2510 iv,
1508 2470 1563 2504 38.

178 2545 219 2554 —
243 2527 258 2553 ⁵
280 2528 483 2569 Matth.x1n,
498 2527 551 2570 39.
572 2544 613 2552 —
631 2525 646 2549 6
670 2526 751 2559 Psal.
771 2537 811 2567 ei,
832 2526 885 2559 28.
910 2542 951 2548 —-
970 2533 982 2559 7
1004 2536 1018 2558 1
1035 2526 1107 2559 Cor.
1129 2537 1186 2568 ιιι,
1207 2536 1306 2568 7-11.
