1871 3162
226 246 308 287 568
839 261 987 290 INDEX.

524 445 615 491 DE
668 444 1301 494 CATECHIZANDHS

743 580 1104 693 RUDIBUS.

688 985 900 1031 LIBER
944 986 1129 1032 UNUS.

221 1160 390 1205 Rogatus
415 1159 646 1205 Augustinus
662 1169 682 1194 a
705 1159 859 1194 diacono
878 1157 1182 1203 Carthaginensi,
1206 1160 1462 1195 catechizandi
1483 1166 1603 1197 artem

264 1218 471 1254 docendam
492 1218 645 1263 suscipit
665 1230 673 1251 ε
700 1226 741 1252 ac
759 1218 879 1262 primo
904 1222 1091 1263 praecepta
1110 1218 1246 1261 tradit,
1265 1223 1306 1253 ut
1330 1218 1369 1254 id
1389 1217 1501 1254 officii
1530 1230 1605 1255 non

264 1282 410 1312 tantum
430 1281 534 1311 certa
554 1275 730 1311 methodo
750 1281 861 1319 atque
882 1276 1015 1311 idonea
1041 1277 1198 1318 ratione,
1225 1277 1287 1312 sed
1312 1277 1420 1312 etiam
1442 1277 1521 1312 sine
1538 1282 1602 1313 tae-

264 1335 323 1370 dio
342 1339 378 1370 et
397 1345 482 1370 cum
510 1334 695 1370 hilaritate
723 1334 935 1380 impleatur.
955 1335 1088 1370 Postea
1115 1336 1302 1370 revocatis
1320 1336 1367 1370 ad
1383 1346 1490 1371 usum
1508 1346 1602 1381 prae-

263 1394 395 1439 ceptis,
416 1394 561 1439 profert
581 1394 659 1439 ipse
677 1393 714 1428 in
731 1393 941 1440 exemplum
962 1404 1165 1438 sermones,
1185 1395 1230 1429 ad
1252 1405 1337 1430 eum
1358 1395 1604 1430 erudiendum

263 1452 328 1496 qui
353 1451 582 1488 Christianus
603 1461 680 1487 esse
707 1452 797 1487 velit
810 1477 818 1491 ‚
838 1457 1070 1497 comparatos
1090 1452 1203 1494 duos,
1232 1453 1441 1498 longiorem
1460 1463 1574 1488 unum
1594 1479 1603 1493 ‚

264 1511 422 1547 alterum
445 1511 721 1548 brevissimum.

273 1659 375 1691 cipur
430 1668 452 1690 1.
479 1658 617 1697 Rogatus
635 1666 653 1686 a
671 1655 805 1686 diacono
822 1655 1060 1694 Carthaginensi
1083 1654 1196 1687 scribit
1218 1656 1259 1687 de
1279 1655 1514 1690 catechizandis

523 1710 665 1742 rudibus.
1536 1715 1599 1746 481

419 1778 454 1799 n.
479 1768 590 1800 Sermo
605 1775 688 1808 saepe
701 1764 755 1808 qui
767 1764 909 1796 audienti
926 1764 1045 1806 placet,
1060 1765 1207 1808 displicet
1224 1766 1364 1807 dicenti3
1383 1768 1466 1800 unde
1483 1768 1514 1799 id

522 1820 699 1862 contingat.
721 1836 762 1842 —
780 1820 839 1858 Qui
856 1830 1037 1852 sermonem
1054 1819 1154 1853 habet
1165 1846 1174 1861 ‚
1192 1826 1285 1854 curet
1303 1827 1339 1854 ut
1355 1823 1423 1855 sine
1443 1822 1512 1854 fas-

520 1877 601 1909 tidio
618 1880 653 1908 et
667 1875 810 1908 hilariter
826 1876 925 1908 dicat.
1536 1882 1599 1912 483

410 1944 454 1966 ιιι.
481 1933 626 1965 Narratio
642 1931 735 1974 plena
748 1943 816 1974 quae
834 1931 901 1963 fieri
914 1931 1033 1964 debeat
1049 1932 1291 1965 catechizando.
1307 1949 1348 1956 -—
1361 1933 1414 1965 Ad
1430 1934 1513 1967 cha-

521 1989 625 2021 ritatis
653 1988 746 2020 finem
763 1988 926 2030 dirigenda
955 1989 1106 2021 narratio.
1129 2006 1169 2012 -
1186 1989 1360 2032 Scripturae
1384 1995 1513 2022 veteres

521 2050 653 2086 propter
669 2044 959 2078 commendandum
986 2044 1103 2077 Christi
1120 2045 1310 2086 adventum,
1337 2046 1428 2086 cujus
1444 2046 1511 2078 finis

523 2100 676 2132 charitas.
1535 2104 1599 2134 486

410 2166 452 2189 iv.
478 2156 640 2199 Praecipua
654 2166 750 2188 causa
763 2155 920 2188 adventus
933 2155 1062 2196 Christi,
1078 2156 1244 2188 charitatis
1261 2156 1507 2189 commendatio.

523 2227 564 2234 -
586 2213 637 2244 Ac
655 2212 860 2245 dilectionem
885 2211 1054 2244 referenda
1081 2221 1151 2244 esse
1174 2222 1243 2254 quae
1260 2212 1301 2244 de
1327 2211 1453 2244 Christo
1471 2223 1509 2244 ex

522 2267 694 2309 Scripturis
712 2272 877 2300 narrantur
897 2268 928 2298 in
942 2267 1151 2300 catechismo.
1531 2270 1596 2301 488

418 2333 449 2355 v.
477 2323 645 2355 Accedens
666 2323 706 2354 ad
730 2322 961 2356 catechismum
977 2323 1164 2355 scrutandus
1182 2333 1246 2366 quo
1262 2321 1324 2355 fine
1346 2322 1426 2354 velit
1441 2322 1510 2355 fieri

521 2377 729 2410 Christianus.
1531 2381 1591 2411 491

405 2443 450 2466 vi.
476 2433 649 2465 Exordium
675 2433 884 2474 catechismi,
904 2439 937 2466 et
959 2435 1100 2467 narratio
1122 2434 1163 2466 ab
1188 2433 1318 2466 historia
1336 2434 1506 2466 creationis

521 2489 631 2521 mundi
646 2501 744 2533 usque
761 2490 801 2523 ad
816 2501 950 2532 praesens
962 2495 1088 2534 tempus
1102 2490 1261 2523 Ecclesiae.
1529 2492 1594 2522 493

399 2553 452 2575 vu.
480 2546 693 2586 Resurrectio,
709 2546 878 2588 Judiciuiii,
899 2550 933 2580 et
959 2546 1019 2579 alia
1037 2546 1180 2590 quaedam
1203 2549 1274 2587 post
1293 2545 1506 2578 narrationem

519 2599 704 2632 intimanda.
1527 2600 1593 2632 494
