1871 3162
273 251 354 288 558
878 261 1025 288 ianx.

306 329 407 359 meur
445 336 500 358 xii.
525 325 695 358 contentio
707 327 792 358 inter
809 325 959 368 Alypium
976 332 1011 359 et
1025 328 1237 369 Augustinum
1249 330 1292 363 de
1306 331 1510 364 matrimonio
1526 336 1561 365 et

577 381 739 415 coelibatu.
1481 399 1560 432 pag.
1585 390 1648 420 133

433 448 504 470 xm.
530 439 612 470 Uxor
628 438 777 481 quaeritur
788 438 974 479 Augustino,
1582 445 1647 476 135

435 504 499 526 xiv.
525 496 572 526 De
586 493 654 526 vita
666 492 828 526 communi
840 493 962 535 agenda
977 503 1053 527 cum
1067 504 1119 528 am
1127 495 1187 529 icis
1202 495 1375 531 deliberat.
1583 500 1649 530 136

452 559 504 581 xv.
530 550 566 581 In
582 549 688 581 locum
709 549 900 581 discedentis
924 549 1113 582 concubinae
1134 550 1194 584 alia
1211 552 1366 586 succedit,
1585 555 1649 585 137

441 614 508 638 xvi.
530 604 642 637 Mortis
659 608 695 638 et
704 604 820 646 judicii
840 608 963 638 metum
980 616 1143 650 nunquam
1156 607 1317 650 deposuit.
1585 609 1649 642 ¹138

798 760 971 804 LIBER
1001 761 1103 804 VII.

251 896 467 950 *Exordium
496 924 569 950 suae
597 915 824 960 juventutis,
856 917 895 952 id
913 923 989 959 est,
1017 927 1153 952 annum
1181 918 1299 953 aetatis
1327 917 1650 964 trigesimum-pri-

308 984 430 1018 mum,
450 974 496 1010 ob
514 975 648 1010 mentis
664 976 794 1011 oeulos
820 975 984 1011 reducit.
1003 975 1143 1011 Narrat
1163 986 1200 1011 se
1219 975 1278 1011 illa
1295 982 1403 1012 aetate
1421 976 1651 1013 densioribus

307 1031 428 1068 adhuc
446 1032 660 1077 ignorantiae
689 1033 856 1069 tenebris
874 1034 1083 1069 involutum
1097 1061 1106 1076 ‚
1128 1038 1238 1080 atque
1256 1040 1445 1070 errantem
1462 1034 1564 1070 circa
1580 1034 1650 1070 Dei

306 1095 500 1135 naturam,
522 1101 670 1127 necnon
701 1091 802 1127 circa
826 1092 1008 1135 originem
1026 1092 1140 1137 mali,
1160 1093 1197 1127 in
1221 1093 1326 1139 cujus
1344 1093 1582 1139 inquisitione
1611 1103 1650 1129 se

307 1149 443 1184 mirum
460 1150 497 1185 in
527 1150 679 1185 modum
707 1149 886 1196 angebat,
918 1150 1130 1195 pervenisse
1156 1151 1305 1186 tandem
1333 1152 1377 1187 ad
1394 1152 1641 1196 cognitionem

308 1207 375 1242 Dei
396 1208 597 1254 sinceram3
625 1208 794 1253 quamvis
815 1208 980 1244 nondum
1009 1209 1118 1252 digne
1148 1209 1194 1243 dc
1217 1209 1374 1244 Domino
1396 1209 1544 1246 Christo
1567 1219 1652 1246 sen-

311 1265 413 1301 tiret.

332 1419 434 1453 CAPUT
479 1428 503 1451 ι.
527 1420 629 1451 Deum
641 1415 764 1458 cogitat
775 1418 926 1458 tanquam
941 1413 1062 1458 aliquid
1073 1424 1264 1457 corporeum
1275 1424 1334 1457 per
1349 1414 1471 1448 infinita
1481 1424 1563 1457 spa-

575 1475 621 1507 tia
633 1472 798 1506 diffusum.
1585 1472 1651 1505 140

463 1543 501 1564 11.
524 1533 723 1564 Momentum
741 1540 804 1572 quo
822 1527 993 1561 Nebridius
1009 1526 1196 1560 confutarat
1208 1526 1410 1560 manichaeos.
1585 1528 1652 1560 142

452 1598 496 1620 ιιι.
524 1586 677 1620 Liberum
696 1585 866 1618 arbitrium
882 1593 978 1616 causa
999 1582 1137 1625 peceati.
1585 1584 1651 1616 143

450 1653 494 1675 iv.
519 1645 622 1674 Deum
637 1639 914 1683 incorruptibilem
928 1649 998 1671 esse
1013 1641 1161 1680 oportet,
1585 1640 1652 1672 145

462 1706 496 1728 v.
523 1693 641 1732 Quaerit
652 1693 770 1724 iterum
786 1692 872 1723 unde
888 1690 1007 1722 malum
1017 1713 1027 1730 ,
1047 1694 1081 1720 et
1096 1700 1165 1732 qua:
1180 1691 1271 1723 radix
1285 1692 1365 1733 ejus.
1587 1695 1651 1726 146

450 1761 494 1782 vi.
519 1747 817 1780 Mathematicorum
838 1745 1053 1778 divinationes
1069 1744 1190 1786 rejicit.
1587 1750 1652 1782 148

435 1816 492 1838 vu.
517 1804 638 1837 Misere
651 1806 820 1846 torquetur
836 1801 999 1844 inquirens
1013 1800 1098 1832 unde
1117 1800 1158 1832 sit
1171 1800 1302 1833 maium.
1585 1804 1648 1837 151

430 1872 496 1895 vui.
521 1860 686 1900 Quomodo
700 1859 809 1891 divina
823 1857 1041 1890 misericordia
1058 1857 1246 1889 subvenerit
1262 1857 1447 1899 Augustino.
1583 1861 1648 1892 153

452 1929 497 1951 ix.
521 1919 557 1950 In
572 1915 809 1949 Platonicorum
823 1914 912 1946 libris
933 1912 1038 1947 Verbi
1057 1913 1169 1946 aeterni
1181 1913 1388 1948 Divinitatem
1402 1938 1412 1956 ,
1424 1924 1487 1947 non
1503 1913 1558 1948 in-

570 1971 693 2006 carnati
708 1971 923 2004 humilitatem
933 1968 1072 2004 invenit.
1565 1969 1647 2003 ibid.

469 2041 499 2062 x.
523 2028 643 2061 Clarius
653 2029 859 2060 innotescunt
873 2026 943 2068 jam
959 2025 1137 2068 Augustino
1161 2025 1283 2059 divina.
1583 2028 1648 2059 156

453 2097 499 2119 n.
526 2085 689 2125 Quomodo
701 2089 860 2118 creaturae
877 2088 950 2117 sunt
966 2089 999 2116 et
1018 2093 1083 2116 non
1099 2086 1184 2115 sunt.
1583 2083 1649 2115 158

443 2151 500 2175 ιιι.
526 2142 639 2174 01111113
656 2141 739 2174 bona
759 2150 969 2183 quaecumque
985 2143 1071 2172 sunt.
1563 2134 1648 2168 ibid.

425 2209 496 2232 xm.
521 2199 636 2232 Omnia
652 2197 782 2230 condita
801 2197 933 2229 laudant
949 2198 1063 2229 Deum.
1581 2193 1647 2224 159

428 2265 494 2287 xiv.
520 2256 610 2286 Sanae
622 2252 738 2285 mentis
754 2252 876 2284 homini
888 2251 965 2283 nihil
981 2250 1129 2292 displicet
1145 2249 1231 2282 inter
1251 2251 1414 2282 creaturas
1437 2247 1508 2281 Dei.
1581 2248 1646 2279 ¹60

440 2321 493 2344 xv.
522 2308 688 2349 Quomodo
705 2307 827 2341 veritas
839 2309 875 2339 et
890 2305 1014 2338 falsitas
1024 2304 1059 2337 in
1070 2305 1239 2338 creaturis.
1581 2304 1643 2335 161

425 2377 494 2400 xvr.
521 2366 633 2399 Omnia
650 2365 736 2398 bona
749 2389 758 2406 ‚
777 2364 856 2396 licet
867 2361 1055 2406 quibusdam
1078 2372 1140 2394 non
1155 2365 1248 2404 apta.
1583 2359 1646 2391 162

414 2433 491 2456 xvu.
517 2425 592 2462 Quae
608 2421 775 2455 retardent
791 2431 810 2453 a
821 2419 1005 2462 cognitione
1021 2417 1216 2452 divinorum.
1562 2411 1643 2446 ibid·

402 2489 492 2513 xvm.
518 2479 606 2512 Solus
625 2478 766 2512 Christus
779 2477 833 2510 via
844 2476 887 2509 ad
898 2476 1045 2509 salutem.
1580 2470 1646 2501 164

432 2546 497 2569 xix.
523 2536 605 2574 Quid
620 2535 758 2569 senserit
775 2535 816 2567 de
832 2532 951 2566 Christi
968 2531 1201 2566 incarnatione.
1577 2525 1643 2556 165

437 2601 491 2624 xx.
518 2593 564 2624 Ex
582 2591 752 2625 Platonicis
771 2590 858 2624 libris
871 2589 1004 2632 peritior
1015 2613 1024 2630 ‚
1038 2588 1094 2622 sed
1109 2585 1250 2621 inflatior
1266 2586 1424 2619 evaserat.
1577 2581 1642 2613 166
