1871 3162
251 243 333 284 124
679 261 712 287 s.
747 256 978 288 Aucus’nm
1010 261 1192 288 EPISCOPI

244 321 347 364 bam
366 321 509 381 ipsum
525 322 652 368 male.
676 325 733 368 Et
749 325 782 368 si
799 323 906 384 quid
924 325 1127 370 arrisisset
1146 339 1418 385 prosperum,
1437 325 1628 371 taedebat

244 393 584 452 apprehendere,
600 395 701 453 quia
720 410 829 455 pene
842 395 1096 456 priusquam
1109 406 1346 454 teneretur,
1363 396 1578 443 avolabat.

244 572 1626 594 mffltvwmmmvmtmwwwwwwmtm‘mmmmmmmm

746 706 963 757 CAPUT
1007 710 1119 756 VH.

390 861 622 922 Alypium
638 878 671 907 a
694 861 989 908 Circensium
1016 863 1212 909 insania
1229 866 1480 909 convertit.

298 1022 378 1065 XI.
414 1022 831 1066 CoivGEmscssBAMth
846 1022 892 1065 in
906 1021 956 1066 iis
973 1021 1050 1082 qui
1064 1021 1195 1066 simul
1210 1023 1346 1066 amice
1358 1021 1629 1077 vivebamus,

241 1101 284 1136 et
312 1091 495 1135 maxime
518 1108 567 1136 ac
589 1091 921 1136 familiarissime
942 1107 1044 1136 cum
1067 1092 1229 1151 Alypio
1251 1101 1295 1136 et
1313 1091 1522 1137 Nebridio
1551 1092 1633 1136 ista

241 1160 539 1222 colloquebar,
576 1177 764 1221 quorum
802 1160 986 1220 Alypius
1024 1177 1075 1205 ex
1104 1161 1257 1205 eodem
1292 1177 1381 1221 quo
1408 1177 1489 1221 ego
1511 1171 1633 1207 ortus

241 1241 333 1276 erat
353 1232 609 1291 municipio,
630 1231 886 1290 parentibus
908 1231 1162 1290 primatibus
1186 1231 1540 1291 municipalibus,
1560 1247 1631 1277 me

240 1304 381 1348 minor
417 1312 538 1347 natu.
576 1305 685 1348 Nam
722 1311 765 1346 et
799 1300 1026 1347 studuerat
1048 1302 1167 1361 apud
1184 1317 1270 1357 me,
1295 1318 1397 1346 cum
1418 1303 1463 1346 in
1481 1312 1630 1348 nostro

241 1376 397 1419 docere
435 1374 550 1432 coepi
588 1373 767 1432 oppido,
797 1383 834 1416 et
865 1382 1015 1432 postea
1049 1374 1331 1432 Carthagini;
1361 1383 1405 1417 et
1425 1373 1633 1432 diligebat

240 1461 309 1489 me
329 1444 533 1499 multum,
550 1444 671 1504 quod
687 1445 726 1488 ei
741 1444 882 1489 bonus
899 1453 942 1489 et
960 1445 1114 1489 doctus
1128 1444 1325 1502 viderer,
1350 1454 1393 1489 et
1410 1460 1489 1503 ego
1504 1444 1631 1490 illum

240 1525 418 1576 propter
457 1530 659 1574 magnam
692 1515 863 1560 virtutis
896 1515 1107 1571 indolem,
1145 1532 1244 1576 quae
1279 1517 1324 1559 in
1353 1531 1441 1560 non
1475 1531 1631 1575 magna

242 1596 368 1631 aetate
385 1587 484 1630 satis
504 1586 739 1630 eminebat.
767 1588 932 1645 Gurges
950 1596 1097 1630 tamen
1118 1601 1289 1632 morum
1307 1587 1628 1645 Carthaginem

240 1658 367 1711 sium,
403 1656 563 1716 quibus
594 1656 819 1714 nugatoria
852 1656 1023 1700 fervent
1050 1655 1316 1716 spectacula,
1343 1657 1629 1702 absorbuerat

242 1742 342 1770 eum
360 1727 407 1770 in
428 1728 638 1771 insaniam
663 1727 931 1771 Circensium
950 1746 958 1772 :
985 1728 1060 1771 sed
1078 1727 1241 1772 cumin
1258 1743 1308 1771 eo
1330 1727 1632 1772 miserabiliter

241 1798 504 1853 volveretur,
538 1814 618 1856 ego
646 1808 791 1842 autem
825 1800 1085 1843 rhetoricam
1114 1799 1174 1842 ibi
1203 1798 1420 1857 professus
1454 1798 1631 1858 publica

241 1868 388 1913 schola
400 1878 560 1923 uterer,
576 1868 774 1913 nondum
792 1885 860 1912 me
878 1869 1083 1914 audiebat
1100 1879 1148 1913 ut
1166 1871 1436 1928 magistrum,
1453 1879 1631 1929 propter

241 1937 475 1998 quamdam
505 1938 768 1982 simultatem
801 1956 899 1999 quae
925 1942 1037 1983 inter
1066 1954 1133 1982 me
1160 1949 1203 1983 et
1228 1947 1395 1997 patrem
1421 1940 1512 1998 ejus
1536 1949 1628 1985 erat

244 2018 388 2054 exorta
406 2029 414 2054 :
435 2018 477 2053 et
493 2025 789 2069 compereram
807 2009 927 2068 quod
943 2012 1118 2054 Circum
1134 2008 1409 2052 exitiabiliter
1438 2021 1627 2068 amaret,

244 2089 287 2123 et
296 2080 480 2138 graviter
488 2081 693 2138 angebar,
705 2081 825 2139 quod
839 2089 1002 2124 tantam
1015 2094 1134 2138 spem
1143 2078 1408 2137 perditurus,
1420 2077 1488 2123 vel
1500 2081 1630 2124 etiam

243 2150 478 2209 perdidisse
514 2150 620 2193 mihi
650 2149 896 2193 videbatur.
931 2150 1015 2193 Sed
1044 2148 1252 2193 monendi
1279 2165 1381 2193 eum
1415 2158 1458 2193 et
1485 2149 1629 2210 aliqua

244 2221 504 2266 coercitione
523 2221 752 2264 revocandi
781 2220 902 2264 nulla
920 2230 1011 2265 erat
1031 2221 1171 2279 copia,
1191 2219 1260 2264 vel
1277 2220 1477 2264 amicitiae
1495 2221 1629 2264 bene-

243 2291 448 2346 volentia,
473 2290 541 2335 vel
559 2293 655 2351 jure
677 2291 923 2349 magisterii.
963 2291 1177 2335 Putabam
1207 2291 1323 2334 enim
1352 2305 1450 2334 eum
1483 2289 1537 2334 de
1559 2307 1628 2336 me

245 2378 344 2407 cum
368 2372 487 2421 patre
505 2363 678 2416 sentire,
701 2361 773 2406 ille
796 2377 897 2406 vero
919 2378 1007 2406 non
1022 2363 1079 2406 sic
1102 2370 1207 2405 erat.
1236 2365 1389 2421 Itaque
1405 2362 1626 2420 proposita

246 2434 291 2476 in
318 2433 398 2476 hac
422 2447 466 2475 re
489 2432 619 2491 patris
640 2432 881 2487 voluntate,
907 2431 1091 2476 salutare
1121 2448 1189 2476 me
1218 2441 1424 2490 coeperat,
1450 2432 1624 2476 veniens

245 2503 291 2546 in
309 2501 571 2546 auditorium
588 2519 750 2557 meum,
771 2512 814 2546 et
832 2503 981 2546 audire
1003 2502 1165 2562 aliquid
1188 2511 1317 2561 atque
1339 2502 1471 2545 abire.

304 2575 407 2617 XII.
446 2574 527 2616 Sed
562 2574 675 2615 enim
706 2572 760 2616 de
795 2573 999 2617 memoria
1022 2573 1128 2616 mihi
1151 2573 1320 2632 lapsum
1345 2581 1462 2627 erat,
1493 2586 1619 2629 agere
