1871 3162
307 224 389 262 182
745 232 778 262 s.
814 231 1044 263 Aucus'nm
1077 234 1257 263 Errscom

308 298 567 344 excellenter
588 299 779 344 clarebat
791 298 908 358 apud
922 313 1065 344 servos
1085 307 1200 354 tuos,
1220 313 1298 344 nos
1316 306 1461 344 autem
1481 298 1684 358 usquein

306 371 427 416 illam
447 371 601 416 horam
633 369 811 415 latebat.
833 369 959 423 Quod
980 369 1052 414 ille
1073 370 1151 414 ubi
1172 369 1403 429 comperit,
1429 369 1682 414 immoratus

306 451 369 487 est
389 442 435 485 in
456 457 508 485 eo
529 455 725 485 sermone
738 476 748 496 ,
773 440 996 485 insinuans
1017 449 1188 484 tantum
1200 440 1342 484 virum
1364 438 1681 498 ignorantibus,

305 522 349 557 et
375 512 590 557 admirans
612 510 808 555 eamdem
841 519 1032 555 nostram
1055 511 1361 569 ignorantiam.
1395 509 1686 569 Stupebamus

308 593 454 628 autem
483 581 707 626 audientes
743 591 832 626 tam
850 582 1014 625 recenti
1035 582 1242 625 memoria
1258 616 1270 635 ‚
1295 589 1338 624 et
1364 594 1499 639 prope
1530 578 1687 623 nostris

309 653 580 713 temporibus
591 653 863 697 testatissima
879 650 1096 696 mirabilia
1110 660 1186 695 tua
1199 651 1243 694 in
1257 650 1344 695 fide
1356 660 1471 695 recta
1487 659 1530 694 et
1542 650 1688 694 catho-

310 725 392 769 lica
413 723 619 768 Ecclesia.
641 725 801 767 Omnes
818 723 1110 777 mirabamur,
1136 731 1179 765 et
1200 737 1278 766 nos
1299 722 1399 781 quia
1424 729 1512 765 tam
1531 735 1687 778 magna

307 805 430 839 erant
447 831 457 850 ,
481 794 555 838 ille
572 795 673 855 quia
689 793 883 838 inaudita
903 792 1029 837 nobis
1051 801 1188 836 erant.

366 867 462 908 XV.
484 863 591 908 Inde
613 879 752 908 sermo
775 865 867 924 ejus
894 863 1125 907 devolutus
1157 871 1220 906 est
1245 861 1301 906 ad
1328 860 1691 906 monasteriorum
1752 911 1756 913 q

306 950 452 994 greges
467 969 478 989 ,
515 943 558 977 et
579 949 719 978 mores
746 933 1053 978 suaveolentiae
1075 941 1186 987 tuae,
1213 932 1392 976 etubera
1415 931 1582 975 deserta
1604 945 1694 973 erea

307 1006 391 1059 mi,
416 1019 606 1065 quorum
643 1019 721 1047 nos
754 1002 863 1047 nihil
900 1003 1155 1046 sciebamus.
1182 1005 1238 1045 Et
1260 1010 1351 1044 erat
1383 1002 1692 1044 monasterium

306 1075 541 1121 Mediolani
562 1074 743 1134 plenum
765 1074 888 1118 bonis
910 1072 1116 1117 fratribus
1139 1081 1259 1116 extra
1286 1072 1405 1115 urbis
1427 1072 1587 1115 moenia
1609 1071 1692 1115 sub
1746 1113 1748 1116 .

305 1147 535 1192 Ambrosio
563 1146 796 1199 nutritore,
824 1153 867 1188 et
887 1160 976 1189 non
1008 1159 1279 1187 noveramus.
1306 1141 1597 1186 Pertendebat
1619 1141 1693 1185 ille

309 1227 353 1261 et
369 1217 632 1276 loquebatur
662 1215 827 1269 adhuc,
853 1223 895 1258 et
918 1230 995 1258 nos
1012 1214 1169 1258 intenti
1188 1214 1452 1257 tacebamus.
1480 1212 1606 1256 Unde
1621 1213 1693 1255 in-

310 1286 415 1332 cidit
427 1295 476 1330 ut
490 1285 668 1339 diceret,
686 1285 830 1328 nescio
841 1283 1018 1344 quando
1033 1299 1076 1327 se
1091 1293 1134 1327 et
1146 1293 1230 1327 tres
1244 1283 1347 1327 alios
1360 1280 1694 1326 contubernales

311 1372 425 1411 suos,
442 1356 647 1400 nimirum
663 1353 780 1413 apud
796 1357 1017 1407 Treveros,
1032 1368 1132 1397 cum
1146 1356 1387 1413 Imperator
1398 1350 1695 1412 pomeridiano

310 1427 578 1473 Circensium
605 1423 852 1484 spectaculo
879 1432 1121 1477 teneretur,
1139 1425 1272 1467 exisse
1300 1421 1628 1466 deambulatum
1650 1422 1696 1465 in

312 1499 460 1542 hortos
477 1496 610 1540 muris
625 1496 852 1554 contiguos
864 1530 875 1549 ,
894 1503 1025 1553 atque
1043 1493 1132 1537 illic
1151 1502 1200 1537 ut
1215 1492 1326 1537 forte
1343 1492 1580 1536 combinati
1597 1507 1696 1551 spa-

314 1569 551 1622 tiabantur,
568 1582 705 1610 unum
723 1581 866 1609 secum
886 1579 1095 1618 seorsum,
1112 1573 1155 1607 et
1170 1563 1273 1607 alios
1290 1563 1400 1607 duos
1413 1562 1565 1606 itidem
1580 1578 1698 1607 seor-

313 1653 409 1684 sum
427 1638 671 1696 pariterque
689 1634 897 1692 digressos
915 1653 923 1677 z
943 1632 1019 1677 sed
1041 1631 1138 1677 illos
1151 1633 1434 1691 vagabundos
1458 1632 1630 1676 irruisse
1651 1633 1698 1676 in

313 1707 549 1770 quamdam
567 1721 722 1760 casam,
743 1705 820 1748 ubi
834 1703 1092 1748 habitabant
1109 1703 1288 1763 quidam
1311 1704 1421 1747 servi
1438 1704 1525 1758 tui,
1543 1703 1698 1762 spiritu

313 1793 523 1841 pauperes
537 1812 548 1832 ,
568 1776 763 1837 qualium
782 1784 846 1819 est
866 1789 1050 1833 regnum
1071 1773 1326 1829 coelorum¹,
1341 1783 1384 1817 et
1399 1773 1613 1818 invenisse
1634 1773 1697 1817 ibi

314 1849 507 1895 codicem
523 1848 568 1891 in
582 1862 670 1906 quo
688 1847 845 1905 scripta
858 1853 950 1889 erat
962 1845 1050 1889 vita
1066 1844 1259 1889 Antonii.
1282 1846 1423 1897 Quam
1440 1844 1584 1903 legere
1606 1859 1698 1888 coe-

313 1921 376 1981 pit
387 1933 500 1963 unus
512 1932 680 1971 eorum,
692 1925 735 1960 et
748 1916 911 1971 mirari,
923 1925 966 1959 et
978 1914 1171 1970 accendi,
1188 1913 1599 1973 etinterlegendum
1613 1929 1698 1958 me-

315 1989 440 2034 ditari
458 1988 644 2046 arripere
667 1985 798 2030 talem
813 1987 945 2030 vitam
963 2021 973 2039 ,
999 1994 1042 2029 et
1062 1985 1210 2029 relicta
1224 1984 1375 2028 militia
1393 1982 1592 2028 saeculari
1609 1999 1700 2027 ser-

314 2059 505 2104 viretibi.
524 2061 659 2101 Erant
672 2066 818 2101 autem
835 2071 884 2100 ex
897 2056 955 2099 eis
972 2070 1080 2114 quos
1097 2054 1250 2098 dicunt
1271 2057 1460 2112 Agentes
1481 2053 1527 2097 in
1549 2053 1695 2098 rebus.

320 2133 442 2174 Tunc
457 2128 602 2172 subito
617 2126 806 2186 repletus
820 2141 965 2170 amore
978 2133 1125 2169 sancto
1143 2133 1184 2168 et
1203 2124 1346 2168 sobrio
1360 2123 1528 2183 pudore
1540 2159 1551 2179 ,
1566 2124 1700 2168 iratus

319 2201 400 2245 sibi
423 2199 606 2259 conjecit
623 2198 771 2242 oculos
793 2198 837 2241 in
861 2197 1064 2253 amicum,
1081 2204 1124 2239 et
1137 2195 1196 2239 ait
1212 2194 1296 2239 illi:
1315 2214 1335 2236 «
1354 2195 1449 2246 Dic,
1473 2209 1621 2254 quaeso
1638 2203 1697 2250 te,

322 2289 342 2311 »
378 2268 582 2314 omnibus
611 2268 700 2312 istis
735 2267 959 2311 laboribus
993 2266 1148 2310 nostris
1174 2280 1263 2325 quo
1304 2264 1517 2308 ambimus
1544 2279 1699 2323 perve-

318 2359 338 2382 »
360 2340 482 2384 nire?
504 2339 621 2392 Quid
641 2339 907 2398 quaerimus?
931 2337 1053 2396 cujus
1079 2336 1140 2381 rei
1163 2350 1290 2379 causa
1312 2335 1580 2380 militamus?
1602 2337 1697 2380 Ma-

314 2428 334 2451 »
364 2412 512 2469 jor-ne
531 2423 620 2452 esse
639 2408 798 2468 poterit
814 2422 908 2467 spes
926 2416 1070 2452 nostra
1087 2407 1132 2450 in
1148 2406 1323 2466 palatio,
1347 2420 1481 2466 quam
1505 2414 1555 2449 ut
1572 2405 1698 2449 amici

312 2498 332 2521 »
369 2480 644 2539 Imperatoris
665 2479 826 2524 simus?
848 2480 905 2522 Et
926 2477 987 2522 ibi
1003 2476 1111 2537 quid
1130 2492 1218 2521 non
1234 2474 1403 2534 fragile,
1425 2475 1694 2535 plenumque

363 2571 373 2587 ¹
396 2563 522 2596 Matth.
541 2574 573 2605 v,
589 2564 621 2595 3.
