1871 3162
281 232 361 271 158
717 246 751 272 s.
786 244 1017 272 Anaus‘rffll
1050 244 1229 271 muscum

280 426 1656 445 mmmmmmmmmmmmm

783 571 999 620 CAPUT
1037 573 1129 619 XI.

478 734 731 799 Quomodo
752 745 994 782 creaturae
1016 745 1126 781 sant
1148 745 1195 781 et
1210 751 1307 781 non
1330 746 1454 781 sunt.

340 909 484 951 XVII.
517 909 581 952 ΕΤ
602 907 770 966 inspexi
791 916 947 951 caetera
968 906 1081 950 infra
1109 915 1152 951 te
1169 942 1180 962 ,
1201 915 1245 950 et
1265 905 1355 951 vidi
1377 921 1457 951 nec
1488 905 1668 950 omnino

281 993 386 1033 esse,
407 993 487 1022 nec
507 978 687 1022 omnino
709 993 799 1022 non
820 992 925 1021 esse.
952 980 1056 1021 Esse
1078 975 1281 1036 quidem,
1307 976 1513 1036 quoniam
1532 977 1608 1020 abs
1627 985 1670 1019 te

222 1042 231 1107 ζ
282 1057 385 1093 sunt
403 1067 412 1093 ε
442 1063 532 1092 non
554 1063 644 1092 esse
666 1057 811 1092 autem
827 1083 838 1103 ,
863 1047 1072 1108 quoniam
1089 1046 1135 1090 id
1156 1045 1276 1106 quod
1295 1061 1338 1090 es
1367 1061 1457 1090 non
1478 1055 1594 1090 sunt.
1618 1045 1671 1090 Id

283 1118 400 1162 enim
418 1133 518 1163 vere
540 1127 603 1162 est
621 1153 631 1173 ‚
657 1117 777 1178 quod
798 1115 1215 1161 incommutabiliter
1236 1126 1398 1161 manet.
1424 1116 1569 1161 «Mihi
1590 1131 1669 1159 au-

287 1206 308 1229 »
342 1197 431 1232 tem
452 1188 662 1231 inhaerere
685 1191 775 1232 Deo
798 1189 966 1232 bonum
984 1189 1096 1245 est¹3
1115 1205 1134 1228 »
1152 1187 1254 1247 quia
1270 1187 1304 1231 si
1318 1202 1407 1231 non
1425 1186 1613 1230 manebo
1625 1185 1672 1229 in

285 1258 361 1303 illo
378 1294 388 1313 ‚
413 1274 493 1303 nec
521 1259 566 1302 in
587 1274 656 1302 me
678 1268 845 1318 potero.
869 1257 948 1302 Ille
973 1267 1118 1302 autem
1140 1258 1187 1301 in
1212 1274 1256 1302 se
1293 1273 1470 1302 manens
1492 1258 1673 1301 innovat

287 1330 470 1374 omnia2.
502 1349 523 1372 «
547 1333 605 1374 Et
627 1330 837 1374 Dominus
856 1332 970 1373 Deus
987 1344 1110 1373 meus
1132 1343 1176 1372 es
1191 1364 1202 1384 ,
1228 1330 1437 1389 quoniam
1455 1329 1673 1373 bonorum

290 1418 311 1442 »
346 1394 544 1444 meorum
564 1415 654 1445 non
675 1414 772 1458 eges
788 1401 820 1443 3.
848 1418 869 1441 »

290 1577 1562 1594 mmmmmmmmmmmmmm
1567 1578 1603 1593 m
1607 1578 1675 1593 ww

803 1721 1021 1771 CAPUT
1057 1724 1176 1770 XII.

592 1876 769 1922 Omnia
791 1875 918 1921 bona
940 1892 1250 1934 quoecamqae
1270 1886 1394 1920 sunt.

356 2039 522 2081 XVIII.
549 2039 613 2081 ΕΤ
634 2035 953 2080 manifestatum
977 2046 1040 2080 est
1060 2036 1195 2090 mihi,
1220 2035 1427 2095 quoniam
1442 2035 1555 2079 bona
1578 2044 1679 2079 sunt

298 2124 397 2167 quae
422 2117 763 2166 corrumpuntur
781 2143 792 2161 ‚
817 2123 916 2167 quae
935 2097 1083 2166 neque
1114 2108 1147 2150 si
1171 2121 1352 2157 summa>
1371 2107 1484 2150 bona
1507 2115 1647 2150 essent
1663 2141 1674 2161 ,

299 2193 442 2237 neque
464 2178 544 2221 nisi
568 2177 683 2221 bona
705 2187 860 2231 esseut,
886 2177 1106 2236 corrumpi
1121 2186 1321 2236 possent:
1343 2177 1442 2237 quia
1461 2178 1493 2220 si
1509 2192 1678 2221 summa

300 2249 414 2292 bona
436 2257 577 2292 essent
592 2283 602 2302 ,
626 2246 972 2306 incorruptibilia
1007 2258 1147 2291 essent
1166 2268 1174 2292 :
1195 2248 1229 2291 si
1250 2258 1395 2292 autem
1418 2247 1538 2291 nulla
1562 2248 1678 2292 bona

300 2328 455 2372 essent,
486 2318 606 2377 quod
626 2318 671 2361 in
694 2318 752 2361 eis
774 2327 1123 2377 corrumperetur
1146 2334 1235 2362 non
1257 2328 1379 2362 esset.
1403 2321 1540 2364 Nocet
1563 2319 1677 2362 enim

302 2390 551 2448 corruptio,
586 2399 628 2433 et
660 2390 741 2433 nisi
775 2390 942 2433 bonum
972 2391 1211 2445 minueret,
1248 2406 1337 2433 non
1369 2399 1559 2434 noceret.
1590 2395 1680 2435 Aut

302 2459 435 2518 igitur
454 2458 563 2503 nihil
585 2468 715 2504 nocet
734 2461 955 2518 corruptio
972 2494 983 2515 ‚
1004 2459 1124 2519 quod
1144 2460 1236 2504 fieri
1257 2476 1344 2504 non
1374 2470 1517 2520 potest
1540 2480 1549 2506 ;
1575 2470 1677 2516 aut,

353 2561 362 2578 ¹
384 2555 463 2588 Psal.
482 2565 578 2597 Lxxn,
598 2564 652 2588 20.
671 2572 712 2578 -
733 2563 746 2578 ²
764 2557 839 2597 Sap.
861 2567 917 2597 vu,
936 2564 991 2597 27.
1011 2571 1053 2578 —
1069 2553 1083 2578 ³
1101 2555 1181 2589 Psal.
1199 2566 1256 2597 xv,
1276 2564 1308 2588 2.
