1871 3162
667 228 1017 264 εοΝΓΕεειοΝυΜ,
1053 228 1136 253 Lm.
1171 227 1212 253 x.
1521 217 1604 255 235

234 305 276 340 et
293 295 443 340 officiis
465 295 566 348 suis,
585 309 683 352 quae
705 292 871 337 diversa
889 307 964 351 per
981 306 1053 335 eos
1071 306 1167 349 ago,
1188 306 1301 335 unus
1323 307 1403 350 ego
1422 294 1605 338 animus.

236 366 443 409 Transibo
464 373 508 408 et
534 364 661 408 istam
681 363 767 407 vim
796 377 937 407 meam
957 380 967 407 :
993 376 1095 405 nam
1120 371 1164 405 et
1187 361 1300 405 hanc
1319 362 1454 407 habet
1473 378 1611 423 equus

234 445 277 480 et
299 435 443 480 mulus
460 469 471 490 ‚
496 434 689 479 sentiunt
706 434 824 478 enim
844 433 974 478 etiam
996 433 1076 493 ipsi
1093 447 1170 492 per
1186 446 1361 491 corpus

237 604 1610 630 ΜΜΛἺΝΛΜΜΜΛΜΛΜΜΜΜΛΝἎΛΛΜΜΜΜΜΜΜΜΜΜΜΩΝἋΜΜΛΝἉἏ

729 743 947 792 CAPUT
993 745 1125 792 VIII.

746 897 811 942 M
807 898 999 943 emorz'oe
1018 898 1105 964 νίς.

299 1059 403 1102 XII.
441 1059 652 1101 Tnmsnzo
679 1071 782 1116 ergo
804 1065 847 1101 et
867 1057 992 1101 istam
1013 1056 1103 1101 vim
1124 1065 1293 1100 naturae
1315 1069 1423 1099 meae
1440 1089 1453 1110 ‚
1481 1055 1624 1113 gradi-

241 1128 324 1173 bus
346 1127 581 1172 ascendens
603 1127 658 1171 ad
688 1142 788 1171 eum
810 1124 888 1186 qui
919 1126 1024 1171 fecit
1045 1141 1114 1170 me
1133 1147 1145 1184 3
1170 1135 1213 1170 et
1234 1126 1363 1171 venio
1384 1126 1430 1169 in
1451 1141 1626 1186 campos

246 1208 290 1243 et
305 1199 392 1243 lata
414 1199 614 1258 praetoria
638 1198 858 1242 memoriae
875 1233 885 1253 ‚
922 1198 999 1241 ubi
1028 1206 1131 1241 sunt
1162 1198 1351 1241 thesauri
1372 1198 1626 1243 innumera-

246 1269 402 1313 bilium
434 1269 673 1327 imaginum
703 1268 758 1312 de
788 1267 1085 1328 cujuscemodi
1113 1267 1243 1311 rebus
1275 1268 1407 1311 sensis
1433 1268 1627 1313 invecta-

246 1354 360 1382 rum.
392 1337 460 1382 lbi
485 1337 760 1382 reconditum
790 1346 855 1382 est
871 1337 1088 1398 quidquid
1108 1338 1239 1381 etiam
1261 1338 1502 1397 cogitamus
1521 1373 1532 1394 ‚
1560 1339 1630 1383 vel

247 1409 449 1468 augendo
481 1409 551 1453 vel
582 1408 822 1453 minuendo
837 1444 848 1464 ‚
882 1408 953 1454 vel
973 1418 1213 1469 utcumque
1235 1407 1442 1453 variando
1463 1424 1512 1454 ea
1531 1426 1629 1470 quae

248 1494 398 1524 sensus
418 1478 605 1536 attigerit
630 1497 639 1523 :
665 1488 707 1522 et
733 1478 768 1522 si
789 1478 899 1538 quid
921 1477 1038 1522 aliud
1061 1479 1416 1523 commendatum
1438 1489 1480 1524 et
1500 1495 1629 1540 repo—

249 1550 380 1594 situm
403 1558 492 1604 est,
517 1548 637 1608 quod
665 1549 864 1593 nondum
894 1549 1119 1594 absorbuit
1152 1558 1195 1594 et
1226 1550 1423 1609 sepelivit
1448 1550 1626 1596 oblivio.

252 1621 320 1665 Ibi
340 1619 517 1680 quando
538 1635 633 1664 sum
652 1655 662 1675 ,
688 1636 820 1679 posco
848 1630 899 1665 ut
919 1619 1165 1680 proferatur
1197 1621 1415 1681 quidquid
1438 1623 1537 1667 volo
1553 1659 1564 1678 ‚
1590 1633 1633 1668 et

250 1690 454 1750 quaedam
488 1690 632 1734 statim
661 1690 910 1749 prodeunt3
935 1691 1136 1751 quaedam
1158 1691 1440 1751 requiruntur
1470 1692 1633 1738 diutius

251 1771 295 1805 et
338 1770 547 1821 tanquam
582 1761 639 1805 de
679 1761 1015 1806 abstrusioribus
1050 1763 1315 1822 quibusdam
1352 1765 1634 1823 receptaculis

252 1841 465 1876 eruuntur
481 1853 493 1889 3
512 1831 713 1891 quaedam
732 1833 984 1877 catervatim
1005 1848 1049 1877 se
1066 1842 1300 1892 proruunt,
1321 1843 1361 1878 et
1385 1835 1491 1878 dum
1514 1834 1635 1880 aliud

252 1902 415 1962 petitur
437 1911 480 1945 et
501 1902 714 1960 quaeritur
728 1936 739 1956 ‚
780 1902 1011 1960 prosiliunt
1048 1904 1093 1946 in
1116 1902 1312 1947 medium
1343 1905 1465 1964 quasi
1487 1905 1636 1950 dicen-

253 1974 314 2017 tia
335 1991 344 2017 :
369 1975 433 2016 Ne
455 1971 566 2016 forte
587 1988 664 2016 nos
681 1975 862 2017 sumus?
883 1976 939 2017 Et
956 1974 1082 2032 abigo
1102 1989 1150 2018 ea
1174 1989 1307 2018 manu
1328 1974 1468 2019 cordis
1486 1991 1509 2019 a
1527 1975 1636 2021 facie

254 2043 564 2087 recordationis
587 2057 696 2086 meae
714 2078 725 2097 ‚
759 2044 899 2088 donec
935 2044 1185 2089 enubiletur
1207 2044 1327 2104 quod
1350 2045 1448 2090 volo
1464 2081 1475 2100 ‚
1506 2056 1636 2107 atque

254 2113 299 2156 in
319 2121 599 2171 conspectum
622 2111 804 2172 prodeat
825 2129 874 2157 ex
897 2113 1068 2159 abditis.
1094 2115 1188 2160 Alia
1206 2114 1390 2160 faciliter
1409 2126 1540 2178 atque
1560 2118 1638 2162 im-

255 2183 508 2242 perturbata
527 2183 651 2237 serie,
676 2184 786 2228 sicut
807 2194 1046 2242 poscuntur
1067 2195 1360 2244 suggeruntur
1380 2207 1391 2243 3
1416 2197 1459 2231 et
1476 2187 1638 2234 cedunt

256 2253 545 2313 praecedentia
566 2256 929 2314 consequentibus
948 2278 959 2314 3
983 2266 1026 2301 et
1048 2256 1244 2302 cedendo
1265 2257 1532 2314 conduntur,
1557 2259 1640 2304 ite-

258 2339 355 2367 rum
378 2339 478 2367 cum
507 2323 688 2369 voluero
717 2340 983 2383 processura.
1009 2325 1137 2380 Quod
1158 2337 1298 2372 totum
1333 2328 1411 2384 fit,
1436 2344 1536 2373 cum
1559 2329 1638 2374 ali-

259 2393 363 2455 quid
384 2410 510 2439 narro
533 2396 797 2440 memoriter.

317 2467 444 2508 XIII.
479 2465 545 2509 Ibi
565 2475 667 2511 sunt
697 2467 844 2512 omnia
865 2466 1066 2513 distincte
1087 2469 1414 2530 generatimque
1442 2482 1610 2518 servata
1625 2508 1636 2529 ,

262 2551 362 2595 quac
379 2551 457 2581 suo
478 2551 665 2597 quaeque
682 2538 802 2583 aditu
823 2538 870 2583 in
891 2548 1010 2598 gesta
1031 2549 1134 2585 sunt
1154 2540 1268 2586 sicut
1290 2539 1364 2586 lux
1377 2550 1508 2602 atque
1524 2578 1535 2599 ,
1555 2558 1644 2588 om-
