1871 3162
535 320 854 349 coNFEssmNnM
870 335 881 358 ,
915 320 998 347 Lm.
1033 318 1126 346 x111.
1421 309 1506 349 403

136 510 206 528 m

699 511 768 528 m

1470 512 1504 529 M

605 644 819 695 CAPUT
862 647 1021 694 XXX.

529 811 915 858 Manichaeorum
937 811 1125 858 deliria.

196 971 328 1014 XLV.
356 972 419 1014 ΕΤ
436 971 602 1026 audivi,
629 972 812 1016 Domine
833 975 947 1017 Deus
969 988 1090 1017 meus
1107 1008 1117 1023 ,
1141 981 1184 1017 et
1204 971 1333 1017 elinxi
1353 972 1511 1018 stillam

137 1039 379 1085 dulcedinis
397 1057 447 1085 ex
466 1051 538 1085 tua
553 1042 732 1086 veritate
749 1078 760 1097 ‚
786 1051 829 1087 et
849 1043 1040 1087 intellexi
1060 1045 1268 1104 quoniam
1288 1054 1389 1089 sunt
1410 1045 1511 1104 qui-

138 1111 237 1155 dam
262 1112 420 1171 quibus
442 1112 672 1171 displicent
694 1128 822 1172 opera
846 1122 919 1156 tua
940 1134 950 1171 3
969 1122 1012 1156 et
1034 1113 1171 1158 multa
1189 1129 1340 1158 eorum
1360 1114 1513 1159 dicunt

139 1190 182 1226 te
203 1180 351 1225 fecisse
369 1182 618 1226 necessitate
640 1182 910 1242 compulsum
930 1218 940 1237 ‚
965 1183 1077 1227 sicut
1097 1183 1281 1227 fabricas
1302 1185 1513 1229 coelorum

140 1261 183 1296 et
201 1252 532 1311 compositiones
554 1251 742 1296 siderum
773 1272 781 1297 z
808 1263 851 1297 et
875 1253 970 1296 haec
1002 1269 1091 1298 non
1113 1253 1168 1298 de
1202 1264 1279 1299 tuo
1297 1291 1308 1311 ,
1335 1255 1409 1300 sed
1425 1257 1515 1316 jam

139 1321 267 1367 fuisse
290 1322 393 1367 alibi
410 1331 551 1367 creata
573 1332 616 1366 et
635 1323 827 1378 aliunde,
852 1339 951 1383 quae
973 1332 1022 1367 tu
1045 1326 1321 1369 contraheres
1339 1336 1382 1370 et
1402 1342 1520 1371 com-

138 1395 361 1454 paginares
384 1404 515 1454 atque
536 1403 805 1449 contexeres,
827 1409 926 1438 cum
949 1394 1003 1438 de
1022 1395 1222 1441 hostibus
1244 1397 1367 1441 victis
1385 1413 1516 1442 mun-

140 1466 254 1509 dana
269 1465 428 1509 moenia
448 1464 660 1509 molireris
676 1500 686 1519 ‚
707 1474 757 1509 ut
777 1480 826 1509 ea
847 1467 1170 1511 constructione
1193 1466 1409 1524 devincti,
1437 1469 1517 1513 ad-

141 1551 287 1580 versus
302 1545 344 1580 te
364 1536 522 1580 iterum
542 1535 752 1579 rebellare
775 1551 865 1579 non
883 1546 1070 1595 possent.
1097 1537 1192 1582 Alia
1219 1554 1321 1583 vero
1349 1555 1430 1584 nec
1452 1538 1519 1585 fe-

142 1607 248 1651 cisse
268 1616 311 1651 te
329 1642 339 1662 ‚
360 1621 440 1650 nec
470 1606 648 1650 omnino
676 1607 940 1666 compegisse
955 1641 966 1661 ‚
999 1608 1110 1651 sicut
1131 1623 1280 1652 omnes
1308 1624 1456 1653 carnes
1479 1620 1522 1655 et

142 1679 427 1722 minutissima
459 1693 647 1738 quaeque
676 1677 909 1722 animantia
924 1713 935 1733 ,
976 1688 1019 1723 et
1053 1679 1269 1740 quidquid
1302 1680 1521 1727 radicibus
1554 1714 1559 1733 ι

144 1758 303 1793 terram
325 1758 445 1793 tenet
470 1767 479 1792 ε
507 1749 583 1792 sed
607 1747 808 1792 hostilem
837 1756 1027 1791 mentem
1049 1759 1336 1810 naturamque
1366 1751 1493 1796 aliam
1509 1787 1520 1808 ,

145 1836 236 1865 non
253 1821 328 1864 abs
346 1829 388 1863 te
405 1818 642 1873 conditam,
674 1819 841 1879 tibique
870 1820 1151 1875 contrariam,
1177 1821 1222 1865 in
1243 1821 1521 1868 inferioribus

147 1891 300 1936 mundi
313 1891 417 1936 locis
433 1891 511 1935 ista
527 1890 702 1949 gignere
716 1899 846 1951 atque
862 1891 1065 1935 formare.
1083 1893 1227 1936 Insani
1244 1892 1397 1938 dicunt
1410 1895 1521 1951 haec,

147 1963 354 2023 quoniam
376 1978 466 2006 non
487 1976 563 2021 per
582 1960 788 2021 Spiritum
808 1970 933 2006 tuum
948 1961 1098 2007 vident
1115 1978 1246 2023 opera
1262 1973 1337 2008 tua
1351 1999 1362 2020 ‚
1381 1981 1462 2010 nec
1481 1974 1523 2010 te

148 2043 417 2094 cognoscunt
436 2033 481 2078 in
502 2032 576 2077 eis.
