1871 3162
275 176 356 216 144
709 186 742 215 s.
779 188 1009 217 Aucusnm
1041 191 1220 218 EPISCOPI

269 268 445 298 securus
478 267 571 297 eam
588 254 859 313 quaerebam,
894 264 937 299 et
967 264 1109 301 certus
1132 272 1221 301 non
1249 270 1338 300 esse
1362 270 1513 300 verum
1531 254 1651 314 quod

268 323 331 368 illi
353 324 574 379 dicerent,
612 341 721 385 quos
750 335 843 370 toto
861 327 1005 371 animo
1022 327 1244 385 fugiebam
1273 346 1282 372 :
1317 327 1419 387 quia
1448 325 1652 371 videbam

268 394 506 453 quaerendo
523 394 641 438 unde
653 395 815 438 malum
829 430 840 450 ‚
862 396 1046 455 repletos
1061 397 1246 452 malitia,
1267 413 1353 456 qua
1370 396 1653 456 opinarentur

266 473 388 508 tuam
428 466 572 524 potius
613 465 898 509 substantiam
938 466 1050 510 male
1084 468 1171 526 pati
1215 482 1346 526 quam
1385 482 1508 510 suam
1541 465 1653 509 male

267 534 424 579 facere.

327 607 379 648 V.
408 607 463 649 Et
483 605 767 650 intendebam
789 615 839 650 ut
860 621 1081 650 cernerem
1113 606 1233 666 quod
1255 606 1485 651 audiebam
1502 642 1513 661 ,
1539 605 1655 650 libe-

269 689 366 718 rum
390 675 626 719 voluntatis
644 676 872 721 arbitrium
891 692 1065 721 causam
1084 693 1174 721 esse
1197 687 1246 721 ut
1263 677 1376 722 male
1397 678 1652 731 faceremus,

268 753 311 788 et
333 753 499 788 rectum
516 745 733 805 judicium
750 756 875 790 tuum
896 756 946 790 ut
961 756 1209 806 pateremur
1226 769 1238 805 3
1254 757 1297 792 et
1322 763 1414 792 eam
1443 747 1656 807 liquidam

267 829 444 858 cernere
468 830 559 860 non
587 816 803 860 valebam.
836 820 991 877 Itaque
1023 819 1158 861 aciem
1177 819 1334 863 mentis
1358 819 1412 862 de
1435 816 1656 877 profundo

267 885 453 928 educere
487 895 668 930 conatus
686 921 697 942 ,
738 887 964 945 mergebar
996 888 1182 946 iterum3
1218 898 1262 933 et
1295 904 1410 948 saepe
1452 897 1653 941 conatus,

266 955 495 1014 mergebar
525 957 683 1000 iterum
710 966 841 1017 atque
883 958 1056 1001 iterum.
1097 959 1363 1003 Sublevabat
1392 960 1507 1003 enim
1526 958 1657 1002 mein

266 1025 411 1070 lucem
430 1035 574 1082 tuam,
606 1027 728 1087 quod
751 1037 839 1072 tarn
868 1043 936 1072 me
967 1028 1157 1072 sciebam
1180 1029 1342 1073 habere
1366 1029 1653 1084 voluntatem,

266 1112 397 1155 quam
433 1113 502 1141 me
531 1098 687 1142 vivere.
710 1102 864 1158 Itaque
882 1114 983 1143 cum
1002 1098 1168 1158 aliquid
1190 1100 1345 1144 vellem
1367 1109 1442 1144 aut
1463 1099 1624 1144 nollem
1642 1134 1653 1154 ,

267 1182 357 1211 non
370 1167 502 1211 alium
524 1184 656 1228 quam
673 1184 741 1212 me
769 1168 881 1213 velle
898 1185 947 1213 ac
970 1168 1086 1213 nolle
1109 1171 1371 1215 certissimus
1390 1186 1522 1225 eram,
1539 1171 1656 1215 etibi

267 1252 355 1282 esse
393 1254 567 1282 causam
599 1239 763 1298 peccati
792 1240 877 1283 mei
911 1241 1001 1299 jam
1033 1241 1213 1300 jamque
1237 1240 1653 1285 animadvertebam.

267 1308 397 1360 Quod
413 1318 558 1353 autem
577 1310 738 1354 invitus
758 1307 967 1364 facerem,
991 1298 1080 1368 pati
1103 1325 1172 1354 me
1194 1311 1340 1370 potius
1358 1327 1490 1370 quam
1512 1311 1656 1355 facere

265 1379 496 1437 videbam,
514 1389 557 1424 et
574 1379 620 1424 id
637 1395 727 1424 non
749 1380 922 1439 culpam
937 1415 947 1435 ,
972 1379 1048 1424 sed
1069 1396 1247 1440 poenam
1271 1397 1360 1426 esse
1371 1382 1622 1442 judicabam
1640 1416 1651 1437 ,

266 1466 353 1510 qua
369 1466 437 1494 me
455 1465 545 1495 non
558 1451 715 1511 injuste
736 1451 884 1511 plecti,
903 1461 945 1496 te
955 1453 1124 1512 justum
1141 1456 1351 1511 cogitans,
1368 1453 1455 1498 cito
1467 1453 1652 1498 fatebar.

269 1520 354 1565 Sed
376 1537 521 1566 rursus
546 1522 745 1566 dicebam
767 1541 775 1566 :
797 1522 898 1575 Quis
931 1520 1033 1566 fecit
1055 1524 1155 1566 me?
1172 1525 1326 1568 Nonne
1355 1527 1469 1568 Deus
1498 1539 1620 1568 meus
1640 1559 1652 1578 ‚

266 1608 356 1637 non
375 1602 547 1637 tantum
569 1594 732 1648 bonus,
753 1593 828 1637 sed
868 1594 1010 1652 ipsum
1032 1593 1223 1638 bonum?
1246 1594 1372 1639 Unde
1393 1595 1524 1653 igitur
1546 1594 1654 1638 mihi

266 1663 379 1707 male
402 1664 512 1708 velle
530 1673 572 1708 et
589 1664 701 1708 bene
719 1663 852 1719 nolle,
878 1673 926 1708 ut
949 1673 1056 1708 esset
1075 1680 1152 1708 cur
1165 1666 1279 1724 juste
1296 1681 1449 1724 poenas
1462 1665 1654 1710 luerem?

266 1736 371 1787 Quis
390 1735 518 1778 inme
539 1736 622 1779 hoc
645 1735 814 1793 posuit,
842 1744 884 1779 et
904 1735 1060 1780 insevit
1082 1736 1188 1779 mihi
1210 1736 1473 1795 plantarium
1496 1736 1654 1780 amari-

269 1805 449 1860 tudinis,
487 1822 588 1850 cum
607 1817 723 1851 totus
744 1808 890 1851 fierem
916 1823 938 1850 a
957 1806 1208 1851 dulcissimo
1227 1811 1315 1852 Deo
1337 1809 1461 1851 meo?
1486 1808 1526 1852 Si
1561 1807 1653 1852 dia-

266 1876 392 1920 bolus
422 1887 593 1932 auctor,
625 1877 742 1921 unde
774 1879 863 1937 ipse
897 1877 1128 1922 diabolus?
1157 1878 1281 1931 Quod
1310 1879 1342 1922 si
1365 1888 1408 1922 et
1439 1880 1527 1937 ipse
1556 1894 1653 1938 per-

265 1962 387 1991 versa
408 1948 633 1992 voluntate
658 1964 709 1992 ex
733 1948 1031 2007 bonoAngelo
1049 1948 1246 1992 diabolus
1276 1949 1414 1992 factus
1431 1960 1493 1993 est
1509 1970 1518 2005 3
1536 1949 1651 1994 unde

266 2027 308 2062 et
329 2020 372 2062 in
397 2018 488 2077 ipso
503 2017 704 2063 voluntas
729 2018 840 2062 mala
859 2034 945 2078 qua
963 2017 1161 2062 diabolus
1180 2020 1323 2072 fieret,
1342 2020 1519 2078 quando
1535 2028 1651 2063 totus

265 2088 458 2147 Angelus
481 2106 504 2133 a
523 2089 748 2133 conditore
767 2088 932 2147 optimo
955 2087 1094 2131 factus
1116 2097 1226 2132 esset
1248 2088 1420 2132 bonus?
1441 2089 1514 2133 His
1531 2091 1646 2148 cogi-

265 2159 501 2202 tationibus
516 2158 789 2217 deprimebar
804 2158 959 2201 iterum
975 2167 1016 2200 ct
1032 2157 1277 2201 suffocabar
1295 2177 1302 2202 ;
1319 2158 1393 2202 sed
1408 2174 1496 2202 non
1512 2175 1650 2219 usque

267 2227 322 2272 ad
344 2227 468 2272 illum
490 2227 711 2272 infernum
731 2228 1006 2271 subducebar
1038 2228 1212 2281 erroris,
1250 2228 1324 2271 ubi
1353 2244 1480 2272 nemo
1515 2230 1650 2273 confi-

266 2307 382 2342 tetur
404 2299 507 2354 tibi,
542 2298 647 2342 dum
679 2307 728 2342 tu
760 2298 903 2357 potius
931 2297 1042 2341 mala
1063 2297 1178 2356 pati,
1203 2313 1333 2357 quam
1359 2299 1489 2343 homo
1508 2297 1649 2343 facere

265 2379 459 2429 putatur.
