1871 3162
293 185 376 222 444
729 195 760 221 s.
799 197 1026 221 AUGusTffll
1061 196 1239 221 EPISCOPI

289 275 404 303 amas
416 263 433 300 ἱ)
454 264 505 303 A.
534 264 703 303 Fateor.
728 264 778 302 R.
806 260 917 311 Quid
932 275 1029 302 cum
1046 268 1085 302 te
1100 259 1387 303 immortalem
1404 274 1492 302 esse
1506 258 1671 302 didice-

289 329 360 382 ris,
378 330 556 372 satis-ne
573 329 681 372 erit?
704 333 753 372 Α.
781 329 873 371 Erit
894 328 939 372 id
959 329 1136 388 quidem
1165 344 1387 387 magnum,
1408 328 1482 371 sed
1500 328 1543 371 id
1565 328 1668 370 mihi

289 414 457 456 parum.
489 404 537 441 R.
564 401 657 442 Hoc
679 408 825 442 tamen
851 397 970 456 quod
992 413 1146 457 parum
1175 408 1238 442 est
1260 407 1476 457 quantum
1506 398 1669 455 gaude-

287 469 379 511 bis?
398 471 450 512 Α.
478 468 734 512 Plurimum.
761 472 814 510 R.
840 467 956 512 Nihil
973 469 1062 526 jam
1086 469 1232 512 flebis?
1257 472 1309 512 A.
1335 466 1450 512 Nihil
1474 467 1668 510 omnino.

287 541 340 582 R.
367 537 480 591 Quid
499 539 534 582 si
556 539 646 598 ipsa
663 539 751 583 vita
769 537 865 583 talis
882 552 972 581 esse
988 538 1250 593 inveniatur,
1272 548 1322 581 ut
1340 538 1387 581 in
1401 553 1450 581 ea
1467 537 1548 580 tibi
1562 536 1672 580 nihil

287 608 471 667 amplius
501 624 633 668 quam
658 608 772 653 nosti
802 623 925 652 nosse
947 606 1090 661 liceat,
1117 607 1377 666 temperabis
1399 623 1422 650 a
1442 606 1672 663 lacrymis?

287 680 338 722 A.
365 680 459 722 Imo
476 686 648 722 tantum
665 678 781 722 flebo
794 687 843 722 ut
858 679 946 722 vita
961 677 1081 721 nulla
1099 677 1166 721 sit.
1192 681 1246 721 R.
1267 679 1362 722 Non
1381 676 1513 734 igitur
1530 677 1672 720 vivere

287 756 464 805 propter
477 748 620 806 ipsum
632 748 776 791 vivere
792 763 924 802 amas,
945 747 1019 791 sed
1036 756 1214 806 propter
1225 747 1346 790 scire.
1365 750 1415 790 A.
1436 745 1556 791 Cedo
1569 761 1673 789 con-

287 817 483 861 clusioni.
520 821 574 860 R.
614 817 731 870 Quid
753 818 785 861 si
809 818 961 861 eadem
982 818 1071 876 ipsa
1095 833 1239 860 rerum
1262 817 1437 861 scientia
1470 816 1673 859 miserum

292 886 450 931 faciat?
468 890 519 931 A.
537 886 666 932 Nullo
683 886 728 930 id
741 886 919 946 quidem
930 896 1058 945 pacto
1069 888 1160 930 fieri
1173 903 1295 946 posse
1307 886 1451 930 credo.
1472 886 1554 930 Sed
1569 886 1602 929 si
1614 886 1673 928 ita

287 966 366 1011 est,
395 971 525 1000 nemo
546 971 636 999 esse
657 956 809 1000 beatus
830 965 987 1015 potest,
1016 972 1104 999 non
1127 958 1240 999 enim
1256 971 1372 999 nunc
1388 955 1562 999 aliunde
1578 969 1672 998 sum

292 1027 434 1081 miser,
452 1027 534 1070 nisi
548 1041 690 1069 rerum
707 1027 965 1084 ignorantia.
984 1028 1114 1079 Quod
1131 1027 1165 1071 si
1183 1036 1225 1070 et
1244 1042 1388 1070 rerum
1400 1026 1574 1069 seientia
1590 1025 1672 1068 mi-

287 1111 431 1140 serum
455 1097 579 1150 facit,
611 1096 872 1154 sempiterna
897 1096 1065 1139 miseria
1086 1105 1163 1139 est.
1189 1099 1242 1139 R.
1269 1099 1364 1139 Jam
1382 1094 1508 1137 video
1532 1104 1672 1137 toturn

287 1166 407 1226 quod
421 1167 564 1225 cupis:
588 1182 687 1209 nam
709 1167 916 1224 quoniam
938 1166 1154 1208 neminem
1171 1168 1240 1208 sci.
1261 1166 1345 1208 :itia
1359 1165 1561 1208 miserum
1583 1180 1671 1207 esse

288 1237 445 1290 credis,
459 1252 511 1280 ex
525 1252 614 1295 quo
625 1236 851 1294 probabile
864 1245 984 1278 estut
997 1235 1280 1294 intelligentia
1296 1235 1455 1278 efficiat
1474 1235 1670 1278 beatum:

288 1309 440 1351 beatus
453 1317 596 1350 autem
616 1321 743 1349 nemo
766 1306 844 1349 nisi
860 1306 1021 1359 vivens,
1048 1315 1090 1348 et
1115 1320 1243 1348 nemo
1265 1305 1369 1347 vivit
1391 1306 1571 1364 quinon
1587 1313 1667 1347 est.

287 1380 389 1421 Esse
410 1378 489 1431 vis,
520 1377 661 1420 vivere
685 1385 727 1419 et
754 1375 1016 1433 intelligere3
1041 1375 1116 1419 sed
1133 1391 1222 1419 esse
1242 1386 1289 1418 ut
1307 1377 1438 1428 vivas,
1458 1375 1602 1418 vivere
1625 1384 1674 1418 ut

287 1447 515 1506 intelligas.
530 1451 646 1505 Ergo
665 1463 752 1490 esse
769 1457 809 1490 te
826 1447 921 1501 scis,
936 1448 1079 1490 vivere
1092 1456 1134 1489 te
1147 1447 1242 1498 scis,
1262 1445 1501 1503 intelligere
1518 1454 1559 1488 te
1575 1445 1669 1488 scis.

290 1518 375 1562 Sed
404 1527 552 1560 utrum
574 1517 652 1559 ista
671 1532 837 1574 semper
859 1516 1006 1560 futura
1031 1516 1130 1569 sint,
1157 1532 1210 1559 an
1235 1515 1341 1558 nihil
1364 1516 1520 1557 horum
1553 1513 1674 1557 futu-

287 1603 383 1630 rum
405 1588 475 1640 sit,
503 1602 557 1629 an
579 1595 751 1629 maneat
774 1584 937 1644 aliquid
959 1601 1144 1642 semper,
1172 1595 1215 1628 et
1237 1584 1402 1643 aliquid
1424 1585 1669 1638 intercidat,

288 1672 343 1700 an
365 1656 503 1699 minui
525 1665 568 1699 et
584 1656 728 1712 augeri
745 1656 838 1698 haec
857 1655 1036 1713 possint,
1061 1669 1161 1697 cum
1182 1654 1326 1697 omnia
1349 1669 1548 1696 mansura
1571 1654 1670 1708 siut,

288 1742 411 1771 nosse
426 1727 501 1768 vis.
530 1729 581 1768 A.
608 1728 672 1768 Ita
690 1735 765 1767 est.
791 1728 842 1767 R.
868 1725 908 1767 Si
923 1724 1054 1780 igitur
1071 1723 1398 1780 probaverimus
1411 1738 1578 1781 semper
1596 1739 1673 1767 nos

288 1812 376 1840 esse
390 1797 597 1847 victuros,
617 1803 822 1853 sequetur
836 1794 963 1836 etiam
978 1807 1146 1850 semper
1160 1792 1344 1836 futuros.
1367 1797 1418 1835 A.
1438 1795 1667 1852 Sequetur.

289 1870 343 1912 R,
365 1865 562 1909 Restabit
578 1879 773 1923 quaerere
793 1864 845 1906 de
862 1861 1163 1920 intelligendo.
