1871 3162
283 227 365 266 514
711 237 743 265 s.
780 238 1010 265 Auens-nm
1042 238 1221 266 muscum

277 305 359 347 bus
384 302 630 346 imbuendis
652 317 769 346 nunc
799 302 983 359 agimuS,
1009 301 1063 345 de
1085 316 1154 346 me
1175 302 1269 360 ipso
1289 303 1369 347 tibi
1389 303 1507 346 testis
1524 316 1619 346 sum
1633 337 1644 357 ,

275 373 398 416 aliter
419 381 550 431 atque
570 371 695 416 aliter
725 386 794 414 me
817 371 1006 425 moveri,
1030 386 1132 416 011111
1157 381 1257 415 ante
1277 387 1347 415 me
1376 372 1648 416 catechizan-

274 442 378 486 dum
401 442 526 487 video
544 442 763 485 eruditum
781 475 791 494 ,
812 441 990 484 inertem
1004 476 1014 495 ,
1032 442 1168 485 civem
1184 477 1195 497 ,
1220 442 1517 501 peregrinum,
1537 441 1647 485 divi-

276 521 365 556 tem
382 546 393 567 ,
419 526 652 570 pauperem
674 545 684 564 ,
710 510 943 569 privatum,
968 510 1228 555 honoratum
1242 546 1252 565 ,
1274 511 1318 554 in
1339 519 1551 569 potestate
1568 510 1647 554 ali-

274 598 361 642 qua
384 582 698 636 constitutum,
730 580 846 624 illius
873 590 948 624 aut
966 579 1080 625 illius
1109 582 1245 639 gentis
1263 582 1482 625 hominem
1498 616 1508 635 ,
1533 580 1648 624 illius

273 661 348 695 aut
369 651 484 695 illius
516 652 653 695 aetatis
688 659 762 694 aut
785 665 928 705 sexus,
954 666 1004 694 ex
1036 650 1110 694 illa
1133 659 1208 694 aut
1237 649 1310 694 illa
1343 659 1476 704 secta,
1501 665 1554 694 ex
1571 649 1647 694 illo

270 730 344 766 aut
365 721 439 765 1110
458 719 627 779 vulgari
646 735 789 764 errore
809 716 1055 764 venientem
1083 740 1092 766 :
1112 736 1160 764 ac
1182 735 1260 779 pro
1292 720 1538 765 diversitate
1552 735 1647 765 mo-

267 801 336 836 tus
357 792 442 835 mei
464 806 604 835 sermo
626 791 717 849 ipse
737 800 778 834 et
794 790 1014 849 procedit,
1040 801 1083 835 et
1104 791 1395 850 progreditur,
1419 800 1462 835 et
1477 792 1642 835 finitur.

266 864 323 906 Et
362 861 463 920 quia
501 870 601 904 cum
643 859 796 903 eadem
832 859 1036 904 omnibus
1071 859 1282 903 debeatur
1318 861 1522 915 charitas,
1557 872 1645 905 non

267 932 418 976 eadem
445 939 509 975 est
529 929 735 975 omnibus
755 928 1003 974 adhibenda
1020 928 1236 974 medicina
1261 948 1272 973 t
1297 931 1387 988 ipsa
1409 930 1512 974 item
1539 931 1646 974 cha-

268 1003 368 1046 ritas
389 1000 495 1047 alios
514 1001 722 1060 parturit,
748 1015 848 1044 cum
866 999 957 1043 aliis
978 999 1251 1056 infirmatur,
1275 998 1380 1043 alios
1397 1008 1520 1044 curat
1540 999 1647 1043 aedi-

268 1075 420 1127 ficare,
453 1072 558 1116 alios
572 1071 872 1116 vcontremiscit
892 1070 1116 1114 offendere
1134 1089 1144 1126 3
1169 1070 1223 1113 ad
1246 1069 1350 1113 alios
1372 1084 1415 1114 se
1437 1069 1618 1114 inclinat
1631 1093 1649 1125 ,-

270 1142 323 1187 ad
353 1142 457 1186 alios
473 1155 516 1186 se
533 1142 682 1200 erigit3
708 1141 798 1185 aliis
822 1139 1005 1194 blanda,
1031 1139 1122 1184 aliis
1138 1149 1299 1194 severa,
1322 1139 1432 1185 nulli
1453 1140 1642 1194 inimica,

269 1212 473 1257 omnibus
508 1220 660 1255 mater.
689 1214 745 1255 Et
769 1211 845 1271 qui
868 1225 957 1255 non
989 1218 1189 1269 expertus
1219 1218 1284 1253 est
1321 1208 1473 1254 eadem
1500 1210 1644 1254 charia-

269 1291 356 1326 tate
376 1281 498 1341 quod
520 1281 641 1336 dico,
670 1295 771 1325 cum
801 1280 921 1325 videt
952 1291 1057 1335 nos,
1083 1280 1185 1340 quia
1206 1279 1389 1324 facultas
1406 1280 1646 1340 «1110103110-

264 1352 330 1397 bis
362 1353 522 1397 donata
552 1351 739 1397 delectat
769 1351 1045 1396 laudabiliter
1066 1352 1335 1395 innotescere
1354 1351 1399 1394 in
1426 1363 1501 1395 ore
1527 1350 1645 1395 mul-

266 1422 486 1479 titudinis,
521 1423 622 1468 inde
656 1433 733 1467 nos
765 1423 914 1467 beatos
946 1431 1072 1482 putat
1096 1437 1105 1463 :
1126 1425 1240 1467 Deus
1260 1417 1427 1476 autem,
1451 1422 1499 1465 in
1524 1422 1647 1480 cujus

265 1502 547 1552 conspectum
568 1494 702 1538 intrat
723 1495 907 1551 gemitus
933 1492 1304 1550 compeditorum,
1327 1484 1473 1535 videat
1499 1491 1646 1534 humi-

264 1565 431 1608 litatem
449 1572 639 1607 nostram
661 1571 703 1606 et
735 1562 929 1606 laborem
961 1569 1156 1605 nostrum
1177 1596 1187 1615 ,
1220 1569 1263 1604 et
1290 1561 1479 1605 dimittat
1500 1561 1646 1605 omnia

265 1641 440 1693 peccata
462 1634 647 1675 nostra1.
664 1632 958 1684 Quamobrem
981 1632 1014 1674 si
1033 1630 1141 1689 quid
1157 1631 1238 1674 tibi
1256 1631 1302 1673 in
1323 1631 1449 1674 nobis
1461 1630 1640 1689 placuit,

262 1712 313 1748 ut
347 1702 536 1762 aliquam
568 1699 914 1746 observationem
953 1700 1158 1744 sermonis
1192 1700 1256 1744 tui
1288 1716 1311 1744 a
1332 1700 1458 1744 nobis
1494 1700 1644 1744 audire

262 1786 476 1833 quaereres
494 1806 505 1826 ,
531 1770 683 1814 melius
704 1769 895 1815 videndo
916 1778 960 1815 et
981 1770 1198 1814 audiendo
1216 1785 1293 1815 nos
1310 1785 1412 1815 cum
1433 1771 1526 1814 haec
1548 1771 1642 1829 agi-

262 1859 379 1898 mus,
404 1857 536 1903 quam
558 1840 744 1901 legendo
764 1856 867 1886 cum
887 1842 982 1887 haec
1004 1842 1217 1887 dictamus
1232 1876 1243 1897 ,
1270 1841 1492 1886 edisceres.

310 1948 317 1964 ¹
339 1939 418 1972 Psal.
434 1950 564 1980 Lxxvm,
584 1950 617 1971 11
630 1960 638 1976 ,
651 1943 683 1970 et
696 1948 786 1979 xxiv,
809 1938 857 1970 18.
