1871 3162
307 198 391 238 424
728 208 759 235 s.
797 209 1026 237 Auoos‘nm
1060 208 1241 234 Emscom

308 285 357 319 ut
388 274 500 319 nosti
529 273 767 333 sphaeram,
800 288 898 317 cum
933 289 977 317 se
1009 287 1097 316 non
1127 272 1186 315 sic
1210 270 1371 314 habeat
1390 269 1528 323 linea,
1569 277 1617 312 ut
1639 284 1682 312 sc

306 345 440 389 habet
461 345 642 403 sphaera.
682 344 977 397 Quamobrem
999 341 1212 401 responde
1241 350 1390 385 utrum
1414 339 1495 384 tibi
1513 339 1614 382 satis
1635 339 1687 381 sit

307 415 365 457 sic
388 417 525 458 Deum
546 429 695 467 nosse,
719 424 768 457 ut
801 413 934 471 pilam
958 412 1075 456 illam
1099 412 1404 470 geometricam
1433 409 1547 453 nosti
1570 428 1579 453 ε
1603 409 1687 452 1106

306 494 370 529 est
385 520 396 540 ‚
422 487 480 529 ita
503 484 557 528 de
580 488 669 528 Deo
691 483 799 527 nihil
819 493 869 527 ut
891 483 945 526 de
963 481 1037 526 illa
1057 482 1272 526 dubitare.

306 666 586 682 ΜΛΜΑἋΜΜΜ
594 667 658 681 m
664 665 869 681 vmkavvlffl
874 665 940 680 ἸΛΛΛ
946 657 1686 679 ΧΜῚΛΙᾺΛΊΛΜΜΜΜΜΜΜΜΜΜΝἋᾹΝἋἋ

864 795 1078 843 CAPUT
1118 796 1175 841 V.

509 949 825 995 Dissz'mz’lc'um
842 948 1013 993 eadem
1036 957 1120 992 aut
1138 964 1237 1006 par
1251 906 1470 1015 alb'qfflztia.

360 1111 437 1152 XI.
477 1113 526 1152 Α.
563 1111 714 1161 Quffiso
745 1117 787 1150 te
809 1106 1006 1166 quamvis
1045 1105 1326 1149 vehementer
1368 1118 1520 1160 urgeas
1557 1111 1688 1162 atque

302 1180 557 1232 convincas,
583 1194 672 1221 non
695 1177 835 1221 audeo
857 1186 1005 1219 tamen
1033 1176 1175 1218 dicere
1202 1175 1261 1217 ita
1298 1188 1368 1216 me
1401 1172 1513 1216 velle
1548 1176 1687 1216 Deum

300 1249 407 1292 scire
439 1258 487 1290 ut
519 1249 613 1290 hzec
643 1248 744 1290 scio.
776 1248 873 1290 Non
909 1245 1050 1288 solum
1073 1244 1188 1287 enim
1212 1259 1277 1286 res
1295 1278 1306 1297 ‚
1344 1243 1418 1286 sed
1438 1243 1529 1301 ipsa
1558 1242 1685 1285 etiam

300 1319 477 1362 scientia
500 1319 607 1361 mihi
626 1318 797 1362 videtur
813 1331 902 1359 esse
924 1315 1154 1359 dissimilis.
1182 1315 1327 1358 Primo
1349 1315 1451 1374 quia
1470 1328 1550 1356 nec
1571 1312 1684 1355 linea

299 1399 340 1431 et
358 1389 442 1447 pila
463 1398 635 1432 tantum
655 1389 768 1431 inter
789 1402 833 1430 se
855 1385 1088 1439 differunt,
1116 1394 1164 1428 ut
1191 1395 1337 1428 tamen
1361 1399 1510 1428 eorum
1531 1383 1683 1441 cogni-

298 1459 459 1502 tionem
496 1474 582 1502 una
605 1457 830 1516 disciplina
851 1472 942 1500 non
963 1456 1183 1499 contineat
1205 1474 1212 1497 :
1239 1453 1387 1497 nullus
1416 1463 1560 1496 autem
1580 1468 1684 1510 geo-

296 1536 452 1569 met-ses
473 1531 607 1568 Deum
631 1540 674 1567 se
697 1527 853 1568 docere
876 1524 1092 1582 professus
1115 1534 1193 1566 est.
1218 1522 1382 1566 Deinde
1405 1523 1436 1566 si
1460 1523 1536 1565 Dei
1563 1531 1607 1565 et
1625 1523 1684 1565 is-

297 1605 436 1638 tarum
463 1609 607 1636 rerum
630 1595 806 1637 scientia
843 1609 919 1652 par
949 1601 1081 1646 esset,
1109 1601 1280 1635 tantum
1307 1591 1538 1650 gauderem
1565 1591 1684 1651 quod

296 1666 375 1708 ista
399 1665 522 1717 novi,
545 1673 758 1723 quantum
785 1679 852 1706 me
881 1667 969 1706 Deo
991 1662 1166 1720 cognito
1193 1663 1439 1719 gavisurum
1460 1677 1549 1705 esse
1571 1678 1684 1720 prae-

297 1750 435 1777 sumo.
471 1736 597 1777 Nunc
633 1742 779 1775 autem
800 1748 878 1791 per
910 1730 1100 1774 multum
1132 1733 1226 1775 haec
1246 1732 1291 1773 in
1312 1731 1426 1775 illius
1458 1747 1684 1790 compara—

300 1805 416 1848 tione
438 1813 673 1847 contcmno
688 1837 698 1855 ‚
716 1812 766 1844 ut
787 1816 1107 1860 nonnunquam
1125 1800 1322 1844 videatur
1345 1802 1477 1855 mihi,
1503 1802 1536 1845 si
1557 1800 1683 1846 illum

295 1874 550 1917 intellexero
566 1909 576 1927 ,
602 1882 644 1916 et
674 1872 807 1916 modo
832 1871 909 1916 illo
931 1887 1019 1931 quo
1055 1871 1193 1915 videri
1211 1880 1352 1930 potest
1376 1871 1525 1915 videro
1541 1906 1551 1925 ‚
1590 1873 1683 1916 haec

295 1944 439 1987 onmia
462 1943 516 1986 de
538 1958 632 1986 mea
655 1943 809 1986 notitia
830 1957 919 1986 esse
939 1942 1148 2000 peritura.
1191 1942 1413 2000 Siquidem
1447 1957 1565 1986 nunc
1594 1958 1682 2000 prae

294 2013 409 2057 illius
425 2028 569 2057 amore
584 2015 673 2072 jam
697 2012 766 2055 vix
785 2012 890 2054 mihi
906 2012 1090 2055 veniunt
1107 2012 1152 2054 in
1169 2021 1375 2054 mentem.
1390 2015 1442 2054 R.
1459 2014 1562 2055 Esto
1585 2011 1682 2069 plus

296 2094 339 2128 te
361 2100 409 2127 ac
432 2084 572 2127 multo
592 2083 689 2141 plus
708 2098 840 2142 quam
870 2081 923 2125 de
947 2083 1037 2125 istis
1063 2085 1151 2125 Deo
1186 2083 1361 2140 cognito
1401 2081 1648 2139 gavisurum
1666 2117 1677 2136 ‚

296 2170 439 2198 rerum
459 2163 601 2197 tamen
619 2169 708 2195 non
722 2152 966 2195 intellectus
982 2150 1332 2194 dissimilitudine
1353 2152 1458 2195 :nisi
1472 2150 1582 2196 forte
1598 2152 1682 2196 alio

296 2226 391 2269 visu
424 2235 603 2276 terram,
630 2223 711 2266 alio
734 2237 935 2265 serenum
958 2220 1120 2265 coelum
1155 2222 1363 2275 intueris,
1396 2237 1497 2265 cum
1537 2232 1681 2266 tamen

297 2295 437 2337 multo
475 2294 570 2352 plus
603 2292 718 2335 illius
756 2307 884 2350 quarn
920 2292 1048 2349 hujus
1082 2301 1278 2350 aspectus
1312 2301 1354 2334 te
1394 2292 1676 2349 permulceat.

299 2364 425 2407 Oculi
458 2372 599 2406 autem
634 2362 666 2404 si
701 2377 790 2405 non
820 2359 1032 2403 falluntur
1052 2395 1062 2414 ‚
1096 2356 1226 2404 credo
1265 2370 1305 2403 te
1336 2361 1677 2419 interrogatum,

300 2443 445 2475 utrum
474 2433 552 2475 tibi
577 2441 663 2474 tam
681 2440 846 2474 certum
865 2432 916 2473 sit
937 2440 1094 2473 terram
1113 2439 1154 2473 te
1172 2431 1317 2473 videre
1340 2445 1469 2489 qnam
1495 2430 1672 2485 coelum,

302 2512 387 2546 lam
429 2502 503 2544 tibi
546 2511 712 2545 certum
747 2516 835 2544 csse
864 2500 1124 2558 respondere
1152 2499 1333 2552 debere,
1362 2500 1557 2558 quamvis
1590 2514 1678 2543 nou
