1871 3162
288 213 373 253 484
712 227 746 256 s.
783 230 1013 257 AUGUSTINI
1046 231 1223 257 EPISCOPI

288 308 407 351 pore.
449 292 585 337 Aliter
608 295 722 338 enim
750 295 883 339 latine
916 297 977 340 ira
999 295 1184 352 dieitur,
1209 296 1331 341 aliter
1361 312 1518 354 graece,
1546 298 1667 342 aliter

288 373 418 423 atque
436 362 559 407 aliter
577 364 755 409 aliarum
773 365 1017 411 diversitate
1031 366 1278 425 linguarum
1297 387 1306 410 1
1323 383 1412 411 non
1430 378 1574 412 autem
1590 371 1666 413 La-

286 435 404 478 tinus
427 443 500 479 aut
522 437 697 480 Graecus
720 445 781 479 est
806 436 953 480 vultus
975 437 1086 481 irati.
1108 440 1204 483 Non
1222 438 1367 497 itaque
1389 453 1537 482 omnes
1559 454 1667 497 gen-

286 514 347 548 tes
368 504 638 563 intelligunt,
664 521 763 550 cum
787 507 972 566 quisque
994 506 1098 551 dicit
1118 527 1128 552 2
1156 511 1295 551 Iratus
1315 524 1407 551 sum
1427 544 1437 562 ,
1476 507 1551 552 sed
1582 512 1666 553 La-

284 575 366 618 tini
386 584 557 619 tantum
579 596 587 620 :
622 586 664 620 at
687 577 719 619 si
744 577 925 620 affectus
954 576 1305 621 excandescentis
1328 578 1461 621 animi
1480 588 1602 635 exeat
1623 579 1668 623 in

284 645 454 700 faeiem,
479 646 744 706 vultumque
762 646 933 701 faciat¹‚
961 662 1110 691 omnes
1132 648 1327 691 sentiunt
1344 649 1420 708 qui
1441 648 1668 693 intuentur

280 715 455 758 iratum.
490 714 573 760 Sed
592 732 740 777 *neque
761 718 821 761 ita
847 717 948 762 licet
969 717 1155 762 educere
1177 728 1220 762 et
1248 720 1370 778 quasi
1394 720 1666 778 exporrigere

278 785 324 828 in
346 800 521 829 sensum
543 786 815 830 audientium
834 803 910 846 per
933 804 1088 833 sonum
1109 789 1225 833 vocis
1241 789 1314 833 illa
1336 790 1513 848 vestigia
1531 825 1542 844 ,
1567 806 1666 850 quae

278 856 488 914 imprimit
516 856 763 901 intellectus
783 859 1004 903 memoriae
1021 894 1031 913 ,
1053 859 1164 903 sicut
1186 869 1358 918 apertus
1388 869 1431 903 et
1460 860 1666 904 manifes-

279 935 347 970 tus
370 937 433 971 est
454 927 601 972 vultus
626 948 634 972 :
658 928 729 972 illa
753 929 867 972 enim
887 938 989 973 sunt
1006 929 1124 973 intus
1145 930 1189 973 in
1212 930 1379 984 animo,
1404 930 1482 973 iste
1500 929 1603 975 foris
1621 932 1666 974 in

277 1013 474 1057 corpore.
511 1001 785 1058 Quapropter
825 1000 1145 1059 conjiciendum
1179 1009 1271 1053 est,
1299 1010 1513 1060 quantum
1537 1000 1666 1046 distet

276 1083 407 1113 sonus
424 1070 508 1113 oris
531 1069 665 1114 nostri
689 1070 744 1113 ab
766 1069 842 1114 illo
865 1071 955 1114 ictu
971 1070 1287 1129 intelligentiae,
1303 1071 1484 1130 quando
1507 1087 1562 1115 ne
1584 1073 1665 1131 ipsi

276 1139 454 1198 quidem
477 1140 746 1199 impressioni
766 1141 987 1185 memoriae
1010 1141 1158 1184 similis
1180 1149 1256 1184 est.
1289 1143 1375 1185 Nos
1398 1150 1543 1184 autem
1567 1142 1661 1200 ple-

276 1225 463 1270 rumque
486 1210 531 1253 in
553 1210 762 1255 auditoris
789 1210 1020 1255 utilitatem
1045 1212 1324 1255 vehementer
1354 1210 1553 1255 ardentes
1569 1247 1579 1265 ,
1604 1213 1663 1256 ita

276 1278 398 1338 loqui
419 1279 647 1335 volumus,
685 1280 1058 1339 quemadmodum
1093 1289 1197 1323 tune
1229 1279 1510 1339 intelligimus
1531 1315 1541 1335 ,
1564 1295 1663 1324 cum

274 1363 352 1407 per
369 1350 504 1408 ipsam
535 1350 825 1395 intentionem
846 1350 968 1410 loqui
991 1366 1081 1394 non
1105 1365 1330 1409 possumus
1353 1370 1361 1394 :
1387 1360 1430 1394 et
1451 1351 1551 1410 quia
1574 1366 1663 1395 non

275 1419 469 1464 succedit
498 1421 720 1479 angimur,
749 1431 792 1465 et
820 1421 941 1465 velut
973 1420 1128 1465 frustra
1161 1436 1335 1479 operam
1360 1421 1656 1476 insumamus,

275 1489 408 1535 taedio
443 1492 778 1536 marcescimus:
805 1502 936 1552 atque
975 1507 1027 1535 ex
1064 1492 1156 1550 ipso
1185 1491 1317 1534 taedio
1347 1491 1592 1549 languidior
1613 1492 1662 1536 fit

274 1561 393 1605 idem
424 1577 589 1617 sermo,
621 1572 664 1606 et
695 1563 892 1607 hebetior
924 1577 1055 1622 quam
1088 1571 1207 1616 erat,
1243 1562 1360 1606 unde
1383 1560 1586 1621 perduxit
1606 1564 1661 1607 ad

275 1630 473 1674 taedium.
580 1688 582 1690 v

334 1702 410 1744 IV.
435 1700 518 1745 Sed
539 1691 646 1744 mihi
663 1716 776 1760 saepe
797 1700 963 1745 indicat
976 1716 1127 1745 eorum
1150 1699 1343 1745 studium
1357 1735 1368 1755 ,
1389 1702 1467 1761 qui
1489 1716 1558 1745 me
1580 1717 1660 1746 au-

275 1769 368 1812 dire
385 1770 570 1828 cupiunt
586 1805 596 1824 ‚
623 1785 712 1814 non
734 1771 793 1814 ita
819 1785 908 1814 esse
930 1770 1135 1828 frigidum
1159 1770 1384 1830 eloquium
1413 1785 1558 1815 meum
1576 1807 1587 1826 ,
1611 1782 1661 1816 ut
1720 1823 1733 1835 .

275 1838 449 1882 videtur
468 1839 575 1883 mihi
596 1859 605 1884 :
630 1850 673 1883 et
695 1855 766 1883 eos
789 1839 890 1884 inde
911 1840 1076 1899 aliquid
1101 1839 1207 1884 utile
1235 1856 1410 1899 capere,
1440 1856 1492 1885 ex
1509 1857 1660 1886 eorum

276 1906 565 1952 delectatione
596 1924 842 1967 cognosco:
878 1924 1140 1969 mecumque
1168 1924 1248 1967 ago
1280 1909 1459 1964 sedulo,
1489 1921 1539 1954 ut
1556 1912 1660 1955 huic

275 1978 525 2024 exhibendo
544 1980 781 2024 ministerio
810 1995 899 2024 non
921 1980 1056 2024 desim
1071 2016 1082 2035 ,
1110 1981 1156 2024 in
1178 1996 1266 2040 quo
1283 1979 1380 2024 illos
1403 1979 1531 2026 video
1550 1982 1661 2025 bene

276 2050 471 2109 accipere
496 2050 616 2110 quod
647 2051 894 2095 exhibetur.
930 2051 997 2096 Sic
1028 2060 1072 2095 et
1102 2060 1151 2095 tu
1171 2086 1182 2104 ,
1207 2066 1257 2094 eo
1280 2051 1373 2109 ipso
1400 2053 1520 2110 quod
1541 2053 1595 2095 ad
1618 2062 1660 2096 te

276 2119 432 2178 saepius
452 2119 731 2164 adducuntur
753 2121 829 2180 qui
851 2121 936 2164 fide
968 2120 1197 2164 imbuendi
1221 2131 1342 2174 sunt,
1373 2121 1505 2164 debes
1526 2121 1658 2165 intel-

276 2189 407 2246 ligere
430 2191 594 2234 nonita
617 2189 842 2249 displicere
864 2191 955 2234 aliis
978 2205 1220 2235 sermonem
1248 2200 1369 2234 tuum
1389 2200 1438 2234 ut
1460 2189 1658 2249 displicet

277 2259 354 2302 tibi
387 2275 499 2305 :nec
537 2260 858 2305 infructuosum
892 2271 934 2304 te
966 2260 1098 2304 debes
1137 2270 1311 2318 putare,
1346 2260 1462 2320 quod
1489 2275 1536 2304 ea
1558 2276 1659 2319 quae

276 2330 413 2373 cernis
435 2346 525 2374 non
547 2330 733 2388 explicas
755 2331 812 2373 ita
852 2340 900 2373 ut
923 2331 1071 2388 cupis,
1111 2330 1288 2389 quando
1331 2329 1439 2373 forte
1462 2339 1511 2373 ut
1535 2332 1656 2389 cupis

275 2415 353 2442 nec
376 2416 551 2444 cernere
573 2401 727 2444 valeas.
740 2401 844 2453 Quis
862 2402 977 2444 enim
996 2401 1040 2443 in
1060 2402 1139 2445 hac
1161 2401 1248 2444 vita
1266 2401 1346 2443 nisi
1364 2400 1410 2443 in
1427 2401 1655 2458 aenigmate

274 2478 315 2513 et
336 2484 410 2528 per
433 2470 657 2528 speculum
677 2472 794 2515 videt
804 2474 819 2496 '²
834 2473 850 2512 ’ἲ
864 2474 950 2515 Nec
972 2471 1062 2529 ipse
1082 2486 1201 2514 amor
1224 2479 1367 2513 tantus
1392 2480 1468 2521 est,
1495 2479 1543 2513 ut
1565 2486 1655 2513 car-

323 2562 328 2576 1
350 2554 452 2585 Forte
471 2555 601 2587 afficiat,
626 2573 665 2579 —-
688 2563 700 2578 ²
722 2568 730 2587 ι
752 2558 821 2586 Cor.
844 2566 906 2592 υιι,
933 2565 980 2586 ι’).
