1871 3162
139 361 184 395 N»

160 504 189 549 NJ

243 220 324 258 318
662 231 694 260 s.
733 232 960 261 Aue-usum
994 235 1171 261 EP1sc01>1

314 300 518 343 XXXVI.
553 303 603 343 In
636 309 700 355 te,
735 301 875 344 anime
905 316 1047 354 meus,
1087 310 1282 359 tempora
1315 300 1489 357 metior,
1528 301 1617 344 noli

238 369 344 412 mihi
366 369 612 429 obstrepere
639 389 648 414 ε
674 371 803 423 Quod
840 373 930 415 est?
965 370 1063 415 Noli
1095 370 1174 414 tibi
1201 371 1449 428 obstrepere
1482 370 1619 414 turbis

238 439 518 484 affectionum
549 449 740 484 tuarum.
776 443 828 483 In
861 449 926 494 te,
971 441 1173 499 inquam,
1209 449 1405 499 tempora
1435 440 1615 494 metior,

237 509 512 555 affectionem
553 525 685 570 quam
727 524 793 554 res
824 519 1134 570 praetereuntes
1165 511 1212 554 in
1254 519 1297 554 te
1338 508 1532 566 faciunt,
1575 518 1619 554 et

235 595 337 624 cum
357 579 443 624 illae
466 580 753 639 praeterierint
781 590 948 636 manet,
973 581 1109 639 ipsam
1143 580 1299 624 metior
1328 589 1613 639 praesentem,

234 665 325 694 non
358 665 426 694 eas
449 667 548 710 quae
570 652 872 710 praeterierunt
888 661 938 695 ut
959 652 1082 695 fieret
1108 670 1117 696 :
1142 651 1278 710 ipsam
1305 652 1462 696 metior
1479 686 1490 706 ,
1515 666 1616 695 cum

233 729 429 779 tempora
455 722 625 766 metior.
657 725 774 781 Ergo
806 730 882 766 aut
912 722 1002 781 ipsa
1032 730 1134 765 sunt
1165 730 1388 780 tempora,
1420 730 1495 765 aut
1527 736 1617 765 non

233 799 429 850 tempora
461 791 631 835 metior.
662 791 779 844 Quid
801 807 901 836 cum
923 792 1128 835 metimur
1154 791 1343 847 silentia,
1369 801 1411 835 et
1431 789 1612 835 dicimus

232 859 342 905 illud
379 861 597 906 silentium
626 871 801 906 tantum*
827 863 1016 907 tenuisse
1036 863 1264 921 temporis,
1290 872 1510 922 ,quantum
1541 861 1615 905 illa

230 947 313 977 vox
354 933 524 976 tenuit?
553 936 707 978 Nonne
744 934 1051 991 cogitationem
1084 934 1305 977 tendimus
1342 933 1397 977 ad
1433 948 1612 977 mensu-

178 1039 180 1041 ,
230 1018 322 1046 ram
346 1003 483 1058 vocis,
509 1000 645 1064 quasi'
663 1012 858 1058 sonaret,
884 1011 933 1046 ut
955 1001 1121 1062 aliquid
1148 1003 1203 1046 de
1226 1002 1463 1046 intervallis
1487 1002 1616 1046 silen-

230 1073 390 1116 tiorum
411 1073 456 1116 in
479 1073 617 1131 spatio
652 1073 856 1132 temporis
883 1072 1133 1116 renuntiare
1154 1072 1398 1131 possimus?
1429 1074 1539 1116 Nam
1573 1080 1617 1115 et

229 1157 334 1186 voce
359 1151 490 1202 atque
519 1158 593 1187 ore
633 1152 848 1197 cessante,
880 1137 1131 1201 'peragimus
1160 1140 1393 1200 cogitando
1422 1140 1615 1193 carmina

228 1222 271 1256 et
287 1229 433 1257 versus
447 1248 458 1268 ‚
484 1222 526 1256 et
544 1227 768 1272 quemque
790 1228 1033 1257 sermonem
1047 1248 1058 1268 ‚
1083 1212 1418 1271 motionumque
1442 1211 1614 1255 dimen-

227 1283 367 1328 siones
390 1282 607 1344 quaslibet
623 1319 633 1338 ,
659 1293 702 1327 et
724 1284 778 1327 de
800 1284 946 1342 spatiis
973 1292 1244 1342 temporum,
1264 1291 1481 1342 quantum
1503 1280 1615 1325 illud

227 1353 282 1398 ad
303 1354 413 1398 illud
436 1354 489 1398 sit
519 1355 819 1398 renuntiamus
836 1389 846 1409 ,
872 1369 962 1398 non
984 1353 1107 1398 aliter
1129 1369 1178 1397 ac
1199 1354 1233 1397 si
1255 1368 1305 1397 ea
1326 1351 1522 1397 sonando
1545 1351 1613 1394 di-

225 1439 434 1468 ceremus.
464 1425 506 1469 Si
522 1423 709 1468 voluerit
725 1424 878 1484 aliquis
901 1423 1028 1467 edere
1044 1423 1362 1481 longiusculam
1378 1437 1548 1476 vocem,
1569 1431 1612 1465 et

225 1496 498 1538 constituerit
520 1494 864 1553 praemeditando
900 1509 1033 1552 quam
1055 1493 1187 1551 longa
1222 1493 1371 1537 futura
1404 1493 1485 1548 sit3
1525 1491 1612 1548 egit

223 1566 377 1624 utique
404 1565 484 1608 iste
520 1565 707 1623 spatium
746 1563 951 1623 temporis
983 1563 1030 1606 in
1067 1562 1259 1617 silentio,
1297 1562 1608 1622 memoriaeque

224 1634 534 1681 commendans
556 1635 692 1694 coepit
710 1634 837 1678 edere
852 1634 970 1677 illam
990 1648 1141 1678 vocem
1169 1649 1267 1693 quae
1294 1643 1445 1688 sonat,
1470 1634 1610 1677 donec

223 1706 277 1751 ad
299 1706 571 1765 propositum
594 1706 830 1750 terminum
852 1704 1118 1764 perducatur
1137 1724 1148 1761 3
1172 1704 1260 1749 imo
1295 1705 1440 1748 sonuit
1463 1713 1506 1748 et
1537 1719 1608 1748 so-

222 1776 360 1820 nabit.
385 1779 491 1821 Nam
516 1776 637 1836 quod
659 1777 750 1836 ejus
768 1777 858 1836 jam
888 1784 1113 1835 peractum
1135 1784 1199 1818 est
1219 1810 1229 1830 ,
1254 1776 1407 1835 utique
1429 1775 1574 1819 sonuit
1595 1795 1606 1831 3

222 1848 342 1908 quod
357 1857 501 1892 autem
517 1856 664 1902 restat,
685 1847 857 1892 sonabit
872 1867 883 1904 3
901 1855 1031 1907 atque
1042 1847 1102 1890 ita
1117 1847 1353 1905 peragitur,
1371 1845 1477 1890 dum
1496 1861 1609 1905 prae-

221 1933 317 1962 sens
331 1918 516 1962 intentio
538 1917 737 1962 futurum
759 1918 804 1962 in
824 1918 1093 1976 praeteritum
1113 1916 1292 1976 trajicit,
1317 1915 1605 1961 diminutione

219 1987 358 2041 futuri,
379 1997 598 2033 crescente
619 1988 862 2047 praeterito,
885 1987 1025 2033 donec
1040 1987 1374 2046 consumptione
1393 1985 1531 2031 futuri
1552 1986 1606 2030 sit

220 2068 364 2105 totum
384 2059 670 2120 praeteritum.
