<?xml version="1.0" encoding="UTF-8"?>
<!DOCTYPE html PUBLIC "-//W3C//DTD XHTML 1.0 Transitional//EN"
    "http://www.w3.org/TR/xhtml1/DTD/xhtml1-transitional.dtd">
<html xmlns="http://www.w3.org/1999/xhtml" xml:lang="en" lang="en">
 <head>
  <title>
</title>
<meta http-equiv="Content-Type" content="text/html;charset=utf-8" />
  <meta name='ocr-system' content='tesseract 3.04.00' />
  <meta name='ocr-capabilities' content='ocr_page ocr_carea ocr_par ocr_line ocrx_word'/>
</head>
<body>
  <div class='ocr_page' id='page_1' title='image "./operaomniaaccura25auguuoft_0047.png"; bbox 0 0 1871 3162; ppageno 0'>
   <div class='ocr_carea' id='block_1_1' title="bbox 567 276 1527 321">
    <p class='ocr_par' dir='ltr' id='par_1_1' title="bbox 567 276 1527 321">
     <span class='ocr_line' id='line_1_1' title="bbox 567 276 1527 321; baseline 0.006 -13"><span class='ocrx_word' id='word_1_1' title='bbox 567 283 916 321; x_wconf 71' lang='lat' dir='ltr'><strong>CONFESSIONUM9</strong></span> <span class='ocrx_word' id='word_1_2' title='bbox 952 285 1034 311; x_wconf 78' lang='lat' dir='ltr'>Lm.</span> <span class='ocrx_word' id='word_1_3' title='bbox 1069 286 1117 311; x_wconf 87' lang='lat'>11.</span> <span class='ocrx_word' id='word_1_4' title='bbox 1475 276 1527 314; x_wconf 88' lang='lat'>37</span> 
     </span>
    </p>
   </div>
   <div class='ocr_carea' id='block_1_2' title="bbox 7 347 1560 1318">
    <p class='ocr_par' dir='ltr' id='par_1_2' title="bbox 7 347 1537 1247">
     <span class='ocr_line' id='line_1_2' title="bbox 154 347 1533 407; baseline 0.003 -16"><span class='ocrx_word' id='word_1_5' title='bbox 154 348 321 407; x_wconf 83' lang='lat' dir='ltr'>abjecta</span> <span class='ocrx_word' id='word_1_6' title='bbox 340 356 382 390; x_wconf 88' lang='lat' dir='ltr'>et</span> <span class='ocrx_word' id='word_1_7' title='bbox 397 347 601 406; x_wconf 84' lang='lat' dir='ltr'>jacentia.</span> <span class='ocrx_word' id='word_1_8' title='bbox 623 347 915 392; x_wconf 89' lang='lat' dir='ltr'>Homicidium</span> <span class='ocrx_word' id='word_1_9' title='bbox 936 349 1055 393; x_wconf 85' lang='lat' dir='ltr'>fecit.</span> <span class='ocrx_word' id='word_1_10' title='bbox 1078 350 1168 394; x_wconf 86' lang='lat' dir='ltr'>Cur</span> <span class='ocrx_word' id='word_1_11' title='bbox 1189 348 1323 393; x_wconf 78' lang='lat' dir='ltr'>feeit?</span> <span class='ocrx_word' id='word_1_12' title='bbox 1344 350 1533 395; x_wconf 84' lang='lat' dir='ltr'>Adama-</span> 
     </span>
     <span class='ocr_line' id='line_1_3' title="bbox 153 418 1534 479; baseline 0.001 -17"><span class='ocrx_word' id='word_1_13' title='bbox 153 419 215 462; x_wconf 83' lang='lat' dir='ltr'>vit</span> <span class='ocrx_word' id='word_1_14' title='bbox 247 418 338 476; x_wconf 86' lang='lat' dir='ltr'>ejus</span> <span class='ocrx_word' id='word_1_15' title='bbox 370 418 599 476; x_wconf 87' lang='lat' dir='ltr'>conjugem</span> <span class='ocrx_word' id='word_1_16' title='bbox 631 427 706 462; x_wconf 85' lang='lat' dir='ltr'>aut</span> <span class='ocrx_word' id='word_1_17' title='bbox 733 419 971 477; x_wconf 73' lang='lat' dir='ltr'><strong>praedium,</strong></span> <span class='ocrx_word' id='word_1_18' title='bbox 1015 428 1089 463; x_wconf 90' lang='lat' dir='ltr'>aut</span> <span class='ocrx_word' id='word_1_19' title='bbox 1121 419 1261 463; x_wconf 89' lang='lat' dir='ltr'>voluit</span> <span class='ocrx_word' id='word_1_20' title='bbox 1295 420 1534 479; x_wconf 82' lang='lat' dir='ltr'>depraedari</span> 
     </span>
     <span class='ocr_line' id='line_1_4' title="bbox 153 487 1537 550; baseline 0.003 -20"><span class='ocrx_word' id='word_1_21' title='bbox 153 487 273 531; x_wconf 83' lang='lat' dir='ltr'>unde</span> <span class='ocrx_word' id='word_1_22' title='bbox 293 489 479 542; x_wconf 80' lang='lat' dir='ltr'>viveret,</span> <span class='ocrx_word' id='word_1_23' title='bbox 506 497 582 531; x_wconf 82' lang='lat' dir='ltr'>aut</span> <span class='ocrx_word' id='word_1_24' title='bbox 602 488 748 533; x_wconf 84' lang='lat' dir='ltr'>timuit</span> <span class='ocrx_word' id='word_1_25' title='bbox 770 489 823 533; x_wconf 86' lang='lat' dir='ltr'>ab</span> <span class='ocrx_word' id='word_1_26' title='bbox 844 490 919 533; x_wconf 86' lang='lat' dir='ltr'>illo</span> <span class='ocrx_word' id='word_1_27' title='bbox 939 490 1024 533; x_wconf 83' lang='lat' dir='ltr'>tale</span> <span class='ocrx_word' id='word_1_28' title='bbox 1043 489 1210 550; x_wconf 87' lang='lat' dir='ltr'>aliquid</span> <span class='ocrx_word' id='word_1_29' title='bbox 1232 490 1446 546; x_wconf 78' lang='lat' dir='ltr'>amittere,</span> <span class='ocrx_word' id='word_1_30' title='bbox 1461 501 1537 535; x_wconf 88' lang='lat' dir='ltr'>aut</span> 
     </span>
     <span class='ocr_line' id='line_1_5' title="bbox 151 557 1537 605; baseline 0.002 -4"><span class='ocrx_word' id='word_1_31' title='bbox 151 557 276 601; x_wconf 81' lang='lat' dir='ltr'>laesus</span> <span class='ocrx_word' id='word_1_32' title='bbox 297 557 444 602; x_wconf 84' lang='lat' dir='ltr'>ulcisci</span> <span class='ocrx_word' id='word_1_33' title='bbox 466 572 511 601; x_wconf 89' lang='lat' dir='ltr'>se</span> <span class='ocrx_word' id='word_1_34' title='bbox 532 559 700 603; x_wconf 82' lang='lat' dir='ltr'><strong>exarsit.</strong></span> <span class='ocrx_word' id='word_1_35' title='bbox 731 561 846 604; x_wconf 91' lang='lat' dir='ltr'>Num</span> <span class='ocrx_word' id='word_1_36' title='bbox 881 559 1167 604; x_wconf 87' lang='lat' dir='ltr'>homicidium</span> <span class='ocrx_word' id='word_1_37' title='bbox 1200 560 1291 604; x_wconf 90' lang='lat' dir='ltr'>sine</span> <span class='ocrx_word' id='word_1_38' title='bbox 1321 575 1450 605; x_wconf 82' lang='lat' dir='ltr'>causa</span> <span class='ocrx_word' id='word_1_39' title='bbox 1472 560 1537 605; x_wconf 86' lang='lat' dir='ltr'>fa-</span> 
     </span>
     <span class='ocr_line' id='line_1_6' title="bbox 149 627 1536 686; baseline 0.002 -15"><span class='ocrx_word' id='word_1_40' title='bbox 149 637 290 682; x_wconf 87' lang='lat' dir='ltr'>ceret,</span> <span class='ocrx_word' id='word_1_41' title='bbox 315 628 408 686; x_wconf 86' lang='lat' dir='ltr'>ipso</span> <span class='ocrx_word' id='word_1_42' title='bbox 437 628 674 672; x_wconf 88' lang='lat' dir='ltr'>homicidio</span> <span class='ocrx_word' id='word_1_43' title='bbox 696 627 971 674; x_wconf 83' lang='lat' dir='ltr'>delectatus?</span> <span class='ocrx_word' id='word_1_44' title='bbox 1000 630 1102 683; x_wconf 86' lang='lat' dir='ltr'>Quis</span> <span class='ocrx_word' id='word_1_45' title='bbox 1124 628 1394 674; x_wconf 84' lang='lat' dir='ltr'>crediderit?</span> <span class='ocrx_word' id='word_1_46' title='bbox 1426 633 1536 676; x_wconf 88' lang='lat' dir='ltr'>Nam</span> 
     </span>
     <span class='ocr_line' id='line_1_7' title="bbox 148 697 1533 757; baseline 0.001 -15"><span class='ocrx_word' id='word_1_47' title='bbox 148 707 192 742; x_wconf 90' lang='lat' dir='ltr'>et</span> <span class='ocrx_word' id='word_1_48' title='bbox 211 698 265 741; x_wconf 90' lang='lat' dir='ltr'>de</span> <span class='ocrx_word' id='word_1_49' title='bbox 286 713 376 757; x_wconf 84' lang='lat' dir='ltr'>quo</span> <span class='ocrx_word' id='word_1_50' title='bbox 400 697 567 741; x_wconf 88' lang='lat' dir='ltr'>dictum</span> <span class='ocrx_word' id='word_1_51' title='bbox 593 707 655 742; x_wconf 90' lang='lat' dir='ltr'>est</span> <span class='ocrx_word' id='word_1_52' title='bbox 687 698 863 743; x_wconf 89' lang='lat' dir='ltr'>vecordi</span> <span class='ocrx_word' id='word_1_53' title='bbox 892 708 935 743; x_wconf 85' lang='lat' dir='ltr'>et</span> <span class='ocrx_word' id='word_1_54' title='bbox 965 699 1093 743; x_wconf 89' lang='lat' dir='ltr'>nimis</span> <span class='ocrx_word' id='word_1_55' title='bbox 1124 699 1292 743; x_wconf 84' lang='lat' dir='ltr'>crudeli</span> <span class='ocrx_word' id='word_1_56' title='bbox 1323 700 1504 744; x_wconf 88' lang='lat' dir='ltr'>homine</span> <span class='ocrx_word' id='word_1_57' title='bbox 1522 735 1533 755; x_wconf 90' lang='lat'><strong>‚</strong></span> 
     </span>
     <span class='ocr_line' id='line_1_8' title="bbox 148 767 1536 829; baseline 0.003 -19"><span class='ocrx_word' id='word_1_58' title='bbox 148 767 267 826; x_wconf 86' lang='lat' dir='ltr'>quod</span> <span class='ocrx_word' id='word_1_59' title='bbox 287 768 475 826; x_wconf 82' lang='lat' dir='ltr'>gratuito</span> <span class='ocrx_word' id='word_1_60' title='bbox 492 767 636 826; x_wconf 82' lang='lat' dir='ltr'>potius</span> <span class='ocrx_word' id='word_1_61' title='bbox 656 768 795 812; x_wconf 85' lang='lat' dir='ltr'>malus</span> <span class='ocrx_word' id='word_1_62' title='bbox 817 778 949 829; x_wconf 87' lang='lat' dir='ltr'>atque</span> <span class='ocrx_word' id='word_1_63' title='bbox 971 769 1158 813; x_wconf 86' lang='lat' dir='ltr'>crudelis</span> <span class='ocrx_word' id='word_1_64' title='bbox 1180 778 1272 814; x_wconf 87' lang='lat' dir='ltr'>erat</span> <span class='ocrx_word' id='word_1_65' title='bbox 1292 804 1303 824; x_wconf 82' lang='lat'>‚</span> <span class='ocrx_word' id='word_1_66' title='bbox 1329 770 1536 828; x_wconf 79' lang='lat' dir='ltr'>praedicta</span> 
     </span>
     <span class='ocr_line' id='line_1_9' title="bbox 149 840 1534 900; baseline 0.002 -18"><span class='ocrx_word' id='word_1_67' title='bbox 149 849 212 882; x_wconf 84' lang='lat' dir='ltr'>est</span> <span class='ocrx_word' id='word_1_68' title='bbox 234 847 381 882; x_wconf 80' lang='lat' dir='ltr'>tamen</span> <span class='ocrx_word' id='word_1_69' title='bbox 419 854 572 896; x_wconf 81' lang='lat' dir='ltr'>causa3</span> <span class='ocrx_word' id='word_1_70' title='bbox 610 858 630 880; x_wconf 90' lang='lat'>«</span> <span class='ocrx_word' id='word_1_71' title='bbox 655 842 718 883; x_wconf 91' lang='lat' dir='ltr'>Ne</span> <span class='ocrx_word' id='word_1_72' title='bbox 754 855 832 898; x_wconf 87' lang='lat' dir='ltr'>per</span> <span class='ocrx_word' id='word_1_73' title='bbox 860 840 997 883; x_wconf 87' lang='lat' dir='ltr'>otium</span> <span class='ocrx_word' id='word_1_74' title='bbox 1015 875 1025 895; x_wconf 84' lang='lat'>,</span> <span class='ocrx_word' id='word_1_75' title='bbox 1059 840 1232 900; x_wconf 79' lang='lat' dir='ltr'>inquit,</span> <span class='ocrx_word' id='word_1_76' title='bbox 1268 850 1534 899; x_wconf 83' lang='lat' dir='ltr'>torpesceret</span> 
     </span>
     <span class='ocr_line' id='line_1_10' title="bbox 148 909 1536 970; baseline 0.004 -19"><span class='ocrx_word' id='word_1_77' title='bbox 148 927 169 950; x_wconf 88' lang='lat'>»</span> <span class='ocrx_word' id='word_1_78' title='bbox 206 924 358 952; x_wconf 84' lang='lat' dir='ltr'>manus</span> <span class='ocrx_word' id='word_1_79' title='bbox 373 944 384 962; x_wconf 80' lang='lat'><strong>‚</strong></span> <span class='ocrx_word' id='word_1_80' title='bbox 408 919 483 953; x_wconf 85' lang='lat' dir='ltr'>aut</span> <span class='ocrx_word' id='word_1_81' title='bbox 505 909 674 953; x_wconf 87' lang='lat' dir='ltr'>animus</span> <span class='ocrx_word' id='word_1_82' title='bbox 693 912 722 952; x_wconf 90' lang='lat'>¹.</span> <span class='ocrx_word' id='word_1_83' title='bbox 749 928 768 949; x_wconf 85' lang='lat'>»</span> <span class='ocrx_word' id='word_1_84' title='bbox 793 913 936 963; x_wconf 84' lang='lat' dir='ltr'>Quare</span> <span class='ocrx_word' id='word_1_85' title='bbox 959 910 1003 954; x_wconf 92' lang='lat' dir='ltr'>id</span> <span class='ocrx_word' id='word_1_86' title='bbox 1020 913 1228 970; x_wconf 80' lang='lat' dir='ltr'>quoque?</span> <span class='ocrx_word' id='word_1_87' title='bbox 1250 913 1339 955; x_wconf 90' lang='lat' dir='ltr'>Cur</span> <span class='ocrx_word' id='word_1_88' title='bbox 1357 911 1448 954; x_wconf 83' lang='lat' dir='ltr'>ita?</span> <span class='ocrx_word' id='word_1_89' title='bbox 1477 914 1536 956; x_wconf 84' lang='lat' dir='ltr'>Ut</span> 
     </span>
     <span class='ocr_line' id='line_1_11' title="bbox 146 978 1530 1039; baseline 0.003 -18"><span class='ocrx_word' id='word_1_90' title='bbox 146 978 306 1022; x_wconf 89' lang='lat' dir='ltr'>scilicet</span> <span class='ocrx_word' id='word_1_91' title='bbox 328 979 401 1022; x_wconf 78' lang='lat' dir='ltr'>ilia</span> <span class='ocrx_word' id='word_1_92' title='bbox 424 979 728 1023; x_wconf 78' lang='lat' dir='ltr'>exercitatione</span> <span class='ocrx_word' id='word_1_93' title='bbox 750 979 960 1023; x_wconf 79' lang='lat' dir='ltr'>scelerum</span> <span class='ocrx_word' id='word_1_94' title='bbox 979 1015 989 1033; x_wconf 84' lang='lat'><strong>‚</strong></span> <span class='ocrx_word' id='word_1_95' title='bbox 1015 990 1138 1039; x_wconf 84' lang='lat' dir='ltr'>capta</span> <span class='ocrx_word' id='word_1_96' title='bbox 1159 980 1292 1035; x_wconf 89' lang='lat' dir='ltr'>urbe,</span> <span class='ocrx_word' id='word_1_97' title='bbox 1317 982 1504 1025; x_wconf 85' lang='lat' dir='ltr'>honores</span> <span class='ocrx_word' id='word_1_98' title='bbox 1519 1017 1530 1036; x_wconf 85' lang='lat'>‚</span> 
     </span>
     <span class='ocr_line' id='line_1_12' title="bbox 149 1048 1533 1108; baseline 0.003 -18"><span class='ocrx_word' id='word_1_99' title='bbox 149 1048 326 1105; x_wconf 86' lang='lat' dir='ltr'>imperia</span> <span class='ocrx_word' id='word_1_100' title='bbox 340 1083 349 1101; x_wconf 80' lang='lat'>,</span> <span class='ocrx_word' id='word_1_101' title='bbox 375 1048 543 1092; x_wconf 80' lang='lat' dir='ltr'>divitias</span> <span class='ocrx_word' id='word_1_102' title='bbox 564 1058 864 1108; x_wconf 85' lang='lat' dir='ltr'>assequeretur</span> <span class='ocrx_word' id='word_1_103' title='bbox 880 1084 890 1104; x_wconf 87' lang='grc'>,</span> <span class='ocrx_word' id='word_1_104' title='bbox 912 1059 955 1093; x_wconf 93' lang='lat' dir='ltr'>et</span> <span class='ocrx_word' id='word_1_105' title='bbox 976 1059 1142 1094; x_wconf 83' lang='lat' dir='ltr'>careret</span> <span class='ocrx_word' id='word_1_106' title='bbox 1159 1059 1280 1093; x_wconf 83' lang='lat' dir='ltr'>metu</span> <span class='ocrx_word' id='word_1_107' title='bbox 1303 1049 1465 1107; x_wconf 82' lang='lat' dir='ltr'>legum,</span> <span class='ocrx_word' id='word_1_108' title='bbox 1491 1059 1533 1094; x_wconf 87' lang='lat' dir='ltr'>et</span> 
     </span>
     <span class='ocr_line' id='line_1_13' title="bbox 150 1116 1533 1178; baseline 0.003 -18"><span class='ocrx_word' id='word_1_109' title='bbox 150 1116 408 1161; x_wconf 83' lang='lat' dir='ltr'>difficultate</span> <span class='ocrx_word' id='word_1_110' title='bbox 447 1133 623 1172; x_wconf 86' lang='lat' dir='ltr'>rerum,</span> <span class='ocrx_word' id='word_1_111' title='bbox 659 1127 837 1177; x_wconf 88' lang='lat' dir='ltr'>propter</span> <span class='ocrx_word' id='word_1_112' title='bbox 879 1119 1068 1178; x_wconf 86' lang='lat' dir='ltr'>inopiam</span> <span class='ocrx_word' id='word_1_113' title='bbox 1105 1120 1166 1162; x_wconf 89' lang='lat' dir='ltr'>rei</span> <span class='ocrx_word' id='word_1_114' title='bbox 1199 1119 1420 1163; x_wconf 84' lang='lat' dir='ltr'>familiaris</span> <span class='ocrx_word' id='word_1_115' title='bbox 1438 1154 1449 1174; x_wconf 87' lang='lat'><strong><em>‚</em></strong></span> <span class='ocrx_word' id='word_1_116' title='bbox 1489 1129 1533 1165; x_wconf 89' lang='lat' dir='ltr'>et</span> 
     </span>
     <span class='ocr_line' id='line_1_14' title="bbox 7 1187 1532 1247; baseline 0.003 -17"><span class='ocrx_word' id='word_1_117' title='bbox 7 1210 10 1217; x_wconf 69' lang='lat'>‹</span> <span class='ocrx_word' id='word_1_118' title='bbox 77 1233 83 1236; x_wconf 59' lang='grc'><em>,</em></span> <span class='ocrx_word' id='word_1_119' title='bbox 148 1187 455 1231; x_wconf 75' lang='lat' dir='ltr'>conscientiam</span> <span class='ocrx_word' id='word_1_120' title='bbox 482 1187 708 1231; x_wconf 87' lang='lat' dir='ltr'>scelerum.</span> <span class='ocrx_word' id='word_1_121' title='bbox 740 1191 828 1233; x_wconf 93' lang='lat' dir='ltr'>Nec</span> <span class='ocrx_word' id='word_1_122' title='bbox 860 1188 957 1247; x_wconf 89' lang='lat' dir='ltr'>ipse</span> <span class='ocrx_word' id='word_1_123' title='bbox 981 1189 1117 1247; x_wconf 87' lang='lat' dir='ltr'>igitur</span> <span class='ocrx_word' id='word_1_124' title='bbox 1147 1189 1332 1234; x_wconf 82' lang='lat' dir='ltr'>Catilina</span> <span class='ocrx_word' id='word_1_125' title='bbox 1371 1190 1532 1235; x_wconf 79' lang='lat' dir='ltr'>amavit</span> 
     </span>
    </p>

    <p class='ocr_par' dir='ltr' id='par_1_3' title="bbox 145 1255 1560 1318">
     <span class='ocr_line' id='line_1_15' title="bbox 145 1255 1560 1318; baseline 0.004 -19"><span class='ocrx_word' id='word_1_126' title='bbox 145 1255 334 1301; x_wconf 83' lang='lat' dir='ltr'>facinora</span> <span class='ocrx_word' id='word_1_127' title='bbox 353 1272 458 1314; x_wconf 86' lang='lat' dir='ltr'>sua·</span> <span class='ocrx_word' id='word_1_128' title='bbox 478 1255 554 1301; x_wconf 84' lang='lat' dir='ltr'>sed.</span> <span class='ocrx_word' id='word_1_129' title='bbox 572 1258 725 1317; x_wconf 87' lang='lat' dir='ltr'>utique</span> <span class='ocrx_word' id='word_1_130' title='bbox 747 1256 865 1302; x_wconf 87' lang='lat' dir='ltr'>aliud</span> <span class='ocrx_word' id='word_1_131' title='bbox 878 1259 1005 1318; x_wconf 75' lang='lat' dir='ltr'>‘cujus</span> <span class='ocrx_word' id='word_1_132' title='bbox 1023 1273 1150 1303; x_wconf 88' lang='lat' dir='ltr'>causa</span> <span class='ocrx_word' id='word_1_133' title='bbox 1171 1257 1245 1303; x_wconf 85' lang='lat' dir='ltr'>illa</span> <span class='ocrx_word' id='word_1_134' title='bbox 1265 1257 1467 1304; x_wconf 87' lang='lat' dir='ltr'>faciebat.</span> <span class='ocrx_word' id='word_1_135' title='bbox 1558 1260 1560 1263; x_wconf 72' lang='grc'>’</span> 
     </span>
    </p>
   </div>
   <div class='ocr_carea' id='block_1_3' title="bbox 147 1444 1529 1464">
    <p class='ocr_par' dir='ltr' id='par_1_4' title="bbox 147 1444 1529 1464">
     <span class='ocr_line' id='line_1_16' title="bbox 147 1444 1529 1464; baseline 0.002 -3"><span class='ocrx_word' id='word_1_136' title='bbox 147 1445 894 1462; x_wconf 61' lang='lat' dir='ltr'>mmmmmnnmmmmmmmmmmm</span> <span class='ocrx_word' id='word_1_137' title='bbox 1179 1444 1529 1464; x_wconf 60' lang='grc' dir='ltr'>ΜΙΝᾺΛΜΜΜΜΜΝΝᾺ</span> 
     </span>
    </p>
   </div>
   <div class='ocr_carea' id='block_1_4' title="bbox 895 1446 1176 1463">
    <p class='ocr_par' dir='ltr' id='par_1_5' title="bbox 895 1446 1176 1463">
     <span class='ocr_line' id='line_1_17' title="bbox 895 1446 1176 1463; baseline 0 1699"><span class='ocrx_word' id='word_1_138' title='bbox 895 1446 1176 1463; x_wconf 95' lang='lat' dir='ltr'> </span> 
     </span>
    </p>
   </div>
   <div class='ocr_carea' id='block_1_5' title="bbox 689 1587 1029 1636">
    <p class='ocr_par' dir='ltr' id='par_1_6' title="bbox 689 1587 1029 1636">
     <span class='ocr_line' id='line_1_18' title="bbox 689 1587 1029 1636; baseline -0.003 0"><span class='ocrx_word' id='word_1_139' title='bbox 689 1587 905 1636; x_wconf 83' lang='lat' dir='ltr'><strong>CAPUT</strong></span> <span class='ocrx_word' id='word_1_140' title='bbox 943 1590 1029 1635; x_wconf 70' lang='lat' dir='ltr'>VI.</span> 
     </span>
    </p>
   </div>
   <div class='ocr_carea' id='block_1_6' title="bbox 198 1751 1485 1886">
    <p class='ocr_par' dir='ltr' id='par_1_7' title="bbox 198 1751 1485 1886">
     <span class='ocr_line' id='line_1_19' title="bbox 198 1751 1485 1814; baseline 0.001 -16"><span class='ocrx_word' id='word_1_141' title='bbox 198 1754 375 1799; x_wconf 76' lang='lat' dir='ltr'>Omnia</span> <span class='ocrx_word' id='word_1_142' title='bbox 397 1770 503 1812; x_wconf 76' lang='lat' dir='ltr'>quse</span> <span class='ocrx_word' id='word_1_143' title='bbox 525 1752 640 1798; x_wconf 75' lang='lat' dir='ltr'>boni</span> <span class='ocrx_word' id='word_1_144' title='bbox 654 1755 813 1814; x_wconf 73' lang='lat' dir='ltr'>specie</span> <span class='ocrx_word' id='word_1_145' title='bbox 835 1751 906 1798; x_wconf 80' lang='lat' dir='ltr'>ad</span> <span class='ocrx_word' id='word_1_146' title='bbox 924 1755 1041 1798; x_wconf 78' lang='lat' dir='ltr'>vitia</span> <span class='ocrx_word' id='word_1_147' title='bbox 1063 1755 1288 1810; x_wconf 73' lang='lat' dir='ltr'>invitant,</span> <span class='ocrx_word' id='word_1_148' title='bbox 1314 1756 1362 1799; x_wconf 77' lang='lat' dir='ltr'>in</span> <span class='ocrx_word' id='word_1_149' title='bbox 1385 1753 1485 1800; x_wconf 83' lang='lat' dir='ltr'>solo</span> 
     </span>
     <span class='ocr_line' id='line_1_20' title="bbox 482 1823 1170 1886; baseline 0 -18"><span class='ocrx_word' id='word_1_150' title='bbox 482 1823 590 1868; x_wconf 82' lang='lat' dir='ltr'>Deo</span> <span class='ocrx_word' id='word_1_151' title='bbox 614 1840 715 1868; x_wconf 81' lang='lat' dir='ltr'>esse</span> <span class='ocrx_word' id='word_1_152' title='bbox 731 1840 850 1868; x_wconf 76' lang='lat' dir='ltr'>vera</span> <span class='ocrx_word' id='word_1_153' title='bbox 869 1833 915 1868; x_wconf 79' lang='lat' dir='ltr'>ec</span> <span class='ocrx_word' id='word_1_154' title='bbox 931 1824 1170 1886; x_wconf 48' lang='lat' dir='ltr'>perfecte&amp;</span> 
     </span>
    </p>
   </div>
   <div class='ocr_carea' id='block_1_7' title="bbox 9 1993 1530 2545">
    <p class='ocr_par' dir='ltr' id='par_1_8' title="bbox 9 1993 1587 2545">
     <span class='ocr_line' id='line_1_21' title="bbox 60 1993 1527 2052; baseline 0.002 -15"><span class='ocrx_word' id='word_1_155' title='bbox 60 2045 67 2050; x_wconf 26' lang='grc' dir='ltr'>ι</span> <span class='ocrx_word' id='word_1_156' title='bbox 199 1996 302 2038; x_wconf 87' lang='lat' dir='ltr'>XII.</span> <span class='ocrx_word' id='word_1_157' title='bbox 330 1997 444 2046; x_wconf 79' lang='lat' dir='ltr'>an</span> <span class='ocrx_word' id='word_1_158' title='bbox 470 2009 549 2052; x_wconf 85' lang='lat' dir='ltr'>ego</span> <span class='ocrx_word' id='word_1_159' title='bbox 570 1994 700 2037; x_wconf 90' lang='lat' dir='ltr'>miser</span> <span class='ocrx_word' id='word_1_160' title='bbox 722 1994 767 2036; x_wconf 91' lang='lat' dir='ltr'>in</span> <span class='ocrx_word' id='word_1_161' title='bbox 793 2003 835 2037; x_wconf 88' lang='lat' dir='ltr'>te</span> <span class='ocrx_word' id='word_1_162' title='bbox 868 1994 1030 2048; x_wconf 86' lang='lat' dir='ltr'>amavi,</span> <span class='ocrx_word' id='word_1_163' title='bbox 1057 2009 1083 2038; x_wconf 95' lang='lat' dir='ltr'>o</span> <span class='ocrx_word' id='word_1_164' title='bbox 1102 1993 1270 2039; x_wconf 88' lang='lat' dir='ltr'>furtum</span> <span class='ocrx_word' id='word_1_165' title='bbox 1299 2010 1446 2040; x_wconf 86' lang='lat' dir='ltr'>meum</span> <span class='ocrx_word' id='word_1_166' title='bbox 1465 2031 1476 2050; x_wconf 85' lang='lat'>‚</span> <span class='ocrx_word' id='word_1_167' title='bbox 1501 2012 1527 2041; x_wconf 95' lang='lat' dir='ltr'>o</span> 
     </span>
     <span class='ocr_line' id='line_1_22' title="bbox 9 2054 1529 2124; baseline 0.001 -17"><span class='ocrx_word' id='word_1_168' title='bbox 9 2071 152 2124; x_wconf 49' lang='grc' dir='ltr'>((ωὲ</span> <span class='ocrx_word' id='word_1_169' title='bbox 133 2054 306 2108; x_wconf 63' lang='lat' dir='ltr'>facinus</span> <span class='ocrx_word' id='word_1_170' title='bbox 333 2064 442 2107; x_wconf 91' lang='lat' dir='ltr'>illud</span> <span class='ocrx_word' id='word_1_171' title='bbox 474 2078 621 2107; x_wconf 90' lang='lat' dir='ltr'>meum</span> <span class='ocrx_word' id='word_1_172' title='bbox 654 2072 920 2107; x_wconf 85' lang='lat' dir='ltr'>nocturnum</span> <span class='ocrx_word' id='word_1_173' title='bbox 947 2064 1075 2107; x_wconf 83' lang='lat' dir='ltr'>sexti·</span> <span class='ocrx_word' id='word_1_174' title='bbox 1080 2064 1237 2108; x_wconf 87' lang='lat' dir='ltr'>decimi</span> <span class='ocrx_word' id='word_1_175' title='bbox 1259 2066 1361 2109; x_wconf 89' lang='lat' dir='ltr'>anni</span> <span class='ocrx_word' id='word_1_176' title='bbox 1390 2067 1529 2110; x_wconf 88' lang='lat' dir='ltr'>aetatis</span> 
     </span>
     <span class='ocr_line' id='line_1_23' title="bbox 145 2133 1530 2195; baseline 0 -16"><span class='ocrx_word' id='word_1_177' title='bbox 145 2136 286 2179; x_wconf 77' lang='lat' dir='ltr'>meae?</span> <span class='ocrx_word' id='word_1_178' title='bbox 313 2137 412 2179; x_wconf 90' lang='lat' dir='ltr'>Non</span> <span class='ocrx_word' id='word_1_179' title='bbox 434 2134 549 2177; x_wconf 87' lang='lat' dir='ltr'>enim</span> <span class='ocrx_word' id='word_1_180' title='bbox 572 2133 810 2193; x_wconf 88' lang='lat' dir='ltr'>pulchrum</span> <span class='ocrx_word' id='word_1_181' title='bbox 834 2148 949 2188; x_wconf 85' lang='lat' dir='ltr'>eras,</span> <span class='ocrx_word' id='word_1_182' title='bbox 979 2150 1080 2178; x_wconf 90' lang='lat' dir='ltr'>cum</span> <span class='ocrx_word' id='word_1_183' title='bbox 1102 2134 1271 2192; x_wconf 69' lang='lat' dir='ltr'>furtum</span> <span class='ocrx_word' id='word_1_184' title='bbox 1295 2150 1434 2195; x_wconf 72' lang='lat' dir='ltr'>esses,</span> <span class='ocrx_word' id='word_1_185' title='bbox 1456 2146 1530 2180; x_wconf 84' lang='lat' dir='ltr'>aut</span> 
     </span>
     <span class='ocr_line' id='line_1_24' title="bbox 144 2190 1529 2267; baseline -0.002 -18"><span class='ocrx_word' id='word_1_186' title='bbox 144 2221 248 2250; x_wconf 86' lang='lat' dir='ltr'>vero</span> <span class='ocrx_word' id='word_1_187' title='bbox 270 2204 434 2265; x_wconf 86' lang='lat' dir='ltr'>aliquid</span> <span class='ocrx_word' id='word_1_188' title='bbox 456 2220 499 2248; x_wconf 92' lang='lat' dir='ltr'>es</span> <span class='ocrx_word' id='word_1_189' title='bbox 522 2214 572 2249; x_wconf 89' lang='lat' dir='ltr'>ut</span> <span class='ocrx_word' id='word_1_190' title='bbox 593 2204 749 2264; x_wconf 86' lang='lat' dir='ltr'>loquar</span> <span class='ocrx_word' id='word_1_191' title='bbox 778 2203 834 2248; x_wconf 87' lang='lat' dir='ltr'>ad</span> <span class='ocrx_word' id='word_1_192' title='bbox 853 2206 926 2248; x_wconf 83' lang='lat' dir='ltr'>te?</span> <span class='ocrx_word' id='word_1_193' title='bbox 950 2190 1136 2249; x_wconf 82' lang='lat' dir='ltr'>Pulchra</span> <span class='ocrx_word' id='word_1_194' title='bbox 1158 2214 1281 2250; x_wconf 82' lang='lat' dir='ltr'>erant</span> <span class='ocrx_word' id='word_1_195' title='bbox 1302 2221 1431 2267; x_wconf 53' lang='lat'>1³91&amp;</span> <span class='ocrx_word' id='word_1_196' title='bbox 1456 2205 1529 2250; x_wconf 80' lang='lat' dir='ltr'>illa</span> 
     </span>
     <span class='ocr_line' id='line_1_25' title="bbox 145 2274 1528 2336; baseline 0 -17"><span class='ocrx_word' id='word_1_197' title='bbox 145 2291 244 2336; x_wconf 83' lang='lat' dir='ltr'>quae</span> <span class='ocrx_word' id='word_1_198' title='bbox 263 2274 396 2318; x_wconf 87' lang='lat' dir='ltr'>furati</span> <span class='ocrx_word' id='word_1_199' title='bbox 419 2289 588 2329; x_wconf 83' lang='lat' dir='ltr'>sumus,</span> <span class='ocrx_word' id='word_1_200' title='bbox 614 2275 823 2334; x_wconf 87' lang='lat' dir='ltr'>quoniam</span> <span class='ocrx_word' id='word_1_201' title='bbox 844 2283 1042 2318; x_wconf 86' lang='lat' dir='ltr'>creatura</span> <span class='ocrx_word' id='word_1_202' title='bbox 1076 2284 1152 2319; x_wconf 87' lang='lat' dir='ltr'>tua</span> <span class='ocrx_word' id='word_1_203' title='bbox 1174 2284 1294 2330; x_wconf 83' lang='lat' dir='ltr'>erat,</span> <span class='ocrx_word' id='word_1_204' title='bbox 1319 2275 1528 2334; x_wconf 85' lang='lat' dir='ltr'>pulcher-</span> 
     </span>
     <span class='ocr_line' id='line_1_26' title="bbox 146 2346 1529 2405; baseline 0 -15"><span class='ocrx_word' id='word_1_205' title='bbox 146 2347 253 2390; x_wconf 85' lang='lat' dir='ltr'>rime</span> <span class='ocrx_word' id='word_1_206' title='bbox 285 2347 503 2401; x_wconf 85' lang='lat' dir='ltr'>omnium,</span> <span class='ocrx_word' id='word_1_207' title='bbox 524 2355 692 2390; x_wconf 84' lang='lat' dir='ltr'>creator</span> <span class='ocrx_word' id='word_1_208' title='bbox 714 2346 913 2389; x_wconf 89' lang='lat' dir='ltr'>omnium</span> <span class='ocrx_word' id='word_1_209' title='bbox 930 2380 942 2400; x_wconf 90' lang='lat'>,</span> <span class='ocrx_word' id='word_1_210' title='bbox 969 2349 1082 2390; x_wconf 87' lang='lat' dir='ltr'>Deus</span> <span class='ocrx_word' id='word_1_211' title='bbox 1102 2347 1216 2405; x_wconf 84' lang='lat' dir='ltr'>bone</span> <span class='ocrx_word' id='word_1_212' title='bbox 1232 2381 1242 2401; x_wconf 85' lang='lat'>,</span> <span class='ocrx_word' id='word_1_213' title='bbox 1265 2349 1380 2390; x_wconf 87' lang='lat' dir='ltr'>Deus</span> <span class='ocrx_word' id='word_1_214' title='bbox 1408 2362 1529 2390; x_wconf 78' lang='lat' dir='ltr'>sum-</span> 
     </span>
     <span class='ocr_line' id='line_1_27' title="bbox 146 2416 1530 2470; baseline 0 -9"><span class='ocrx_word' id='word_1_215' title='bbox 146 2432 268 2461; x_wconf 89' lang='lat' dir='ltr'>mum</span> <span class='ocrx_word' id='word_1_216' title='bbox 299 2417 465 2460; x_wconf 87' lang='lat' dir='ltr'>bonum</span> <span class='ocrx_word' id='word_1_217' title='bbox 487 2451 499 2470; x_wconf 87' lang='lat'>‚</span> <span class='ocrx_word' id='word_1_218' title='bbox 535 2425 578 2461; x_wconf 90' lang='lat' dir='ltr'>et</span> <span class='ocrx_word' id='word_1_219' title='bbox 607 2418 775 2461; x_wconf 89' lang='lat' dir='ltr'>bonum</span> <span class='ocrx_word' id='word_1_220' title='bbox 805 2432 959 2460; x_wconf 89' lang='lat' dir='ltr'>verum</span> <span class='ocrx_word' id='word_1_221' title='bbox 992 2432 1153 2461; x_wconf 89' lang='lat' dir='ltr'>meum.</span> <span class='ocrx_word' id='word_1_222' title='bbox 1184 2416 1370 2460; x_wconf 86' lang='lat' dir='ltr'>Pulchra</span> <span class='ocrx_word' id='word_1_223' title='bbox 1407 2427 1530 2462; x_wconf 87' lang='lat' dir='ltr'>erant</span> 
     </span>
     <span class='ocr_line' id='line_1_28' title="bbox 146 2485 1523 2545; baseline -0.001 -15"><span class='ocrx_word' id='word_1_224' title='bbox 146 2485 219 2530; x_wconf 87' lang='lat' dir='ltr'>illa</span> <span class='ocrx_word' id='word_1_225' title='bbox 236 2501 362 2545; x_wconf 87' lang='lat' dir='ltr'>poma</span> <span class='ocrx_word' id='word_1_226' title='bbox 379 2507 390 2544; x_wconf 78' lang='lat'><em>3</em></span> <span class='ocrx_word' id='word_1_227' title='bbox 410 2487 487 2531; x_wconf 89' lang='lat' dir='ltr'>sed</span> <span class='ocrx_word' id='word_1_228' title='bbox 501 2502 590 2530; x_wconf 91' lang='lat' dir='ltr'>non</span> <span class='ocrx_word' id='word_1_229' title='bbox 604 2487 693 2545; x_wconf 86' lang='lat' dir='ltr'>ipsa</span> <span class='ocrx_word' id='word_1_230' title='bbox 713 2486 1121 2545; x_wconf 46' lang='lat' dir='ltr'>concnpiyissanima</span> <span class='ocrx_word' id='word_1_231' title='bbox 1144 2501 1238 2530; x_wconf 87' lang='lat' dir='ltr'>mea</span> <span class='ocrx_word' id='word_1_232' title='bbox 1259 2486 1523 2544; x_wconf 80' lang='lat' dir='ltr'>miserabilis.</span> 
     </span>
    </p>
   </div>
   <div class='ocr_carea' id='block_1_8' title="bbox 197 2565 909 2634">
    <p class='ocr_par' dir='ltr' id='par_1_9' title="bbox 197 2565 909 2634">
     <span class='ocr_line' id='line_1_29' title="bbox 197 2565 909 2634; baseline 0 -11"><span class='ocrx_word' id='word_1_233' title='bbox 197 2599 207 2615; x_wconf 84' lang='lat'>¹</span> <span class='ocrx_word' id='word_1_234' title='bbox 226 2592 348 2624; x_wconf 73' lang='lat' dir='ltr'>Sallust.</span> <span class='ocrx_word' id='word_1_235' title='bbox 366 2593 406 2624; x_wconf 86' lang='lat' dir='ltr'>de</span> <span class='ocrx_word' id='word_1_236' title='bbox 422 2592 505 2624; x_wconf 81' lang='lat' dir='ltr'>bello</span> <span class='ocrx_word' id='word_1_237' title='bbox 521 2592 611 2624; x_wconf 83' lang='lat' dir='ltr'>Catil.</span> <span class='ocrx_word' id='word_1_238' title='bbox 634 2603 705 2634; x_wconf 77' lang='lat' dir='ltr'>cap.</span> <span class='ocrx_word' id='word_1_239' title='bbox 726 2565 799 2624; x_wconf 63' lang='lat' dir='ltr'>xvi.3</span> <span class='ocrx_word' id='word_1_240' title='bbox 879 2582 885 2585; x_wconf 81' lang='lat'><em>.</em></span> <span class='ocrx_word' id='word_1_241' title='bbox 902 2576 909 2583; x_wconf 36' lang='grc' dir='ltr'><strong><em>Δ</em></strong></span> 
     </span>
    </p>
   </div>
   <div class='ocr_carea' id='block_1_9' title="bbox 173 2112 300 2117">
    <p class='ocr_par' dir='ltr' id='par_1_10' title="bbox 173 2112 300 2117">
     <span class='ocr_line' id='line_1_30' title="bbox 173 2112 300 2117; baseline 0 0"><span class='ocrx_word' id='word_1_242' title='bbox 173 2112 300 2117; x_wconf 95' lang='lat' dir='ltr'> </span> 
     </span>
    </p>
   </div>
   <div class='ocr_carea' id='block_1_10' title="bbox 1138 2188 1279 2198">
    <p class='ocr_par' dir='ltr' id='par_1_11' title="bbox 1138 2188 1279 2198">
     <span class='ocr_line' id='line_1_31' title="bbox 1138 2188 1279 2198; baseline 0 964"><span class='ocrx_word' id='word_1_243' title='bbox 1138 2188 1279 2198; x_wconf 95' lang='lat' dir='ltr'> </span> 
     </span>
    </p>
   </div>
   <div class='ocr_carea' id='block_1_11' title="bbox 0 0 31 3162">
    <p class='ocr_par' dir='ltr' id='par_1_12' title="bbox 0 0 31 3162">
     <span class='ocr_line' id='line_1_32' title="bbox 0 0 31 3162; baseline 0 0"><span class='ocrx_word' id='word_1_244' title='bbox 0 0 31 3162; x_wconf 95' lang='lat' dir='ltr'> </span> 
     </span>
    </p>
   </div>
  </div>
 </body>
</html>
