1871 3162
330 208 411 249 518
738 218 771 249 s.
807 218 1036 250 Aucus-nm
1067 220 1247 250 nmscom

788 546 1003 596 CAPUT
1037 549 1199 597 XVII.

326 709 710 771 Reprehenditar
745 714 829 771 qui
868 712 982 758 velit
1013 728 1113 758 esse
1164 712 1468 758 Christianus
1509 723 1710 774 propter

384 780 684 828 commodam
718 782 996 842 temporale.
1034 812 1087 816 —
1123 782 1429 829 Christianus
1464 800 1573 830 vere
1606 795 1704 840 est,

384 854 467 912 qai
480 851 757 913 religionem
766 855 1018 913 profitetur
1025 865 1226 913 propter
1228 856 1462 917 futuram
1480 857 1703 915 requiem.

385 951 439 957 —
469 921 668 968 Transit
699 921 770 967 ad
786 924 1118 968 narrationem
1149 939 1312 985 eoram
1339 941 1444 984 quoe
1465 924 1708 971 credenda

383 1004 506 1040 sant.
527 1022 583 1028 -
610 991 761 1041 Filius
781 993 880 1042 Dei
898 1009 984 1039 car
1004 992 1144 1039 homo
1161 994 1353 1056 factas.

383 1166 545 1210 XXVI.
567 1164 819 1227 SQTAQQQ
824 1165 905 1231 qui
920 1171 1149 1235 propterea
1171 1162 1343 1208 volunt
1349 1170 1438 1208 esse
1456 1163 1705 1220 Christiani,

325 1244 374 1280 ut
395 1244 471 1280 aut
475 1244 816 1302 promereantur
835 1231 1032 1298 homines
1055 1250 1078 1278 a
1098 1232 1271 1294 quibus
1298 1228 1577 1294 temporalia
1585 1249 1708 1278 com-

320 1295 471 1369 moda
477 1314 719 1368 egpectant,
746 1314 821 1368 aut
841 1306 958 1370 quia
957 1294 1184 1350 offendere
1209 1304 1368 1367 nolunt
1390 1319 1500 1376 quos
1532 1298 1703 1349 tinient.

326 1378 410 1422 Sed
432 1377 501 1421 isti
519 1376 692 1436 reprobi
713 1367 842 1421 sunt:
862 1385 906 1419 et
922 1375 959 1419 si
961 1366 1029 1419 ad
1053 1366 1223 1434 tempus
1245 1390 1316 1419 eos
1332 1368 1476 1434 portat
1480 1369 1705 1430 E‘ccT'e'sia,

323 1449 433 1492 sicut
451 1463 547 1492 area
564 1462 703 1506 usque
720 1447 776 1490 ad
797 1456 969 1505 tempus
984 1446 1277 1490 ventilationis
1291 1446 1458 1503 paleam
1476 1446 1705 1497 sustinet¹;

323 1519 357 1562 si
390 1533 480 1562 non
511 1532 555 1561 se
583 1517 868 1570 correxerint,
898 1525 940 1560 et
961 1525 1139 1574 propter
1174 1514 1370 1559 futuram
1400 1515 1709 1574 sempiternam

322 1590 516 1648 requiem
550 1588 782 1632 Christiani
811 1602 901 1630 esse
921 1586 1161 1645 coeperint,
1188 1586 1233 1628 in
1261 1586 1348 1628 fine
1370 1585 1703 1643 separabuntur.

321 1660 410 1702 Nec
431 1657 513 1700 sibi
537 1654 817 1700 blandiantur
843 1655 965 1714 quod
983 1655 1029 1697 in
1051 1669 1148 1697 area
1175 1662 1357 1712 possunt
1374 1668 1463 1697 esse
1485 1669 1587 1698 cum
1613 1654 1707 1698 fru—

321 1736 470 1771 mento
492 1727 569 1770 Dei
596 1745 604 1769 :
629 1726 729 1784 quia
762 1726 808 1767 in
830 1726 986 1768 horreo
1009 1739 1109 1767 cum
1132 1722 1208 1767 illo
1232 1739 1321 1767 non
1349 1732 1499 1778 erunt,
1520 1723 1593 1767 sed
1616 1724 1706 1783 igni

321 1796 471 1840 debito
497 1795 784 1840 destinantur.
814 1797 925 1839 Sunt
953 1797 1080 1838 etiam
1107 1792 1178 1838 alii
1206 1793 1383 1838 meliore
1406 1793 1584 1852 quidem
1605 1809 1702 1853 spe,

321 1865 397 1910 sed
417 1874 562 1910 tamen
583 1880 673 1909 non
694 1866 863 1909 minore
883 1863 1093 1923 periculo,
1118 1864 1192 1922 qui
1209 1864 1298 1922 jam
1316 1866 1454 1906 Deum
1477 1863 1645 1917 timent,
1662 1872 1705 1907 et

324 1951 414 1980 non
433 1935 616 1979 irrident
631 1936 924 1980 Christianum
948 1948 1108 1978 nomen
1123 1968 1134 1987 ,
1159 1948 1239 1976 nec
1259 1931 1463 1976 simulato
1485 1931 1615 1976 corde
1637 1933 1705 1977 in-

323 2015 440 2051 trant
461 2005 696 2050 Ecclesiam
714 2006 812 2060 Dei,
833 2004 907 2049 sed
923 2005 969 2048 in
988 2004 1069 2048 ista
1082 2004 1169 2048 vita
1187 2011 1416 2062 expectant
1433 2002 1700 2058 felicitatem,

323 2086 374 2120 ut
405 2075 617 2121 feliciores
649 2076 734 2119 sint
761 2076 805 2118 in
842 2075 972 2118 rebus
1006 2074 1210 2127 terrenis,
1250 2088 1381 2132 quam
1416 2073 1478 2116 illi
1509 2074 1584 2131 qui
1613 2088 1703 2117 non

323 2145 474 2190 colunt
512 2148 648 2188 Deum
676 2163 684 2188 :
714 2144 901 2203 ideoque
923 2158 1023 2188 cum
1056 2142 1248 2186 viderint
1277 2140 1491 2201 quosdam
1514 2140 1701 2185 scelera-

324 2225 391 2260 tos
413 2223 455 2259 et
485 2214 640 2274 impios
675 2214 754 2258 ista
788 2213 934 2258 saeculi
971 2212 1257 2272 prosperitate
1289 2210 1451 2270 pollere
1488 2220 1530 2255 et
1558 2211 1701 2255 excel-

323 2284 437 2339 lere,
467 2299 510 2328 se
533 2293 678 2328 autem
700 2282 769 2328 vel
795 2285 939 2327 minus
959 2283 1120 2327 habere
1152 2283 1231 2326 ista
1251 2281 1320 2326 vel
1356 2281 1574 2336 amittere,
1599 2296 1700 2340 per—

323 2364 386 2398 tui
398 2355 560 2398 bantur
572 2363 782 2413 tanquam
796 2354 887 2397 sine
905 2368 1031 2397 causa
1048 2356 1187 2396 Deum
1201 2351 1362 2405 colant,
1379 2360 1421 2395 et
1434 2350 1561 2395 facile
1574 2366 1597 2394 a
1614 2349 1700 2394 fide

325 2422 549 2468 deficiunt.

373 2535 381 2550 ¹
403 2529 522 2568 Matth,
540 2539 588 2569 111,
607 2538 656 2562 12.

1825 2712 1830 2741 l
