1871 3162
813 271 962 299 mnEx.
1487 268 1571 308 569

243 337 345 368 cnm
367 343 431 367 vm.
457 335 581 368 Eruditi
602 337 760 378 quomodo
777 338 1009 371 catechizandi.
1381 356 1459 389 pag.
1508 349 1573 380 496

381 400 428 423 rx.
453 391 658 423 Grammatici
678 395 712 424 et
735 393 885 425 Oratores
912 393 1070 436 quomodo
1100 397 1272 430 tractandi.
1293 412 1333 422 —
1350 399 1419 432 Vox
1445 401 1486 433 ad

498 456 589 478 aures
604 446 676 488 Dei,
698 446 792 480 animi
810 447 963 481 affectus.
1505 458 1572 489 498

390 512 422 533 x.
447 503 519 535 Jam
535 503 576 535 de
593 502 754 536 hilaritate
771 505 997 548 comparanda.
1016 522 1057 530 ·-
1077 507 1185 540 Causae
1201 517 1256 540 sex
1281 510 1408 544 taedium
1429 511 1482 544 af-

493 558 635 592 ferentes
652 560 874 599 catechizanti.
1507 569 1572 600 500

382 624 424 646 x1.
450 616 636 648 Remedium
653 621 768 650 contra
784 617 956 651 secundam
969 617 1054 651 taedii
1071 628 1211 652 causam.
1504 624 1569 654 503

372 679 428 699 xn-
454 671 641 703 Remedium
657 677 771 705 contra
784 674 912 706 tertiam
928 683 1057 706 causam
1073 673 1170 706 taedii.
1504 679 1569 709 505

351 731 422 753 xm.
447 721 636 753 Remedium
653 727 764 754 contra
780 729 926 764 quartam
944 736 1072 758 causam
1089 728 1271 760 fastidii.—
1285 729 1418 762 Auditor
1431 729 1483 763 vel

492 777 650 809 audiendo
665 778 719 809 vel
735 778 846 809 stando
863 777 1027 820 fatigatus,
1048 781 1207 822 quomodo
1223 786 1424 818 reereandus.
1441 802 1482 809 —-

493 835 570 865 Usus
599 833 747 865 audiendi
776 834 913 867 verbum
945 834 1004 869 Dei
1029 836 1170 870 sedendo
1186 861 1197 877 ,
1227 837 1260 869 in
1296 842 1484 880 quibusdam

492 888 643 921 Ecclesiis
658 893 819 931 receptus.
1507 899 1570 930 507

355 955 418 977 xiv.
446 945 633 977 Remedium
651 946 802 979 adversus
818 947 961 990 quintam
979 958 1107 982 causam
1125 949 1225 982 taedii.
1239 966 1280 973 -—-
1293 951 1481 985 Remedium

491 1004 603 1032 contra
620 1005 742 1033 sextam
759 1011 887 1035 causam
913 1001 1010 1035 taedii.
1030 1020 1072 1026 —
1090 1006 1170 1037 Item
1188 1005 1336 1039 adversus
1354 1017 1482 1040 causam

489 1062 621 1089 sextam.
1147 1080 1150 1083 ·
1503 1066 1571 1097 510

376 1123 430 1144 xv.
458 1113 519 1144 Pro
538 1122 745 1155 personarum
765 1113 948 1148 diversitate
966 1117 1175 1158 temperanda
1192 1117 1307 1149 oratio.
1509 1122 1573 1151 513

359 1178 425 1200 xvi.
453 1168 598 1201 Formula
621 1168 772 1201 orationis
805 1169 1005 1202 catechistae.
1034 1188 1076 1195 —
1103 1173 1275 1205 Exordium
1309 1173 1439 1206 ductum
1467 1185 1486 1206 a

492 1225 645 1258 laudabili
671 1226 836 1269 proposito
865 1228 1074 1270 suscipiendae
1102 1228 1286 1262 Christianae
1305 1230 1483 1272 religionis,

490 1286 623 1325 propter
648 1282 789 1316 futuram
815 1284 972 1326 requiem.
1001 1285 1138 1327 Requies
1159 1287 1191 1318 in
1219 1286 1316 1319 rebus
1335 1286 1484 1329 inquietis

492 1349 553 1371 non
570 1340 752 1381 quaeranda.
771 1354 813 1362 -·-
832 1341 901 1372 Νοιι
913 1340 946 1372 in
964 1340 1096 1383 divitiis,
1115 1352 1176 1374 nec
1189 1343 1221 1374 in
1238 1341 1424 1374 honoribus.
1442 1360 1483 1367 —

492 1394 647 1437 Requiem
666 1398 842 1438 quaerentes
858 1394 890 1427 in
908 1394 1159 1430 oblectamentis
1176 1398 1280 1431 carnis
1294 1398 1373 1432 etin
1392 1408 1484 1441 spec-

492 1450 615 1483 taculis.
1503 1457 1568 1488 515

343 1514 421 1537 xvn.
449 1506 705 1547 Reprehenditur
719 1507 772 1549 qui
786 1507 865 1541 velit
882 1517 950 1540 esse
968 1508 1161 1542 Christianus
1180 1513 1314 1552 propter
1332 1519 1482 1544 commo—

488 1562 563 1594 dum
580 1562 768 1604 temporale.
783 1580 824 1586 —
839 1564 1034 1597 Christianus
1051 1576 1130 1598 vere
1147 1570 1210 1607 est,
1226 1567 1280 1609 qui
1293 1565 1480 1608 religionem

487 1617 655 1660 profitetur
671 1623 803 1661 propter
820 1620 963 1652 futuram
979 1622 1134 1663 requiem.
1150 1639 1192 1645 —
1206 1623 1331 1655 Transit
1347 1623 1387 1655 ad
1404 1633 1483 1655 nar-

489 1674 647 1706 rationem
670 1685 781 1705 eorum
798 1686 867 1715 quie
894 1676 1055 1707 credenda
1072 1681 1158 1707 sunt.
1174 1693 1214 1700 -
1233 1677 1327 1709 Filius
1349 1678 1408 1709 Dei
1424 1688 1483 1710 cur

487 1730 581 1761 homo
595 1729 710 1761 factus.
1501 1735 1567 1766 518

336 1798 421 1819 xvni.
451 1789 496 1818 De
508 1785 642 1817 hominis
656 1789 690 1816 et
702 1795 808 1816 rerum
821 1784 992 1816 alienarum
1006 1785 1172 1818 creatione
1185 1786 1260 1828 quid
1272 1787 1480 1820 credendum.

490 1858 530 1864 —
550 1843 652 1873 Homo
669 1841 701 1873 in
731 1840 876 1883 paradiso
898 1841 1103 1873 constitutus.
1127 1858 1169 1864 -
1194 1843 1255 1874 Cur
1275 1847 1402 1875 creatus
1426 1843 1482 1885 qui

484 1896 710 1939 praesciebatur
735 1900 940 1938 peccaturus.
958 1912 998 1918 —
1016 1898 1134 1938 Lapsus
1160 1897 1296 1930 hominis
1325 1902 1358 1930 et
1381 1897 1484 1940 angeli

488 1953 565 1984 nihil
582 1956 648 1985 Deo
668 1952 788 1984 nocuit.
1502 1955 1571 1987 520

349 2020 416 2043 xix.
442 2010 478 2041 In
495 2008 636 2040 Ecclesia
657 2007 732 2039 boni
759 2011 793 2038 et
819 2006 892 2038 mali
915 2008 946 2038 in
973 2006 1035 2039 fine
1059 2008 1239 2050 separandi.
1267 2025 1308 2031 —
1326 2008 1482 2042 Civitates

486 2065 554 2097 duae
571 2064 611 2096 ab
628 2063 717 2095 initio
734 2062 858 2105 generis
877 2063 1019 2095 humaui.
1034 2080 1075 2086 —
1088 2063 1204 2095 Diluvii
1222 2068 1256 2096 et
1271 2075 1352 2097 arcae
1369 2075 1479 2099 sacra-

487 2124 641 2153 mentum.
662 2136 703 2142 -
717 2122 763 2152 De
781 2119 963 2152 Abrahamo
981 2123 1015 2151 et
1036 2120 1076 2152 de
1097 2120 1271 2154 Israelitico
1289 2120 1418 2164 populo,
1437 2137 1478 2144 -

487 2177 608 2208 Horum
626 2175 714 2207 dicta
732 2179 764 2206 et
784 2175 883 2216 facta,
904 2175 1072 2217 prophetia
1093 2175 1165 2207 fuit.
1503 2177 1566 2208 523

365 2242 417 2264 xx.
443 2231 656 2264 Israelitarum
674 2232 808 2262 servitus
829 2231 861 2262 in
889 2233 1028 2273 AEgypto
1042 2256 1051 2272 ,
1069 2235 1103 2262 et
1119 2230 1267 2263 liberatio
1288 2231 1402 2273 viaque
1421 2242 1478 2274 per

486 2298 574 2320 mare
592 2286 744 2319 Rubrum.
767 2302 807 2308 —
823 2286 1001 2328 Baptismus
1025 2286 1186 2329 figuratus
1210 2303 1251 2308 —
1270 2287 1345 2320 Ovis
1364 2287 1479 2319 immo-

488 2342 564 2373 latio
582 2341 733 2384 passionis
755 2341 871 2374 Christi
888 2341 999 2383 figura.
1013 2358 1053 2364 —
1072 2343 1139 2373 Lex
1157 2342 1277 2384 scripta
1295 2342 1393 2384 digito
1406 2342 1475 2375 Dei.

489 2397 666 2429 Jerusalem
684 2401 776 2438 typus
793 2396 936 2429 civitatis
954 2396 1099 2428 coelestis.
1504 2397 1567 2429 526

358 2464 423 2485 xxi.
448 2452 625 2495 eaptivitas
648 2452 841 2494 Babylonica
860 2459 891 2484 et
918 2452 950 2484 in
976 2462 1015 2484 ea
1040 2457 1126 2494 gesta
1143 2452 1217 2495 quid
1233 2452 1421 2493 significent.
1437 2469 1478 2475 —

488 2510 562 2540 Post
579 2507 800 2550 captivitatem
819 2506 1043 2548 Babylonicam
1068 2507 1198 2539 libertas
1221 2507 1320 2550 qualis
1336 2507 1472 2540 reddita.
1502 2508 1566 2539 529

342 2573 417 2597 xxu.
444 2565 563 2596 AEtates
581 2564 688 2596 mundi
705 2574 770 2596 sex.
794 2580 834 2586 -
853 2564 949 2596 Sexta
965 2568 1040 2596 aetas
1066 2574 1104 2596 ex
1130 2564 1270 2596 adventu
1288 2563 1415 2596 Christi.
1437 2579 1478 2585 -
