1871 3162
646 267 993 305 conrssssmivmu,
1027 268 1109 308 1³13·
1146 269 1208 295 1x.
1528 260 1610 298 199

235 333 343 377 lium
358 347 459 391 ergo
472 340 668 377 nostrum
686 340 777 376 erat
793 346 938 376 coram
951 340 1010 390 te3
1025 346 1171 376 coram
1182 331 1433 376 hominibus
1450 343 1611 390 autem,

235 402 316 447 nisi
335 402 490 446 nostris
507 436 520 456 ‚
546 417 637 446 non
661 411 766 446 erat.
787 404 844 446 Et
865 409 1127 446 convenerat
1149 401 1263 445 inter
1283 416 1362 445 nos
1382 417 1438 445 ne
1462 404 1619 461 passim

234 473 438 532 cuiquam
455 471 771 530 effunderetur3
788 487 1037 532 quanquam
1054 481 1104 516 tu
1125 472 1251 516 nobis
1269 487 1292 516 a
1309 471 1505 516 convalle
1527 472 1616 531 plo-

234 543 411 586 rationis
428 541 760 586 ascendentibus
771 544 801 596 ¹‚
816 551 859 586 et
873 541 1147 586 cantantibus
1159 541 1376 585 canticum
1387 541 1615 600 graduum,

234 611 413 656 dederas
450 613 620 670 sagittas
655 621 800 656 acutas
816 647 826 667 ‚
866 621 909 656 et
927 612 1135 656 carbones
1155 620 1390 658 vastatores
1413 611 1615 657 adversus

232 681 426 739 linguam
454 682 683 726 subdolam
698 683 714 707 ²
730 717 740 736 ‚
776 682 896 726 velut
921 682 1190 727 consulendo
1220 681 1587 727 contradicentem
1602 718 1613 737 ,

234 760 299 807 et,
320 752 431 796 sicut
453 751 600 796 cibum
624 752 777 797 assolet
799 752 984 797 amando
998 763 1341 798 consumentem.

292 824 376 866 III.
415 822 698 881 Sagittaveras
723 831 770 867 tu
795 838 869 867 cor
886 831 1083 867 nostrum
1099 823 1307 867 charitate
1329 832 1426 877 tua,
1452 831 1495 866 et
1518 836 1615 881 ges-

235 891 432 935 tabamus
448 892 580 936 verba
602 901 677 935 tua
699 893 900 936 transfixa
921 893 1163 937 visceribus
1182 914 1193 950 3
1229 902 1272 936 et
1306 891 1502 948 exempla
1534 906 1624 934 ser-

233 975 387 1004 vorum
401 969 577 1005 tuorum
590 995 600 1015 ‚
623 977 733 1020 quos
750 962 805 1004 de
820 962 949 1018 nigris
969 961 1154 1014 lucidos,
1170 969 1213 1002 et
1229 961 1285 1002 de
1300 960 1482 1002 mortuis
1498 958 1618 1002 vivos

233 1029 421 1085 feceras,
452 1039 656 1089 congesta
687 1031 733 1073 in
767 1031 910 1073 sinum
938 1029 1211 1088 cogitationis
1239 1037 1399 1073 nostrae
1432 1028 1620 1073 urebant

236 1110 279 1145 et
298 1100 586 1148 absumebant
610 1115 783 1159 gravem
801 1109 1044 1159 torporem,
1063 1114 1117 1143 ne
1140 1099 1185 1143 in
1206 1099 1292 1143 ima
1321 1113 1616 1157 vergeremus3

232 1179 276 1214 et
314 1170 612 1215 accendebant
639 1185 717 1214 nos
748 1169 912 1223 valide,
938 1178 987 1213 ut
1009 1169 1148 1213 omnis
1169 1183 1220 1212 ex
1253 1167 1402 1227 lingua
1433 1167 1617 1213 subdola

232 1240 586 1285 contradictionis
607 1240 735 1284 flatus
763 1239 1033 1283 inflammare
1065 1254 1143 1283 nos
1170 1239 1308 1284 acrius
1329 1247 1472 1298 posset
1488 1273 1499 1293 ‚
1524 1253 1615 1283 non

232 1312 497 1369 extinguere,
524 1314 834 1354 Verumtamen
850 1311 951 1370 quia
966 1319 1143 1370 propter
1160 1325 1321 1354 nomen
1335 1319 1476 1363 tuum,
1493 1307 1613 1368 quod

230 1381 503 1424 sanctificasti
531 1395 606 1439 per
629 1390 761 1424 terras
779 1415 789 1434 ‚
826 1380 955 1424 etiam
984 1379 1231 1424 laudatores
1258 1380 1411 1438 utique
1433 1378 1614 1422 haberet

231 1459 384 1494 votum
404 1459 448 1493 et
462 1449 732 1508 propositum
750 1458 946 1493 nostrum
962 1484 973 1503 ,
987 1449 1208 1508 jactantiae
1227 1448 1365 1492 simile
1381 1447 1611 1492 videbatur

233 1534 322 1563 non
353 1518 541 1577 opperiri
575 1526 665 1560 tarn
700 1518 944 1576 proximum
980 1516 1185 1561 feriarum
1214 1527 1386 1576 tempus
1401 1552 1412 1571 ‚
1449 1516 1524 1560 sed
1557 1516 1612 1560 de

230 1589 405 1649 publica
435 1586 701 1647 professione
723 1596 854 1646 atque
878 1596 978 1630 ante
1004 1586 1152 1630 oculos
1184 1589 1380 1629 omnium
1402 1587 1481 1631 sita
1513 1595 1613 1630 ante

231 1659 468 1713 discedere,
483 1666 533 1701 ut
549 1671 755 1702 conversa
769 1658 814 1700 in
829 1656 994 1700 factum
1008 1670 1154 1698 meum
1177 1670 1251 1698 ora
1272 1663 1531 1699 cunctorum
1544 1656 1614 1697 in-

232 1728 450 1771 tuentium
466 1762 476 1782 ‚
502 1742 633 1787 quam
655 1727 850 1771 vicinum
870 1724 1200 1769 vindemialium
1233 1723 1349 1767 diem
1379 1723 1614 1782 praevenire

232 1798 462 1852 voluerim,
483 1796 620 1840 multa
636 1796 830 1840 dicerent
849 1830 860 1850 ‚
881 1794 1001 1855 quod
1018 1795 1141 1855 quasi
1155 1795 1411 1854 appetissem
1432 1808 1613 1851 magnus

232 1868 384 1912 videri.
423 1870 480 1911 Et
512 1882 601 1926 quo
622 1867 728 1910 mihi
750 1874 842 1910 erat
858 1866 996 1919 istud,
1021 1874 1072 1909 ut
1106 1873 1333 1923 putaretur
1353 1872 1397 1907 et
1418 1863 1613 1923 disputa-

233 1947 351 1982 retur
374 1938 428 1981 de
449 1937 593 1982 animo
611 1951 708 1980 meo
723 1971 734 1990 ‚
755 1945 798 1979 et
817 1935 1188 1994 blasphemaretur
1210 1933 1375 1978 bonum
1393 1935 1617 1978 nostrum?

292 2010 368 2051 IV.
401 2008 515 2060 Quin
543 2007 670 2050 etiam
706 2006 827 2066 quod
855 2007 944 2065 ipsa
967 2013 1115 2049 aestate
1143 2004 1352 2048 litterario
1377 2003 1518 2048 labori
1544 2004 1612 2047 ni-

232 2079 318 2121 mio
350 2077 500 2136 pulmo
529 2092 650 2120 meus
682 2077 834 2120 cedere
863 2084 1078 2134 coeperat,
1115 2083 1158 2118 et
1184 2073 1421 2118 difficulter
1442 2074 1612 2118 trahere

234 2148 431 2206 suspiria,
447 2146 758 2206 doloribusque
780 2145 966 2205 pectoris
987 2145 1132 2190 testari
1148 2159 1191 2189 se
1208 2143 1417 2199 saucium,
1435 2158 1611 2188 vocem-

234 2232 321 2277 que
342 2216 566 2261 clariorem
590 2216 966 2275 productioremve
987 2229 1201 2269 recusare,
1225 2214 1366 2274 primo
1388 2214 1613 2273 perturba-

234 2295 354 2332 verat
374 2302 465 2341 me,
485 2287 588 2347 quia
610 2286 842 2345 magisterii
858 2285 973 2330 illius
995 2285 1205 2329 sarcinam
1224 2300 1334 2344 pene
1359 2285 1449 2344 jam
1470 2299 1614 2328 neces-

235 2359 359 2402 sitate
388 2357 606 2416 deponere
633 2356 836 2415 cogebat,
883 2365 958 2400 aut
990 2355 1026 2400 si
1061 2355 1203 2400 curari
1235 2364 1277 2399 et
1317 2354 1615 2399 convalescere

236 2427 470 2486 potuissem
483 2461 494 2481 ‚
538 2435 654 2470 certe
693 2425 993 2469 intermittere.
1044 2425 1128 2470 Sed
1155 2424 1232 2468 ubi
1261 2423 1391 2484 plena
1422 2423 1624 2468 voluntas

236 2496 440 2551 vacandi,
472 2505 515 2540 et
529 2495 707 2541 videndi
725 2495 931 2555 quoniam
948 2504 998 2539 tu
1018 2510 1062 2539 es
1082 2494 1294 2539 Dominus
1308 2529 1319 2550 ‚
1344 2494 1498 2539 oborta
1515 2494 1622 2538 mihi

287 2589 294 2605 ¹
323 2581 404 2613 Psal.
423 2581 601 2621 Lxxx111‚6‚
622 2592 652 2622 7.
674 2598 714 2603 -
732 2581 805 2612 21d.
828 2590 911 2621 cxix,
932 2579 1004 2612 3-5.
