1871 3162
300 246 380 282 112
728 259 760 285 s.
800 257 1032 286 Aucusnm
1065 259 1245 287 Emscom

293 319 591 383 damnandum
623 321 735 366 illud
756 321 877 382 quod
904 322 1105 367 tenebam
1128 323 1229 383 quia
1250 321 1511 366 defensionis
1533 330 1674 381 partes

292 392 598 450 aequabantur.
615 395 681 436 Ita
699 392 813 436 enim
829 391 1041 437 catholica
1057 409 1146 437 non
1162 393 1271 437 mihi
1291 392 1404 437 victa
1424 390 1671 448 videbatur,

291 469 341 505 ut
361 461 560 507 nondum
581 464 712 507 etiam
732 463 884 507 victrix
905 473 1145 522 appareret.

348 534 488 577 XXV.
525 536 647 578 Tunc
664 548 766 578 vero
783 532 952 578 fortiter
965 534 1133 578 intendi
1151 534 1362 588 animum,
1382 533 1416 577 si
1433 547 1522 592 quo
1538 532 1671 577 modo

288 617 457 660 possem
475 605 600 648 certis
618 603 833 665 aliquibus
848 603 1121 650 documentis
1138 605 1399 649 Manichaeos
1413 603 1671 648 convincere

245 678 249 692 ¹
288 670 500 718 falsitatis.
518 675 644 726 Quod
662 675 696 718 si
719 690 888 734 possem
908 674 1142 735 spiritalem
1160 673 1443 718 substantiam
1460 673 1666 731 cogitare,

287 743 431 787 statim
451 745 799 790 machinamenta
820 745 893 790 illa
915 746 1060 791 omnia
1082 745 1353 790 solverentur
1369 754 1411 788 et
1428 744 1671 805 abjiceren-

287 821 359 856 tur
389 828 440 857 ex
470 815 615 860 animo
647 831 770 874 meo3
806 816 882 860 sed
913 832 1002 861 non
1035 825 1246 875 poteram.
1272 818 1584 859 Verumtamen
1617 813 1671 857 de

286 883 378 942 ipso
399 885 552 929 mundi
580 887 709 947 hujus
740 903 920 947 corpore
952 889 1159 948 omnique
1187 896 1342 931 natura
1365 900 1496 946 quam
1521 899 1670 929 sensus

285 955 422 999 carnis
461 957 706 1015 attingeret,
743 958 878 1002 multa
911 957 1203 1016 probabiliora
1235 956 1464 1017 plerosque
1492 956 1670 1000 sensisse

284 1025 579 1086 philosophos,
596 1028 730 1087 magis
748 1029 968 1088 magisque
979 1027 1254 1073 considerans
1271 1037 1401 1087 atque
1415 1041 1670 1085 comparans

278 1096 546 1155 judicabam.
575 1102 726 1157 Itaque
748 1100 1093 1143 academicorum
1119 1114 1252 1151 more,
1290 1100 1399 1143 sicut
1421 1098 1668 1142 existiman-

283 1176 370 1222 tur,
383 1168 588 1212 dubitans
602 1169 656 1212 de
671 1170 874 1213 omnibus
890 1181 1020 1229 atque
1034 1170 1147 1213 inter
1167 1170 1312 1213 omnia
1330 1170 1561 1224 fluctuans,
1578 1173 1669 1214 Ma-

281 1239 470 1283 nichaeos
485 1238 664 1299 quidem
687 1239 994 1299 relinquendos
1015 1255 1104 1283 esse
1123 1239 1295 1284 decrevi
1314 1260 1321 1284 ;
1341 1256 1429 1284 non
1454 1240 1667 1284 arbitrans

281 1323 332 1352 eo
358 1309 451 1367 ipso
480 1319 675 1369 tempore
705 1309 990 1354 dubitationis
1010 1325 1116 1353 meae
1137 1310 1182 1353 in
1204 1310 1277 1353 illa
1299 1319 1413 1353 secta
1436 1310 1543 1353 mihi
1566 1325 1666 1369 per-

279 1380 547 1423 manendum
570 1395 675 1434 esse,
697 1381 766 1423 cui
783 1381 871 1439 jam
888 1379 1122 1424 nonnullos
1140 1378 1420 1439 philosophos
1435 1395 1663 1438 praepone-

277 1447 377 1492 bam
394 1469 404 1505 3
425 1449 585 1509 quibus
603 1459 748 1493 tamen
766 1449 1032 1509 philosophis
1053 1450 1171 1510 quod
1189 1449 1280 1493 sine
1296 1450 1472 1493 nomine
1489 1450 1666 1494 salutari

277 1519 438 1563 Christi
460 1529 615 1575 essent,
637 1521 902 1564 curationem
923 1519 1144 1578 languoris
1167 1520 1322 1563 animae
1344 1535 1452 1563 meae
1469 1521 1666 1564 commit-

276 1597 366 1633 tere
389 1591 567 1634 omnino
590 1585 855 1634 recusabam.
885 1591 1025 1635 Statui
1046 1606 1148 1649 ergo
1172 1590 1325 1634 tandiu
1347 1606 1435 1634 esse
1458 1591 1663 1635 catechu-

275 1675 430 1704 menus
455 1661 500 1704 in
522 1661 735 1705 catholica
758 1661 947 1705 Ecclesia
980 1661 1085 1704 mihi
1109 1677 1131 1704 a
1158 1661 1409 1720 parentibus
1439 1677 1663 1705 commen·

275 1729 391 1787 data,
417 1730 557 1776 donec
579 1731 757 1792 aliquid*
767 1732 873 1776 certi
894 1730 1085 1776 eluceret
1105 1746 1195 1791 quo
1216 1746 1391 1775 cursum
1412 1731 1658 1790 dirigerem.
