1871 3162
672 239 1019 277 com-Essmmum,
1053 240 1137 266 Lm.
1173 240 1268 267 v111.
1556 231 1636 270 189

260 432 1639 451 mmmmmmmmwwwummmmmmwmmmmmmnwvwmwu

814 578 1029 627 CAPUT
1055 580 1118 626 X.

288 744 533 791 Adversus
569 744 874 791 Manz'chaeos
912 748 995 805 (μα’
1027 762 1089 790 ex
1129 745 1317 792 duabus
1356 748 1612 792 contrariis

347 815 675 862 voluntatibus
718 816 841 862 duas
878 817 1151 863 contrarias
1184 828 1388 864 naturas
1425 833 1611 864 asseve-

344 897 470 932 rant.

312 1059 456 1101 XXII.
478 1060 681 1102 PEREANT
698 1073 721 1101 a
734 1056 842 1102 facie
854 1066 945 1112 tua,
967 1060 1077 1102 Deus
1094 1092 1104 1112 ,
1122 1058 1247 1101 sicuti
1262 1066 1447 1115 pereunt
1469 1059 1639 1103 vanilo-

253 1127 329 1185 qui
343 1136 385 1170 et
398 1128 555 1170 mentis
568 1126 832 1181 seductores,
844 1127 1035 1186 quicum
1048 1126 1155 1170 duas
1164 1126 1409 1171 voluntates
1423 1128 1465 1170 in
1479 1128 1638 1172 delibe-

252 1195 389 1240 rando
405 1195 802 1250 animadverterint,
820 1197 926 1240 duas
938 1205 1113 1241 naturas
1123 1196 1309 1240 duarum
1324 1198 1538 1240 mentium
1551 1213 1638 1241 esse

252 1275 517 1321 asseverant,
539 1281 670 1310 unam
692 1267 853 1310 bonam
869 1301 880 1321 ,
907 1266 1086 1310 alteram
1108 1266 1281 1310 malam.
1309 1267 1395 1324 Ipsi
1415 1282 1514 1310 vere
1537 1267 1638 1311 mali

251 1345 376 1391 sunt,
402 1352 502 1380 cum
530 1337 608 1380 ista
631 1336 742 1380 mala
765 1337 981 1394 sentiunt3
1011 1345 1055 1380 et
1071 1336 1202 1380 iidem
1226 1336 1306 1395 ipsi
1330 1336 1433 1380 boni
1456 1347 1584 1381 erunt
1604 1337 1638 1380 si

251 1421 349 1450 vera
367 1407 599 1460 senserint,
623 1407 824 1465 verisque
847 1407 1168 1461 consenserint,
1194 1416 1243 1450 ut
1271 1406 1387 1450 dicat
1416 1406 1474 1450 eis
1495 1410 1637 1466 Apos-

252 1475 364 1520 tolus
380 1485 480 1520 tuus
507 1495 515 1520 :
541 1494 560 1517 «
587 1476 744 1519 Fuistis
764 1476 998 1535 aliquando
1020 1477 1233 1531 tenebrae,
1258 1492 1376 1520 nuuc
1400 1485 1544 1521 autem
1563 1477 1637 1520 lux

253 1565 274 1587 »
310 1547 355 1589 in
374 1545 559 1590 Domino
574 1548 605 1589 ¹.
630 1564 649 1587 »
675 1545 750 1589 Isti
783 1546 898 1588 enim
932 1546 1038 1589 dum
1059 1546 1214 1590 volunt
1235 1562 1325 1591 esse
1349 1547 1445 1602 lux,
1480 1563 1570 1591 non
1592 1548 1638 1591 in

251 1618 438 1662 Domino
453 1652 464 1672 ,
483 1618 560 1661 sed
580 1617 626 1660 in
647 1631 691 1660 se
708 1616 825 1674 ipsis,
841 1618 1039 1675 putando
1054 1618 1209 1660 animae
1225 1626 1424 1661 naturam
1447 1619 1531 1662 hoc
1549 1634 1638 1663 esse

250 1689 371 1749 quod
394 1691 508 1732 Deus
525 1696 611 1745 est,
631 1688 690 1731 ita
705 1686 806 1731 tacti
823 1696 926 1736 suut
947 1687 1164 1732 densiores
1183 1688 1374 1732 tenebrae
1396 1707 1406 1733 2
1430 1689 1636 1748 quoniam

249 1757 422 1818 longius
449 1773 473 1802 a
500 1767 543 1802 te
574 1766 842 1802 recesserunt
870 1757 1086 1802 horrenda
1115 1758 1359 1815 arrogantia
1376 1792 1387 1812 ,
1419 1774 1441 1801 a
1468 1767 1511 1801 te
1534 1774 1636 1803 vero

249 1829 415 1872 lumine
436 1828 711 1872 illuminante
734 1842 908 1871 omnem
938 1828 1161 1871 hominem
1183 1828 1429 1871 venientem
1451 1828 1495 1870 in
1518 1829 1636 1873 hunc

249 1898 467 1942 mundum
486 1902 519 1941 ².
545 1896 772 1942 Attendite
793 1897 901 1956 quid
927 1896 1100 1951 dicatis,
1133 1907 1175 1941 et
1199 1897 1466 1955 erubescite,
1492 1907 1536 1942 et
1561 1915 1633 1943 ae·-

251 1970 391 2014 cedite
414 1969 469 2013 ad
491 1984 591 2012 eum
620 1978 663 2012 et
685 1967 1013 2022 illuminamini,
1039 1978 1082 2012 et
1098 1967 1245 2012 vultus
1265 1969 1394 2012 vestri
1414 1985 1503 2013 non
1533 1985 1634 2014 eru-

250 2039 472 2085 bescentss.
501 2043 593 2098 Ego
611 2054 713 2084 cum
735 2038 1032 2082 deliberabam
1055 2047 1103 2082 ut
1121 2039 1211 2098 jam
1229 2039 1432 2083 servirem
1450 2041 1634 2086 Domino

248 2113 339 2156 Deo
361 2127 457 2156 meo
474 2146 486 2166 ,
511 2111 620 2155 sicut
637 2111 713 2154 diu
735 2109 1030 2168 disposueram
1049 2143 1059 2163 ,
1080 2124 1161 2167 ego
1179 2123 1295 2152 eram
1313 2110 1389 2169 qui
1413 2110 1629 2173 volebam,

249 2197 330 2241 ego
349 2183 425 2242 qui
448 2181 649 2227 nolebam
663 2217 674 2236 ‚
689 2196 770 2240 ego
795 2195 873 2238 ego
895 2195 1027 2223 eram.
1052 2182 1142 2225 Nec
1159 2179 1287 2238 plene
1309 2180 1531 2237 volebam,
1551 2198 1632 2226 nec

250 2253 378 2313 plene
399 2252 617 2296 nolebam.
638 2251 743 2295 Ideo
764 2265 936 2294 mecum
959 2249 1277 2294 contendebam
1296 2285 1307 2305 ,
1328 2260 1370 2294 et
1393 2249 1632 2311 dissipabar

251 2339 272 2367 a
295 2339 365 2366 me
382 2323 488 2382 ipso.
510 2325 566 2365 Et
586 2322 676 2379 ipsa
699 2320 919 2379 dissipatio
941 2335 1010 2363 me
1030 2319 1167 2363 invito
1189 2320 1365 2379 quidem
1387 2321 1535 2377 fiebat,
1550 2338 1631 2367 nec

251 2403 397 2437 tamen
431 2391 685 2436 ostendebat
720 2400 921 2433 naturam
945 2390 1100 2433 mentis
1138 2389 1288 2432 alienae
1305 2424 1315 2444 ,
1353 2390 1426 2434 sed
1451 2406 1630 2450 poenam

251 2480 373 2509 meae.
399 2466 456 2507 Et
479 2462 577 2507 ideo
595 2477 684 2506 non
700 2462 788 2521 jam
810 2475 890 2519 ego
912 2460 1123 2519 operabar
1143 2459 1284 2515 illam,
1308 2460 1383 2505 sed
1402 2462 1521 2521 quod
1548 2463 1627 2508 ha-

300 2582 306 2597 ¹
333 2574 445 2616 Ephes.
465 2584 495 2614 v,
515 2573 545 2605 8.
567 2589 606 2595 —-
627 2579 638 2594 Ἰ
652 2574 741 2604 Joan.
757 2581 779 2613 ι)
803 2581 844 2612 19
876 2587 916 2592 --
937 2567 950 2593 3
969 2568 1051 2601 l’sal.
1075 2579 1183 2610 xxxm,
1201 2570 1232 2601 6.
