1871 3162
309 188 364 228 42
743 199 778 229 s.
813 200 1044 228 aucus-nm
1074 199 1257 227 nmscom

814 501 1030 551 CAPUT
1066 502 1156 548 IX.

619 658 918 720 Contagiosa
937 672 1012 701 res
1033 653 1227 700 sodales
1247 652 1382 699 mali.

368 817 511 859 XVII.
544 817 661 867 Qum
682 823 775 858 erat
801 814 873 857 ille
894 813 1076 857 affectus
1098 812 1256 855 animi?
1273 812 1400 856 Certe
1423 810 1540 854 enim
1561 809 1690 869 plane

310 887 446 945 turpis
482 895 574 928 erat
606 885 761 941 nimis;
785 894 828 928 et
849 900 913 927 vae
946 884 1053 927 mihi
1087 892 1177 926 erat
1200 883 1276 941 qui
1306 882 1526 926 habebam
1547 879 1688 924 illum.
1756 911 1759 913 Α
1831 878 1834 891 ’

311 955 395 1000 Sed
417 965 563 999 tamen
584 953 693 1015 quid
727 956 847 998 erat?
875 952 1080 997 «Delicta
1110 952 1207 1011 quis
1239 951 1500 1010 int2lligit1?
1520 968 1540 991 »
1567 950 1693 993 Risus

309 1035 400 1070 erat
417 1061 428 1080 ‚
462 1026 586 1086 quasi
607 1024 781 1068 titillato
809 1023 961 1078 corde,
987 1022 1109 1083 quod
1130 1022 1391 1067 fallebamus
1412 1037 1484 1065 eos
1507 1022 1582 1080 qui
1600 1021 1695 1064 haec

310 1111 334 1139 a
357 1095 483 1139 nobis
504 1095 597 1138 fieri
613 1109 703 1138 non
724 1094 961 1152 putabant,
988 1102 1030 1136 et
1051 1092 1332 1136 vehementer
1353 1090 1578 1134 nolebant.
1604 1091 1694 1134 Cur

310 1180 410 1223 ergo
432 1181 483 1209 eo
506 1180 574 1208 me
604 1163 850 1208 delectabat
869 1198 880 1217 ‚
905 1179 994 1223 quo
1017 1162 1063 1206 id
1089 1177 1180 1205 non
1206 1160 1420 1205 faciebam
1455 1159 1603 1204 solus?
1625 1162 1712 1214 An,

310 1237 412 1296 quia
435 1236 564 1279 etiam
586 1250 715 1278 nemo
733 1234 860 1278 facile
881 1233 997 1278 solus
1019 1232 1159 1276 ridet?
1178 1235 1316 1278 Nemo
1336 1232 1515 1290 quidem
1537 1229 1663 1274 facile
1681 1251 1692 1288 3

311 1306 386 1350 sed
405 1315 549 1349 tamen
567 1306 696 1348 etiarn
714 1305 825 1348 solos
848 1313 890 1348 et
912 1303 1101 1361 singulos
1117 1302 1314 1345 homines
1330 1336 1341 1356 ,
1366 1316 1466 1345 cum
1489 1301 1597 1344 alius
1615 1315 1695 1344 ne-

311 1392 383 1420 mo
404 1391 592 1435 praesens
614 1384 706 1429 est,
731 1374 866 1418 vincit
888 1374 996 1417 risus
1018 1372 1250 1432 aliquando
1266 1406 1277 1426 ,
1312 1372 1345 1414 si
1373 1369 1538 1429 aliquid
1561 1370 1696 1414 nimie

311 1445 545 1490 ridiculum
561 1479 572 1499 ‚
592 1445 661 1488 vel
682 1444 877 1488 sensibus
897 1443 1083 1487 occurrit
1098 1476 1109 1496 ,
1126 1440 1198 1484 vel
1220 1441 1380 1485 animo.
1408 1444 1465 1484 At
1486 1455 1564 1498 ego
1583 1439 1697 1485 illud

311 1516 426 1560 solus
448 1531 537 1559 non
559 1514 770 1569 facerem,
802 1529 892 1558 non
914 1512 1104 1557 facerem
1126 1511 1305 1556 omnino
1337 1511 1467 1555 solus.
1496 1513 1608 1555 Ecce
1634 1519 1698 1554 est

313 1600 458 1631 coram
475 1595 517 1629 te
531 1620 542 1639 ,
565 1588 678 1628 Deus
694 1599 815 1628 meus
833 1619 845 1639 ‚
870 1584 966 1628 viva
990 1581 1233 1626 recordatio
1251 1581 1405 1625 animae
1422 1596 1545 1624 meae.
1572 1580 1700 1626 Solus

313 1672 402 1701 non
417 1656 607 1699 facerem
626 1652 795 1714 furtum
818 1652 942 1708 illud,
956 1653 1001 1696 in
1016 1667 1104 1712 quo
1122 1666 1191 1695 me
1213 1667 1302 1696 non
1323 1650 1489 1695 libebat
1511 1650 1556 1695 id
1578 1650 1699 1710 quod

314 1725 517 1779 furabar,
547 1723 623 1769 sed
652 1724 754 1784 quia
776 1723 954 1767 furabar
978 1742 988 1767 ε
1012 1721 1133 1782 quod
1152 1736 1219 1765 me
1244 1721 1385 1765 solum
1410 1721 1549 1766 facere
1570 1736 1698 1780 pror—

314 1811 385 1839 sus
406 1810 495 1839 non
515 1793 672 1838 liberet
687 1828 698 1848 ,
722 1808 803 1837 nec
841 1791 1042 1837 facerem.
1069 1792 1106 1835 Ο
1129 1791 1255 1835 nimis
1284 1790 1458 1834 inimica
1481 1789 1668 1834 amicitia
1683 1824 1696 1845 ‚

314 1865 509 1911 seductio
537 1865 693 1909 mentis
723 1863 1056 1923 investigabilis,
1091 1878 1144 1906 ex
1174 1861 1282 1907 ludo
1303 1871 1346 1907 et
1375 1863 1475 1922 joco
1505 1860 1694 1906 nocendi

315 1936 511 1990 aviditas,
530 1945 573 1980 et
594 1934 723 1979 alieni
743 1935 891 1979 damni
912 1930 1129 1993 appetitus
1149 1951 1158 1977 :
1183 1931 1305 1975 nulla
1325 1931 1436 1976 lucri
1454 1931 1555 1985 mei,
1572 1930 1694 1975 nulla

315 2006 553 2051 ulciscendi
573 2005 751 2050 libidine
774 2024 784 2050 ι
803 2004 879 2050 sed
894 2020 996 2050 cum
1017 2003 1176 2048 dicitur
1199 2023 1212 2047 ι
1235 2004 1395 2047 Eamus
1411 2037 1423 2056 ‚
1448 2000 1662 2046 faciamus
1681 2021 1693 2058 3

315 2086 359 2121 et
384 2076 518 2136 pudet
539 2091 629 2120 non
650 2090 740 2120 esse
756 2075 1074 2134 impudentem.

367 2188 377 2206 ¹
395 2183 477 2217 Psal.
495 2193 586 2225 xvm,
612 2183 666 2215 13.
