1871 3162
210 226 293 265 366
348 246 353 249 ν
631 235 665 265 5.
702 235 929 265 Auens-nm
962 237 1143 265 Emscorr

207 408 1587 427 mmmmmtmmmmwmmmmmmm

719 542 937 592 CAPUT
981 545 1066 591 lV.

499 698 633 744 Deus
655 714 751 744 non
768 707 874 761 eget
896 696 1034 743 rebus
1054 695 1274 743 conditis.

267 869 319 910 V.
346 869 462 920 Qum
493 881 597 925 ergo
628 865 706 910 tibi
728 865 894 910 deesset
914 865 969 909 ad
992 866 1160 910 bonum
1181 865 1304 925 quod
1330 873 1382 909 tu
1414 864 1495 908 tibi
1522 878 1592 918 es,

209 936 372 982 etiamsi
388 936 468 981 ista
488 935 559 980 vel
579 937 758 980 omnino
775 935 894 979 nulla
918 944 1078 990 essent,
1096 935 1166 979 vel
1179 933 1383 980 informia
1403 948 1597 977 remane-

209 1016 330 1062 rent,
350 1021 450 1066 quae
471 1021 562 1050 non
592 1021 644 1050 ex
676 1005 916 1065 indigentia
943 1005 1110 1060 fecisti,
1137 1004 1213 1049 sed
1244 1020 1295 1049 ex
1323 1003 1598 1063 plenitudine

209 1077 416 1121 bonitatis
432 1086 521 1120 tuae
535 1110 546 1131 ,
564 1076 773 1120 cohibens
788 1084 919 1135 atque
934 1075 1193 1119 convertens
1211 1074 1267 1119 ad
1283 1073 1469 1118 formam
1482 1107 1493 1128 ,
1508 1087 1598 1117 non

209 1157 260 1192 ut
282 1157 490 1208 tanquam
518 1157 645 1191 tuum
667 1147 873 1205 gaudium
903 1146 1175 1206 compleatur
1207 1161 1258 1190 ex
1287 1146 1373 1189 eis?
1394 1143 1598 1188 Perfecto

211 1219 325 1262 enim
356 1218 437 1262 tibi
459 1218 658 1277 displicet
675 1233 827 1261 eorum
854 1216 1146 1277 imperfectio,
1166 1226 1217 1261 ut
1233 1232 1283 1260 ex
1305 1225 1349 1259 te
1366 1215 1599 1275 perfician-

211 1297 283 1333 tur
302 1298 344 1332 et
367 1289 442 1332 tibi
467 1288 686 1347 placeant,
704 1303 793 1331 non
811 1297 955 1332 autem
971 1286 1228 1346 imperfecto
1245 1295 1454 1345 tanquam
1483 1293 1526 1328 et
1550 1293 1600 1327 tu

211 1375 361 1405 eorum
380 1358 649 1419 perfectione
676 1360 966 1418 perficiendus
992 1360 1060 1402 sis.
1097 1378 1117 1400 «
1153 1358 1335 1418 Spiritus
1358 1357 1472 1400 enim
1497 1365 1600 1399 tuus

214 1449 234 1471 »
271 1430 412 1473 bonus
429 1428 779 1488 superferebatur
801 1444 928 1487 super
951 1443 1084 1488 aquas
1109 1431 1142 1483 1,
1159 1446 1179 1468 η
1200 1442 1289 1471 non
1305 1426 1527 1471 ferebatur
1544 1425 1599 1468 ab

212 1501 270 1544 eis
284 1509 490 1559 tanquam
506 1500 551 1542 in
565 1500 623 1543 eis
641 1500 942 1559 requiesceret.
962 1501 1014 1542 In
1029 1498 1188 1558 quibus
1205 1498 1320 1541 enim
1333 1496 1600 1555 requiescere

213 1571 373 1615 dicitur
397 1569 579 1629 Spiritus
607 1580 707 1614 tuus
730 1570 872 1614 bonus
885 1573 918 1623 2,
942 1570 1022 1613 hos
1043 1569 1089 1611 in
1117 1583 1161 1612 se
1188 1567 1455 1627 requiescere
1477 1565 1595 1620 facit,

215 1640 299 1686 Sed
329 1640 681 1699 superferebatur
702 1638 1043 1698 incorruptibilis
1065 1647 1108 1681 et
1128 1636 1497 1681 incommutabilis
1519 1652 1600 1679 vo-

213 1711 358 1755 luntas
381 1719 478 1763 tua,
502 1711 592 1768 ipsa
615 1711 659 1753 in
682 1725 726 1753 se
747 1710 829 1753 sibi
851 1708 1095 1763 sufficiens,
1119 1724 1248 1767 super
1269 1722 1364 1751 eam
1387 1721 1518 1766 quam
1531 1705 1600 1750 fe-

214 1797 331 1826 ceras
362 1781 521 1834 vitam,
546 1780 617 1823 cui
641 1795 729 1823 non
753 1791 815 1823 est
838 1780 920 1823 hoc
941 1780 1087 1823 vivere
1119 1778 1239 1838 quod
1269 1778 1396 1822 beate
1430 1779 1596 1830 vivere,

214 1853 316 1913 quia
339 1852 446 1895 vivit
460 1852 586 1895 etiam
603 1851 778 1895 fluitans
800 1851 844 1894 in
864 1851 1126 1894 obscuritate
1140 1866 1217 1893 sua
1234 1870 1244 1906 3
1265 1850 1335 1894 cui
1353 1857 1483 1892 restat
1493 1864 1601 1892 con—

215 1922 327 1967 verti
361 1920 417 1965 ad
447 1936 546 1964 eum
562 1929 604 1964 *a
627 1937 714 1979 quo
739 1920 851 1964 facta
883 1929 968 1977 cst,
992 1929 1034 1963 et
1055 1919 1191 1978 magis
1212 1918 1435 1977 magisque
1457 1918 1601 1962 vivere

218 1993 335 2053 apud
362 1991 526 2036 fontem
555 1993 681 2046 vitae,
702 2001 745 2036 et
772 1992 816 2035 in
844 1991 1010 2035 lumine
1045 1992 1137 2050 ejus
1170 1991 1318 2034 videre
1344 1990 1535 2042 lumen³‚
1559 1997 1602 2031 et

218 2064 367 2126 perfici
388 2099 399 2118 ,
425 2072 467 2106 et
488 2063 718 2118 illustrari,
744 2072 786 2107 et
809 2063 945 2106 beari.

264 2175 276 2195 ¹
291 2174 370 2205 Gen.
390 2181 413 2210 1,
432 2179 464 2202 2.
487 2187 517 2193 -
544 2178 556 2193 ²
575 2173 648 2203 lsai.
670 2182 715 2211 ῃ,
732 2180 762 2203 2.
783 2186 823 2193 -
845 2167 857 2192 3
877 2168 956 2200 Psal.
977 2179 1076 2209 xxxv,
1097 2179 1147 2200 10.
