1871 3162
557 249 874 278 CONFESSIONUM
885 268 897 287 ,
932 251 1014 277 Lm.
1051 253 1082 278 11
1091 268 1099 277 .
1455 240 1505 280 41

138 434 276 450 mmmm
281 433 1507 452 wmmwummmwmmmmmwmmmwum

624 564 839 613 CAPUT
873 566 1017 612 VIII.

193 723 391 769 Amavit
412 723 460 767 in
475 721 621 784 farto
642 721 931 767 consortium
964 718 1108 766 simul
1127 722 1449 780 peccantium.

191 882 311 924 XVI.
338 882 470 933 QUEM
492 879 684 924 fructum
708 879 843 923 habui
864 880 993 923 miser
1015 877 1250 938 aliquando
1271 879 1316 922 in
1344 878 1392 922 iis
1413 894 1512 939 quae

133 966 251 995 nunc
280 951 472 995 recolens
503 951 737 995 erubesco²
767 970 775 995 :
806 950 990 993 maxime
1023 950 1067 994 in
1087 949 1162 993 illo
1195 948 1313 994 furto
1350 950 1395 992 in
1424 965 1512 1008 quo

132 1022 275 1080 ipsum
286 1021 451 1065 furtum
468 1021 634 1065 amavi?
651 1021 767 1066 Nihil
781 1020 922 1069 aliud2
939 1036 1037 1064 cum
1057 1029 1099 1063 et
1115 1021 1256 1078 ipsum
1271 1020 1509 1073 essetnihil‚

133 1101 176 1135 et
191 1107 241 1136 eo
258 1093 351 1150 ipso
373 1105 450 1149 ego
471 1092 680 1135 miserior.
698 1094 753 1135 Et
767 1101 914 1135 tamen
931 1092 1046 1135 solus
1062 1092 1107 1134 id
1125 1106 1214 1135 non
1227 1090 1437 1145 fecissem,
1454 1092 1512 1135 sic

133 1161 335 1205 recordor
351 1161 543 1204 animum
565 1170 670 1205 tunc
691 1176 861 1217 meum3
884 1161 999 1204 solus
1020 1161 1199 1204 omnino
1219 1159 1266 1204 id
1283 1176 1372 1205 non
1388 1160 1515 1205 fecis·

112 1247 234 1276 -sem.
262 1235 378 1290 Ergo
402 1233 540 1275 amavi
561 1232 621 1274 ibi
644 1232 771 1275 etiam
795 1232 1059 1276 consortium
1082 1246 1254 1275 reorum
1283 1246 1382 1275 cum
1412 1232 1512 1290 qui-

132 1303 212 1345 bus
229 1301 274 1345 id
291 1301 373 1346 feci
387 1304 404 1345 Ξ)
417 1304 513 1346 Non
529 1317 630 1360 ergo
643 1301 752 1345 nihil
771 1301 889 1345 aliud
902 1316 1032 1361 quam
1046 1301 1212 1344 furtum
1230 1301 1368 1345 amavi
1384 1322 1394 1359 3
1408 1302 1514 1346 imo-

129 1386 232 1416 vero
250 1371 357 1415 nihil
380 1371 521 1426 aliud,
547 1372 648 1431 quia
670 1379 712 1415 et
729 1370 840 1414 illud
867 1370 975 1414 nihil
996 1379 1073 1414 est.
1100 1370 1216 1423 Quid
1238 1379 1301 1415 est
1332 1373 1513 1415 revera?

130 1442 234 1494 Quis
256 1450 320 1486 est
346 1442 421 1501 qui
442 1441 597 1486 doceat
617 1456 687 1485 me
702 1477 714 1496 ,
739 1441 821 1485 nisi
844 1440 919 1501 qui
946 1441 1162 1484 illuminat
1194 1456 1268 1485 cor
1299 1457 1447 1485 meum
1469 1451 1512 1486 et

129 1511 335 1555 discernit
355 1511 532 1556 umbras
555 1512 675 1571 ejus?
695 1511 803 1571 quid
823 1520 901 1567 est,
918 1510 1037 1571 quod
1060 1511 1164 1554 mihi
1183 1511 1302 1555 venit
1324 1512 1367 1555 in
1385 1527 1511 1555 men-

129 1590 218 1625 tem
236 1596 430 1640 quaerere
445 1616 456 1635 ,
484 1590 527 1625 et
554 1581 767 1625 discutere
783 1616 793 1635 ‚
819 1590 862 1625 et
884 1581 1188 1626 considerare?
1209 1581 1319 1634 Quia
1349 1582 1383 1625 si
1407 1590 1511 1625 tunc

130 1665 318 1695 amarem
340 1666 468 1711 poma
489 1650 563 1695 illa
584 1667 683 1711 quae
704 1650 872 1695 furatus
895 1667 1006 1706 sum,
1030 1661 1073 1696 et
1094 1652 1152 1696 eis
1173 1650 1261 1695 frui
1286 1666 1506 1710 cuperem,

128 1735 296 1780 possem
318 1723 447 1765 etiam
464 1720 594 1775 solus,
615 1722 647 1764 si
668 1721 767 1766 satis
789 1731 897 1765 esset
913 1722 1183 1767 committere
1205 1721 1323 1765 illam
1346 1722 1510 1780 iniqui-

128 1800 262 1835 tatem
280 1827 290 1845 ,
313 1807 397 1851 qua
418 1792 689 1851 pervenirem
702 1788 769 1836 'ad
779 1792 1047 1852 voluptatem
1065 1808 1204 1837 meam
1221 1814 1231 1850 3
1256 1808 1336 1837 nec
1353 1792 1510 1837 confri-

128 1862 298 1905 catione
315 1863 585 1906 consciornm
603 1863 845 1907 animorum
864 1863 1142 1907 accenderem
1154 1863 1368 1922 pruritum
1384 1862 1510 1921 cupi-

127 1930 272 1975 ditatis
294 1947 416 1976 meae.
457 1933 538 1976 Sed
568 1933 775 1991 quoniam
805 1934 852 1976 in
886 1933 969 1977 illis
998 1934 1136 1993 pomis
1169 1934 1368 1992 voluptas
1401 1933 1508 1976 mihi

127 2018 216 2046 non
238 2013 350 2058 erat,
376 2019 423 2047 ea
446 2013 536 2047 erat
557 2004 601 2046 in
622 2004 714 2063 ipso
736 2004 954 2058 facinore,
978 2020 1109 2090 quam
1128 2004 1314 2048 faciebat
1331 2019 1507 2049 consor-

126 2073 236 2116 tium
258 2073 386 2117 simul
403 2074 690 2133 peccantium

174 2184 303 2213 tRom.
328 2193 370 2220 vn,
387 2191 439 2213 ¹21.
