1871 3162
571 290 889 319 com-Essmmm
901 309 911 329 ,
947 292 1028 318 mn.
1064 292 1112 317 11.
1470 281 1523 321 35

152 462 1530 483 mmmmmmwwmmwmmmm

627 593 845 643 CAPUT
888 595 973 642 IV.

357 749 569 794 Furtum
589 764 697 794 cum
717 747 965 794 sodalibus
981 756 1328 809 perpetratam.

219 909 296 950 IX.
318 909 506 951 FURTUM
528 916 643 952 certe
664 907 790 965 punit
810 904 879 950 lex
900 915 990 960 tua,
1011 905 1210 960 Domine,
1231 915 1274 950 et
1289 905 1358 949 lex
1380 906 1539 966 scripta

157 976 202 1019 in
223 976 426 1020 cordibus
448 976 692 1030 hominum,
712 991 843 1035 quam
861 991 915 1019 ne
937 977 1025 1034 ipsa
1048 975 1227 1035 quidem
1244 975 1362 1019 delet
1378 976 1540 1035 iniqui-

157 1053 235 1089 tas.
263 1046 367 1098 Quis
395 1046 511 1089 enim
549 1045 619 1089 fur
653 1061 781 1105 aequo
815 1046 958 1089 animo
980 1044 1123 1088 furem
1147 1045 1339 1104 patitur?
1360 1061 1439 1089 nec
1462 1061 1539 1090 co-

157 1117 302 1175 piosus
320 1116 520 1161 adactum
544 1117 771 1175 inopia.Et
792 1131 870 1173 ego
891 1116 1059 1160 furtum
1083 1114 1224 1160 facere
1237 1117 1356 1160 volui
1378 1126 1420 1160 et
1438 1116 1536 1172 feci,

158 1186 279 1229 nulla
306 1186 554 1244 compulsus
576 1195 764 1243 egestate
781 1200 861 1229 nec
883 1186 1063 1244 penuria
1080 1220 1091 1240 ,
1117 1185 1193 1229 sed
1218 1184 1390 1231 fastidio
1408 1188 1539 1247 justi-

157 1256 228 1299 tiae
246 1290 256 1310 ,
281 1265 324 1300 et
344 1256 490 1315 sagina
513 1256 765 1315 iniquitatis.
792 1258 899 1300 Nam
923 1255 968 1299 id
985 1255 1154 1299 furatus
1173 1271 1269 1300 sum
1292 1257 1411 1316 quod
1434 1257 1539 1301 mihi

158 1327 425 1381 abundabat,
445 1336 488 1370 et
503 1326 642 1371 multo
664 1326 831 1370 melius.
844 1329 931 1371 Nec
953 1342 1003 1371 ea
1023 1342 1068 1371 re
1083 1326 1283 1371 volebam
1306 1327 1391 1372 frui
1408 1344 1540 1388 quam

157 1395 275 1440 furto
298 1397 585 1456 appetebam3
623 1397 699 1440 sed
722 1397 816 1455 ipso
850 1395 968 1441 furto
1001 1405 1044 1440 et
1065 1406 1258 1455 peccato.
1286 1398 1426 1442 Arbor
1449 1407 1542 1443 erat

158 1467 276 1526 pirus
291 1467 335 1510 in
353 1467 508 1511 vicinia
525 1467 663 1511 vineae
684 1476 844 1510 nostrae
862 1467 1002 1526 pomis
1019 1477 1191 1522 onusta,
1205 1483 1286 1511 nec
1304 1466 1441 1512 forma
1459 1484 1540 1513 nec

157 1552 310 1596 sapore
329 1536 607 1581 illecebrosis,
623 1537 692 1581 Ad
707 1537 820 1581 hanc
841 1537 1144 1581 excutiendam
1170 1547 1300 1597 atque
1323 1547 1541 1597 asportan·

157 1606 279 1662 dam,
312 1607 561 1667 nequissimi
598 1606 909 1652 adolescentuli
937 1608 1200 1666 perreximus
1231 1617 1358 1652 nocte
1380 1609 1538 1652 intem-

154 1687 297 1737 pesta,
336 1693 566 1738 quousque
609 1677 764 1722 ludum
799 1678 854 1721 de
898 1678 1155 1737 pestilentiae
1193 1694 1313 1723 more
1348 1680 1393 1722 in
1430 1680 1538 1724 areis

157 1747 497 1806 produxeramus
514 1769 525 1805 3
541 1757 584 1792 et
601 1747 857 1792 abstulimus
873 1748 975 1792 inde
994 1764 1124 1793 onera
1141 1750 1348 1808 ingentia,
1376 1765 1465 1794 non
1483 1749 1538 1794 ad

156 1828 321 1862 nostras
344 1818 511 1877 epulas,
551 1819 626 1862 sed
647 1818 717 1862 vel
737 1818 1004 1878 projicienda
1026 1820 1191 1878 porcis,
1218 1821 1348 1864 etiam
1382 1821 1415 1864 si
1453 1821 1536 1864 ali-

156 1888 381 1948 quidinde
402 1889 691 1945 comedimus,
716 1889 822 1933 dum
845 1898 989 1933 tamen
1006 1890 1128 1935 fieret
1151 1907 1173 1934 a
1197 1891 1322 1935 nobis
1342 1892 1462 1951 quod
1485 1908 1538 1937 eo

155 1958 310 2002 liberet
332 1974 421 2018 quo
443 1974 532 2002 non
553 1958 714 2002 liceret.
740 1961 855 2002 Ecce
879 1974 953 2002 cor
974 1975 1120 2003 meum
1137 1995 1148 2014 ,
1175 1963 1310 2015 Deus,
1341 1977 1441 2006 ecce
1463 1978 1539 2007 cor

156 2046 302 2074 meum
331 2030 449 2090 quod
472 2030 693 2073 miseratus
723 2045 765 2072 es
787 2029 832 2072 in
862 2030 950 2072 imo
973 2029 1130 2086 abyssi.
1155 2031 1279 2074 Dicat
1308 2031 1388 2074 tibi
1419 2048 1549 2076 nunc¹

63 2114 65 2116 ·
93 2127 100 2131 -
157 2116 256 2145 ecce
278 2117 352 2145 cor
370 2115 515 2144 meum
531 2099 638 2160 quid
659 2099 721 2142 ibi
743 2100 992 2159 quaerebat,
1008 2109 1058 2144 ut
1075 2115 1206 2144 essem
1231 2102 1360 2159 gratis
1380 2102 1536 2158 malus,

158 2181 202 2216 et
222 2171 396 2216 malitiae
413 2186 520 2215 meae
542 2186 669 2214 causa
688 2170 807 2214 nulla
830 2180 939 2214 esset
960 2170 1040 2214 nisi
1059 2170 1234 2214 malitia.
1258 2172 1396 2216 Foeda
1418 2183 1536 2228 erat,

159 2251 202 2286 et
226 2242 364 2285 amavi
392 2257 486 2285 eam
514 2260 523 2285 :
559 2241 698 2284 amavi
726 2241 893 2299 perire,
934 2241 1072 2283 amavi
1103 2240 1323 2284 defectum
1361 2258 1538 2302 meum3

160 2328 249 2357 non
268 2312 378 2356 illud
401 2311 456 2356 ad
476 2312 595 2371 quod
616 2311 885 2365 deficiebam,
900 2311 976 2355 sed
994 2311 1214 2354 defectum
1237 2326 1381 2356 meum
1399 2314 1542 2372 ipsum

161 2382 298 2426 amavi
324 2382 497 2441 :turpis
529 2382 671 2425 anima
708 2390 751 2425 et
784 2380 994 2424 dissiliens
1028 2396 1050 2424 a
1084 2381 1359 2426 firmamento
1388 2391 1465 2428 tuo
1493 2384 1540 2428 in

163 2452 492 2507 exterminium,
528 2467 618 2496 non
658 2450 871 2495 dedecore
907 2449 1099 2510 aliquid,
1136 2449 1212 2494 sed
1246 2450 1433 2497 dedecus
1464 2470 1544 2514 ap-

163 2532 327 2582 petens.
