1871 3162
539 235 879 276 CONFESSIONUM,
917 238 999 264 Lm.
1035 238 1131 263 vm„
1423 230 1505 270 179

132 304 239 349 dum
259 304 444 349 servitur
458 301 631 346 libidini
647 337 658 356 ‚
681 302 794 348 tacta
810 310 873 346 est
895 300 1180 346 consuetudo.
1201 303 1258 345 Et
1279 301 1382 346 dum
1401 319 1507 348 con-

131 373 352 419 suetudini
372 388 461 417 non
477 372 702 428 resistitur,
728 370 840 416 facta
856 380 920 416 est
939 371 1181 416 necessitas,
1201 371 1368 423 Quibus
1389 375 1509 432 quasi

131 443 290 489 ansulis
310 443 484 488 sibimet
503 443 690 498 innexis,
715 442 832 487 unde
850 451 1047 487 catenam
1069 438 1307 501 appellavi,
1332 442 1509 486 tenebat

131 531 200 559 me
229 515 484 559 obstrictum
506 513 614 558 dura
633 513 830 559 servitus.
855 512 1068 557 Voluntas
1099 521 1245 556 autem
1273 527 1385 555 nova
1408 529 1510 572 quae

131 585 233 628 mihi
251 599 340 628 esse
361 593 554 643 coeperat
570 593 619 628 ut
642 592 684 628 te
701 577 828 642 gratis
850 582 1036 627 colerem
1053 617 1064 638 ,
1084 581 1258 642 fruique
1274 591 1317 626 te
1333 581 1507 638 vellem,

132 657 245 701 Deus
262 653 352 698 sola
373 664 488 698 certa
505 654 774 713 jucunditas,
796 651 992 697 nondum
1014 662 1104 696 erat
1126 652 1280 696 idonea
1304 653 1359 696 ad
1380 668 1510 711 supe-

132 724 309 768 randam
334 725 519 783 priorem
542 733 753 768 vetustate
776 725 1037 768 roboratam.
1064 726 1129 767 Ita
1147 724 1246 767 duae
1268 724 1512 768 voluntates

132 809 239 838 meae
257 829 267 849 ,
287 810 374 839 una
386 803 511 838 vetus
527 829 538 848 ,
559 795 640 839 alia
661 809 801 850 nova3
834 793 908 837 illa
941 792 1144 848 carnalis,
1175 793 1249 838 illa
1282 795 1482 854 spiritalis
1498 830 1509 850 ‚

132 865 426 923 confligebant
441 865 553 908 inter
572 880 632 919 se,
652 874 783 924 atque
810 863 1101 908 discordando
1127 863 1396 924 dissipabant
1418 867 1512 910 ani-

131 950 245 979 mam
269 949 426 978 meam.

189 1007 267 1050 XI.
289 1004 356 1049 Sic
377 1003 689 1062 intelligebam,
710 1018 778 1046 me
798 1003 897 1062 ipso
919 1004 1237 1062 experimento,
1253 1002 1298 1047 id
1315 1006 1434 1063 quod
1448 1004 1513 1048 le-

133 1090 293 1134 geram,
314 1074 536 1135 quomodo
561 1093 582 1116 «
607 1076 718 1119 Caro
735 1074 1060 1133 concupisceret
1076 1073 1278 1119 adversus
1299 1075 1514 1133 spiritum,

136 1163 156 1186 »
191 1155 234 1189 et
254 1146 428 1204 spiritus
442 1146 644 1188 adversus
658 1146 873 1188 carnem¹.
893 1162 913 1185 »
931 1146 1023 1202 Ego
1041 1143 1220 1203 quidem
1233 1144 1279 1188 in
1298 1154 1512 1204 utroque3

132 1217 207 1260 sed
223 1216 357 1274 magis
373 1231 453 1274 ego
470 1215 515 1258 in
538 1230 590 1259 eo
606 1213 727 1274 quod
747 1216 792 1258 in
814 1230 882 1259 me
899 1215 1196 1274 approbabam
1213 1252 1223 1270 ,
1250 1233 1382 1276 quam
1396 1217 1441 1260 in
1461 1233 1513 1262 eo

132 1285 251 1346 quod
271 1286 316 1329 in
339 1300 408 1329 me
437 1286 753 1344 improbabam.
778 1285 842 1328 lbi
875 1286 990 1328 enim
1016 1286 1152 1344 magis
1168 1288 1258 1346 jam
1292 1303 1381 1331 non
1411 1302 1515 1346 eg03

132 1356 232 1416 quia
251 1371 300 1399 ex
323 1370 477 1413 magna
498 1365 620 1414 parte
648 1355 694 1399 id
713 1355 909 1414 patiebar
930 1356 1089 1399 invitus
1103 1392 1119 1411 ‚
1144 1372 1275 1416 quam
1303 1357 1516 1402 faciebam

131 1426 295 1471 volens.
324 1426 408 1471 Sed
425 1435 570 1470 tamen
600 1425 871 1470 consuetudo
899 1426 1102 1470 adversus
1124 1442 1192 1470 me
1214 1428 1446 1487 pugnatior
1464 1443 1515 1472 ex

133 1513 202 1542 me
228 1496 340 1542 facta
368 1507 482 1552 erat,
513 1497 718 1556 quoniam
747 1495 896 1541 volens
920 1513 1007 1556 quo
1031 1496 1191 1541 nollem
1217 1513 1513 1557 perveneram.

134 1571 188 1613 Et
206 1568 302 1628 quis
319 1570 418 1628 jure
447 1567 788 1621 contradiceret,
823 1582 921 1611 cum
951 1577 1204 1626 peccantem
1231 1569 1345 1628 justa
1380 1585 1513 1628 poena

132 1641 417 1699 sequeretur?
453 1642 509 1682 Et
541 1654 630 1682 non
659 1647 750 1681 erat
765 1639 854 1698 jam
884 1637 957 1681 illa
994 1640 1232 1694 excusatio,
1270 1656 1357 1700 qua
1379 1640 1516 1684 videri

134 1710 241 1752 mihi
268 1709 459 1753 solebam
490 1718 716 1768 propterea
749 1707 947 1752 nondum
980 1724 1048 1752 me
1074 1719 1327 1769 contempto
1356 1711 1515 1755 saeculo

134 1779 290 1823 servire
314 1780 393 1823 tibi
410 1814 421 1834 ‚
461 1780 564 1838 quia
593 1779 756 1823 incerta
778 1779 885 1822 mihi
906 1788 1014 1823 esset
1035 1781 1255 1840 perceptio
1289 1782 1478 1826 veritatis
1504 1801 1513 1826 :

108 1859 112 1863 ’
131 1850 223 1908 jam
245 1850 361 1893 enim
383 1859 426 1893 et
442 1850 531 1908 ipsa
553 1858 668 1892 certa
691 1857 795 1892 erat.
817 1851 911 1907 Ego
929 1858 1073 1892 autem
1102 1849 1245 1894 adhuc
1266 1860 1378 1895 terra
1401 1851 1514 1895 obli-

136 1928 258 1977 gatus
287 1918 471 1963 militare
495 1919 574 1962 tibi
594 1919 843 1962 recusabam
858 1953 869 1973 ‚
893 1928 936 1963 et
957 1918 1278 1978 impedimentis
1312 1922 1516 1966 omnibus

135 1989 194 2033 sic
225 1989 432 2033 timebam
464 1987 676 2048 expediri,
716 1988 1088 2048 quemadmodum
1121 1989 1323 2049 impediri
1358 1993 1517 2036 timen-

135 2059 242 2103 dum
263 2069 341 2104 est.

194 2132 298 2173 XII.
321 2132 385 2173 Ita
414 2130 578 2174 sarcina
595 2129 766 2184 saeculi,
802 2129 923 2173 velut
952 2145 1103 2174 somno
1125 2131 1304 2186 assolet,
1330 2133 1514 2176 dulciter

137 2200 363 2261 premebar
382 2221 392 2256 3
416 2209 459 2244 et
475 2201 754 2259 cogitationes
774 2201 934 2261 quibus
954 2202 1198 2246 meditabar
1214 2203 1260 2246 in
1278 2212 1335 2258 te,
1357 2203 1515 2248 similes

139 2280 261 2316 erant
283 2271 510 2315 conatibus
531 2271 763 2330 expergisci
779 2271 1042 2327 volentium,
1066 2273 1142 2332 qui
1167 2282 1312 2318 tamen
1329 2275 1516 2334 superati

139 2342 303 2401 soporis
337 2340 564 2386 altitudine
598 2350 918 2400 remerguntur.
958 2345 1013 2386 Et
1042 2343 1151 2387 sicut
1184 2359 1313 2388 nemo
1345 2354 1408 2390 est
1441 2346 1518 2404 qui

141 2412 328 2458 dormire
364 2426 531 2471 semper
551 2411 676 2467 velit,
701 2411 985 2472 omniumque
1014 2418 1118 2458 sano
1146 2413 1311 2474 judicio
1344 2415 1519 2474 vigilare

140 2492 318 2543 praestat
342 2501 352 2528 ε
377 2482 525 2528 differt
553 2491 701 2529 tamen
721 2483 978 2544 plerumque
1000 2484 1133 2530 homo
1155 2499 1355 2531 somnum
1386 2502 1519 2533 excu-

191 2576 202 2594 ¹
222 2568 325 2603 Galat.
345 2579 379 2607 v,
402 2578 453 2610 17.

1325 2627 1390 2667 12.
