1871 3162
815 275 964 304 mnnx.
1489 267 1573 310 56¹7

245 345 348 377 CArur
375 354 430 376 ιιι.
455 343 482 375 1.
508 341 592 376 Nihil
611 342 824 385 expetendum
847 343 906 375 nisi
929 346 1083 386 quatenus
1105 345 1256 377 conducit
1279 346 1318 378 ad
1334 357 1488 380 summum

502 397 639 439 bonum,
651 397 726 429 nihil
740 397 934 431 horrendum
951 398 1009 431 nisi
1019 403 1173 441 quatenus
1189 404 1403 435 avocat.—II.
1416 405 1489 436 Cor-

499 451 575 483 nelii
590 452 673 485 Celsi
689 452 860 485 sententia.
1403 468 1484 502 pag,
1508 459 1575 491 434

362 506 427 541 xlii.
459 507 623 546 Quomodo
650 512 684 539 et
708 508 821 550 quibus
848 507 994 550 gradibus
1021 507 1231 552 perspiciatur
1258 511 1425 553 sapientia.
1445 529 1487 537 —

501 564 597 594 Amor
613 573 720 594 verus.
1510 570 1573 601 436

367 628 433 651 xiv.
458 619 528 660 Ipsa
546 618 708 661 Sapientia
724 618 871 652 medetur
891 617 1002 661 oculis,
1025 622 1061 651 ut
1080 618 1182 652 videri
1198 619 1307 662 possit.
1508 622 1574 655 438

380 684 432 707 xv.
457 674 570 707 Anima
585 674 747 717 quomodo
763 673 979 717 cognoscitur.
994 690 1036 698 —
1049 673 1178 708 Fiducia
1193 685 1268 717 erga
1284 676 1395 709 Deum.
1508 678 1574 710 440

751 813 926 857 LIBER
959 814 1018 856 ΙΙ.

191 971 281 1007 Ideo
297 979 423 1006 secum
437 969 664 1015 Augustinus
678 970 724 1005 de
741 979 832 1006 vero
847 974 884 1005 et
898 968 985 1005 falso
1000 970 1151 1016 copiose
1165 970 1340 1017 disputat,
1356 976 1398 1008 ut
1423 972 1574 1009 demum

237 1027 406 1063 veritatis
417 1027 666 1072 perpetuitate
679 1027 774 1062 bene
787 1031 998 1072 perspecta,
1010 1028 1167 1063 animam
1180 1028 1292 1075 ipsam
1307 1030 1480 1075 hominis,
1492 1040 1574 1075 quae

231 1085 397 1122 veritatis
416 1085 520 1120 sedes
536 1091 606 1128 est,
626 1084 879 1121 immortalem
899 1095 977 1121 esse
993 1085 1198 1123 concludit.

260 1232 362 1265 Cam
407 1241 430 1264 1.
457 1231 506 1263 De
521 1227 764 1263 immortalitate
778 1228 924 1264 hominis.
1509 1238 1576 1269 443

394 1298 430 1321 u.
454 1286 577 1320 Veritas
601 1289 773 1329 perpetua.
1510 1293 1576 1325 445

378 1353 423 1377 ui.
450 1342 485 1376 Si
506 1342 628 1375 falsitas
645 1352 772 1385 semper
795 1341 859 1374 erit
872 1367 881 1384 ‚
909 1346 941 1374 et
961 1341 1030 1375 sine
1051 1351 1147 1376 sensu
1167 1352 1237 1376 esse
1260 1353 1323 1377 non
1344 1345 1488 1389 poterit,

494 1398 641 1440 sequitur
662 1398 800 1431 animam
823 1396 960 1441 aliquam
977 1408 1104 1441 semper
1125 1399 1308 1433 extituram.
1510 1404 1575 1435 446

379 1465 422 1487 iv.
451 1456 497 1487 Ex
514 1454 661 1486 falsitatis
675 1465 731 1487 seu
746 1453 891 1488 veritatis
907 1454 1128 1498 perpetuitate
1139 1455 1296 1499 possit—ne
1309 1455 1414 1500 colligi
1425 1457 1489 1491 ani-

492 1519 551 1540 mae
569 1509 802 1542 immortalitas.
1509 1515 1576 1547 448

391 1575 422 1596 v.
449 1566 566 1597 Verum
585 1565 661 1607 quid
678 1566 731 1596 sit.
1511 1571 1576 1602 449

380 1630 426 1653 vr.
451 1620 540 1652 Unde
557 1620 691 1661 falsitas,
716 1624 749 1652 et
767 1620 833 1652 ubi.
1511 1628 1574 1658 451

368 1686 426 1707 vn.
451 1676 498 1707 De
515 1684 593 1705 vero
610 1678 644 1705 et
665 1674 770 1704 simili.
791 1673 962 1714 Soliloquia
979 1684 1038 1705 cur
1053 1675 1152 1706 dicta.
1510 1682 1577 1712 454

356 1741 422 1763 vin.
449 1730 539 1761 Unde
556 1738 669 1760 verum
688 1732 743 1760 aut
762 1727 887 1760 falsum.
1510 1737 1576 1768 456

383 1798 426 1820 ix.
452 1786 532 1825 Quid
553 1784 679 1825 falsum,
696 1784 773 1826 quid
789 1783 887 1816 fallax
905 1786 940 1816 et
958 1783 1032 1826 quid
1047 1784 1198 1817 mendax.
1509 1794 1574 1823 457

347 1875 351 1877 ,
395 1855 425 1876 x.
454 1843 604 1881 Quaedam
621 1851 660 1874 eo
677 1851 755 1873 vera
773 1851 836 1884 quo
857 1840 952 1873 falsa.
1510 1850 1574 1881 459

379 1907 422 1932 ιι.
448 1898 691 1941 Disciplinarum
708 1898 839 1930 veritas.
859 1913 902 1920 —
918 1896 1038 1930 Fabula
1055 1897 1143 1941 quid.
1169 1898 1250 1938 Quid
1266 1899 1308 1933 sit
1325 1909 1487 1943 gramma-

496 1954 574 1986 tica.
1508 1960 1575 1992 460

365 2021 423 2044 xu-
450 2013 534 2049 Quot
549 2010 652 2042 modis
674 2010 817 2052 quaedam
835 2008 898 2041 sint
914 2009 948 2041 in
966 2008 1040 2042 alio.
1509 2016 1574 2047 463

356 2077 421 2099 xm.
448 2064 671 2098 Immortalitas
693 2065 804 2097 animae
828 2064 998 2107 colligitur.
1508 2072 1575 2103 464

355 2132 422 2155 xlv.
447 2122 614 2155 Excutitur
631 2121 774 2164 superior
791 2121 1000 2164 syllogismuS.
1509 2127 1574 2159 466

369 2188 420 2209 xv.
449 2177 523 2209 Veri
545 2181 578 2209 et
595 2176 666 2208 falsi
685 2180 811 2208 natura.
1507 2182 1573 2213 468

356 2244 425 2266 xvr.
450 2234 502 2264 An
519 2233 650 2265 meliora
667 2232 864 2264 deteriorum
881 2231 1060 2264 nominibus
1072 2230 1181 2264 vocari
1196 2232 1330 2274 possint.
1508 2237 1575 2268 470

349 2300 425 2322 xvn.
450 2291 533 2321 Num
550 2288 668 2331 aliquid
685 2298 723 2320 ex
739 2289 827 2320 omni
843 2292 935 2331 parte
951 2287 1065 2320 falsum
1082 2287 1123 2319 sit
1139 2291 1196 2319 aut
1213 2297 1339 2320 verum.
1507 2291 1574 2323 472

332 2356 424 2378 xvm.
452 2347 498 2377 An
516 2355 595 2377 vere
609 2345 651 2376 sit
664 2355 792 2387 corpus,
1508 2349 1573 2379 473

362 2411 429 2433 xix.
456 2400 577 2432 Veritas
592 2400 778 2432 immortalis
797 2400 901 2442 arguit
917 2400 1029 2432 animae
1045 2398 1330 2433 immortalitatem.
1507 2405 1572 2434 475

373 2467 426 2488 xx.
452 2456 598 2495 Quaedam
622 2466 698 2488 vera
726 2456 899 2498 credimus,
920 2456 1064 2500 quaedam
1085 2456 1291 2488 recordamur
1306 2481 1315 2497 ‚
1344 2456 1485 2499 quaedam

494 2523 555 2544 nec
572 2522 665 2544 sensu
677 2536 687 2553 ,
714 2523 774 2546 nec
792 2511 979 2554 phantasia,
997 2512 1053 2544 sed
1081 2516 1205 2544 tantum
1224 2512 1347 2545 ratione
1363 2512 1484 2554 depre-

496 2567 691 2601 henduntur.
1506 2569 1570 2599 476
