<?xml version="1.0" encoding="UTF-8"?>
<!DOCTYPE html PUBLIC "-//W3C//DTD XHTML 1.0 Transitional//EN"
    "http://www.w3.org/TR/xhtml1/DTD/xhtml1-transitional.dtd">
<html xmlns="http://www.w3.org/1999/xhtml" xml:lang="en" lang="en">
 <head>
  <title>
</title>
<meta http-equiv="Content-Type" content="text/html;charset=utf-8" />
  <meta name='ocr-system' content='tesseract 3.04.00' />
  <meta name='ocr-capabilities' content='ocr_page ocr_carea ocr_par ocr_line ocrx_word'/>
</head>
<body>
  <div class='ocr_page' id='page_1' title='image "./operaomniaaccura25auguuoft_0252.png"; bbox 0 0 1871 3162; ppageno 0'>
   <div class='ocr_carea' id='block_1_1' title="bbox 280 199 1213 241">
    <p class='ocr_par' dir='ltr' id='par_1_1' title="bbox 280 199 1213 241">
     <span class='ocr_line' id='line_1_1' title="bbox 280 199 1213 241; baseline 0.004 -4"><span class='ocrx_word' id='word_1_1' title='bbox 280 199 362 239; x_wconf 74' lang='lat'><strong>242</strong></span> <span class='ocrx_word' id='word_1_2' title='bbox 703 212 734 240; x_wconf 87' lang='lat' dir='ltr'><strong>s.</strong></span> <span class='ocrx_word' id='word_1_3' title='bbox 773 213 999 241; x_wconf 66' lang='lat' dir='ltr'><strong>AUGt&#39;s‘n-NI</strong></span> <span class='ocrx_word' id='word_1_4' title='bbox 1035 214 1213 241; x_wconf 64' lang='lat' dir='ltr'><strong>Eriscom</strong></span> 
     </span>
    </p>
   </div>
   <div class='ocr_carea' id='block_1_2' title="bbox 284 395 879 426">
    <p class='ocr_par' dir='ltr' id='par_1_2' title="bbox 284 395 879 426">
     <span class='ocr_line' id='line_1_2' title="bbox 284 395 879 426; baseline 0.003 -3"><span class='ocrx_word' id='word_1_5' title='bbox 284 395 879 426; x_wconf 57' lang='lat' dir='ltr'><strong>mmmmm</strong></span> 
     </span>
    </p>
   </div>
   <div class='ocr_carea' id='block_1_3' title="bbox 882 408 1374 426">
    <p class='ocr_par' dir='ltr' id='par_1_3' title="bbox 882 408 1374 426">
     <span class='ocr_line' id='line_1_3' title="bbox 882 408 1374 426; baseline 0 2736"><span class='ocrx_word' id='word_1_6' title='bbox 882 408 1374 426; x_wconf 95' lang='lat' dir='ltr'><strong> </strong></span> 
     </span>
    </p>
   </div>
   <div class='ocr_carea' id='block_1_4' title="bbox 1377 408 1656 426">
    <p class='ocr_par' dir='ltr' id='par_1_4' title="bbox 1377 408 1656 426">
     <span class='ocr_line' id='line_1_4' title="bbox 1377 408 1656 426; baseline 0.004 -1"><span class='ocrx_word' id='word_1_7' title='bbox 1377 408 1656 426; x_wconf 63' lang='lat' dir='ltr'><strong>mm</strong></span> 
     </span>
    </p>
   </div>
   <div class='ocr_carea' id='block_1_5' title="bbox 771 562 1162 612">
    <p class='ocr_par' dir='ltr' id='par_1_5' title="bbox 771 562 1162 612">
     <span class='ocr_line' id='line_1_5' title="bbox 771 562 1162 612; baseline -0.005 0"><span class='ocrx_word' id='word_1_8' title='bbox 771 562 985 612; x_wconf 92' lang='lat' dir='ltr'><strong>CAPUT</strong></span> <span class='ocrx_word' id='word_1_9' title='bbox 1020 565 1162 611; x_wconf 84' lang='lat' dir='ltr'><strong>XIII.</strong></span> 
     </span>
    </p>
   </div>
   <div class='ocr_carea' id='block_1_6' title="bbox 461 737 1447 804">
    <p class='ocr_par' dir='ltr' id='par_1_6' title="bbox 461 737 1447 804">
     <span class='ocr_line' id='line_1_6' title="bbox 461 737 1447 804; baseline 0.001 -19"><span class='ocrx_word' id='word_1_10' title='bbox 461 737 704 786; x_wconf 63' lang='lat' dir='ltr'><strong>AElemoria</strong></span> <span class='ocrx_word' id='word_1_11' title='bbox 726 741 999 804; x_wconf 77' lang='lat' dir='ltr'><em>meminisse</em></span> <span class='ocrx_word' id='word_1_12' title='bbox 1022 756 1110 787; x_wconf 78' lang='lat' dir='ltr'><strong>nos</strong></span> <span class='ocrx_word' id='word_1_13' title='bbox 1131 741 1447 787; x_wconf 76' lang='lat' dir='ltr'><strong>meminimus.</strong></span> 
     </span>
    </p>
   </div>
   <div class='ocr_carea' id='block_1_7' title="bbox 271 924 1658 1814">
    <p class='ocr_par' dir='ltr' id='par_1_7' title="bbox 271 924 1658 1814">
     <span class='ocr_line' id='line_1_7' title="bbox 333 924 1656 986; baseline 0 -18"><span class='ocrx_word' id='word_1_14' title='bbox 333 924 431 968; x_wconf 85' lang='lat' dir='ltr'><strong>XX.</strong></span> <span class='ocrx_word' id='word_1_15' title='bbox 458 925 556 969; x_wconf 59' lang='grc' dir='ltr'><strong>ΗΒΕ</strong></span> <span class='ocrx_word' id='word_1_16' title='bbox 580 925 727 970; x_wconf 86' lang='lat' dir='ltr'><strong>omnia</strong></span> <span class='ocrx_word' id='word_1_17' title='bbox 749 925 956 970; x_wconf 88' lang='lat' dir='ltr'><strong>memoria</strong></span> <span class='ocrx_word' id='word_1_18' title='bbox 977 935 1130 984; x_wconf 77' lang='lat' dir='ltr'><strong>tene03</strong></span> <span class='ocrx_word' id='word_1_19' title='bbox 1153 935 1198 971; x_wconf 86' lang='lat' dir='ltr'><strong>et</strong></span> <span class='ocrx_word' id='word_1_20' title='bbox 1217 925 1443 986; x_wconf 89' lang='lat' dir='ltr'><strong>quomodo</strong></span> <span class='ocrx_word' id='word_1_21' title='bbox 1467 940 1515 970; x_wconf 88' lang='lat' dir='ltr'><strong>ea</strong></span> <span class='ocrx_word' id='word_1_22' title='bbox 1538 924 1656 969; x_wconf 87' lang='lat' dir='ltr'><strong>didi-</strong></span> 
     </span>
     <span class='ocr_line' id='line_1_8' title="bbox 274 995 1656 1056; baseline 0.002 -19"><span class='ocrx_word' id='word_1_23' title='bbox 274 995 430 1050; x_wconf 80' lang='lat' dir='ltr'><strong>cerim,</strong></span> <span class='ocrx_word' id='word_1_24' title='bbox 464 995 672 1040; x_wconf 84' lang='lat' dir='ltr'><strong>memoria</strong></span> <span class='ocrx_word' id='word_1_25' title='bbox 693 1005 836 1041; x_wconf 88' lang='lat' dir='ltr'><strong>teneo.</strong></span> <span class='ocrx_word' id='word_1_26' title='bbox 877 996 1018 1040; x_wconf 85' lang='lat' dir='ltr'><strong>Multa</strong></span> <span class='ocrx_word' id='word_1_27' title='bbox 1039 997 1172 1040; x_wconf 84' lang='lat' dir='ltr'><strong>etiam</strong></span> <span class='ocrx_word' id='word_1_28' title='bbox 1194 1012 1292 1056; x_wconf 85' lang='lat' dir='ltr'><strong>quae</strong></span> <span class='ocrx_word' id='word_1_29' title='bbox 1325 995 1528 1041; x_wconf 80' lang='lat' dir='ltr'><strong>adversus</strong></span> <span class='ocrx_word' id='word_1_30' title='bbox 1564 996 1656 1040; x_wconf 76' lang='lat' dir='ltr'><strong>liaec</strong></span> 
     </span>
     <span class='ocr_line' id='line_1_9' title="bbox 271 1063 1657 1125; baseline 0.001 -17"><span class='ocrx_word' id='word_1_31' title='bbox 271 1063 496 1109; x_wconf 84' lang='lat' dir='ltr'><strong>falsissime</strong></span> <span class='ocrx_word' id='word_1_32' title='bbox 533 1064 813 1124; x_wconf 85' lang='lat' dir='ltr'><strong>disputantur</strong></span> <span class='ocrx_word' id='word_1_33' title='bbox 841 1065 1018 1121; x_wconf 85' lang='lat' dir='ltr'><strong>audivi,</strong></span> <span class='ocrx_word' id='word_1_34' title='bbox 1053 1076 1097 1111; x_wconf 85' lang='lat' dir='ltr'><strong>et</strong></span> <span class='ocrx_word' id='word_1_35' title='bbox 1128 1067 1335 1110; x_wconf 83' lang='lat' dir='ltr'><strong>memoria</strong></span> <span class='ocrx_word' id='word_1_36' title='bbox 1364 1076 1491 1110; x_wconf 86' lang='lat' dir='ltr'><strong>teneo</strong></span> <span class='ocrx_word' id='word_1_37' title='bbox 1510 1101 1521 1120; x_wconf 84' lang='lat'>‚</span> <span class='ocrx_word' id='word_1_38' title='bbox 1556 1082 1657 1125; x_wconf 84' lang='lat' dir='ltr'><strong>quae</strong></span> 
     </span>
     <span class='ocr_line' id='line_1_10' title="bbox 272 1134 1658 1191; baseline 0.001 -12"><span class='ocrx_word' id='word_1_39' title='bbox 272 1137 444 1179; x_wconf 84' lang='lat' dir='ltr'><strong>tametsi</strong></span> <span class='ocrx_word' id='word_1_40' title='bbox 464 1134 570 1180; x_wconf 86' lang='lat' dir='ltr'><strong>falsa</strong></span> <span class='ocrx_word' id='word_1_41' title='bbox 594 1146 724 1191; x_wconf 89' lang='lat' dir='ltr'><strong>sunt,</strong></span> <span class='ocrx_word' id='word_1_42' title='bbox 754 1145 902 1181; x_wconf 85' lang='lat' dir='ltr'><strong>tamen</strong></span> <span class='ocrx_word' id='word_1_43' title='bbox 930 1153 979 1181; x_wconf 83' lang='lat' dir='ltr'><strong>ea</strong></span> <span class='ocrx_word' id='word_1_44' title='bbox 1006 1138 1253 1182; x_wconf 84' lang='lat' dir='ltr'><strong>meminisse</strong></span> <span class='ocrx_word' id='word_1_45' title='bbox 1278 1153 1348 1181; x_wconf 90' lang='lat' dir='ltr'><strong>me</strong></span> <span class='ocrx_word' id='word_1_46' title='bbox 1370 1153 1458 1182; x_wconf 88' lang='lat' dir='ltr'><strong>non</strong></span> <span class='ocrx_word' id='word_1_47' title='bbox 1478 1146 1542 1181; x_wconf 82' lang='lat' dir='ltr'><strong>est</strong></span> <span class='ocrx_word' id='word_1_48' title='bbox 1574 1137 1658 1180; x_wconf 83' lang='lat' dir='ltr'><strong>fal-</strong></span> 
     </span>
     <span class='ocr_line' id='line_1_11' title="bbox 273 1206 1658 1266; baseline 0 -16"><span class='ocrx_word' id='word_1_49' title='bbox 273 1221 370 1250; x_wconf 89' lang='lat' dir='ltr'><strong>sum</strong></span> <span class='ocrx_word' id='word_1_50' title='bbox 388 1241 399 1261; x_wconf 82' lang='lat'>,</span> <span class='ocrx_word' id='word_1_51' title='bbox 425 1215 468 1251; x_wconf 87' lang='lat' dir='ltr'><strong>et</strong></span> <span class='ocrx_word' id='word_1_52' title='bbox 487 1206 736 1252; x_wconf 85' lang='lat' dir='ltr'><strong>discrevisse</strong></span> <span class='ocrx_word' id='word_1_53' title='bbox 760 1222 827 1251; x_wconf 89' lang='lat' dir='ltr'><strong>me</strong></span> <span class='ocrx_word' id='word_1_54' title='bbox 857 1208 971 1251; x_wconf 86' lang='lat' dir='ltr'><strong>inter</strong></span> <span class='ocrx_word' id='word_1_55' title='bbox 997 1207 1070 1252; x_wconf 87' lang='lat' dir='ltr'><strong>illa</strong></span> <span class='ocrx_word' id='word_1_56' title='bbox 1099 1224 1200 1253; x_wconf 83' lang='lat' dir='ltr'><strong>vera</strong></span> <span class='ocrx_word' id='word_1_57' title='bbox 1227 1217 1270 1252; x_wconf 88' lang='lat' dir='ltr'><strong>et</strong></span> <span class='ocrx_word' id='word_1_58' title='bbox 1302 1209 1395 1252; x_wconf 84' lang='lat' dir='ltr'><strong>haec</strong></span> <span class='ocrx_word' id='word_1_59' title='bbox 1432 1206 1537 1251; x_wconf 81' lang='lat' dir='ltr'><strong>falsa</strong></span> <span class='ocrx_word' id='word_1_60' title='bbox 1558 1222 1658 1266; x_wconf 83' lang='lat' dir='ltr'><strong>quae</strong></span> 
     </span>
     <span class='ocr_line' id='line_1_12' title="bbox 273 1277 1658 1338; baseline -0.001 -17"><span class='ocrx_word' id='word_1_61' title='bbox 273 1277 637 1321; x_wconf 83' lang='lat' dir='ltr'>contradicuntur</span> <span class='ocrx_word' id='word_1_62' title='bbox 664 1286 741 1321; x_wconf 85' lang='lat' dir='ltr'><strong>:et</strong></span> <span class='ocrx_word' id='word_1_63' title='bbox 764 1278 846 1321; x_wconf 90' lang='lat' dir='ltr'><strong>hoc</strong></span> <span class='ocrx_word' id='word_1_64' title='bbox 881 1278 1077 1321; x_wconf 87' lang='lat' dir='ltr'><strong>memini.</strong></span> <span class='ocrx_word' id='word_1_65' title='bbox 1120 1278 1344 1338; x_wconf 78' lang='lat' dir='ltr'><strong>Aliterque</strong></span> <span class='ocrx_word' id='word_1_66' title='bbox 1377 1293 1496 1321; x_wconf 89' lang='lat' dir='ltr'><strong>nunc</strong></span> <span class='ocrx_word' id='word_1_67' title='bbox 1527 1277 1658 1321; x_wconf 88' lang='lat' dir='ltr'><strong>video</strong></span> 
     </span>
     <span class='ocr_line' id='line_1_13' title="bbox 273 1347 1657 1408; baseline 0 -17"><span class='ocrx_word' id='word_1_68' title='bbox 273 1347 518 1392; x_wconf 87' lang='lat' dir='ltr'><strong>discernere</strong></span> <span class='ocrx_word' id='word_1_69' title='bbox 539 1363 610 1392; x_wconf 87' lang='lat' dir='ltr'><strong>me</strong></span> <span class='ocrx_word' id='word_1_70' title='bbox 628 1348 708 1392; x_wconf 83' lang='lat' dir='ltr'><strong>ista</strong></span> <span class='ocrx_word' id='word_1_71' title='bbox 727 1383 738 1402; x_wconf 92' lang='lat'>‚</span> <span class='ocrx_word' id='word_1_72' title='bbox 764 1348 872 1392; x_wconf 83' lang='lat' dir='ltr'><strong>alter</strong></span> <span class='ocrx_word' id='word_1_73' title='bbox 902 1358 1048 1392; x_wconf 88' lang='lat' dir='ltr'><strong>autem</strong></span> <span class='ocrx_word' id='word_1_74' title='bbox 1071 1349 1251 1392; x_wconf 90' lang='lat' dir='ltr'><strong>memini</strong></span> <span class='ocrx_word' id='word_1_75' title='bbox 1272 1364 1385 1408; x_wconf 82' lang='lat' dir='ltr'><strong>saepe</strong></span> <span class='ocrx_word' id='word_1_76' title='bbox 1405 1363 1476 1392; x_wconf 85' lang='lat' dir='ltr'><strong>me</strong></span> <span class='ocrx_word' id='word_1_77' title='bbox 1497 1347 1657 1392; x_wconf 80' lang='lat' dir='ltr'><strong>discre-</strong></span> 
     </span>
     <span class='ocr_line' id='line_1_14' title="bbox 273 1417 1656 1477; baseline -0.001 -15"><span class='ocrx_word' id='word_1_78' title='bbox 273 1417 382 1462; x_wconf 85' lang='lat' dir='ltr'><strong>visse</strong></span> <span class='ocrx_word' id='word_1_79' title='bbox 403 1434 503 1463; x_wconf 89' lang='lat' dir='ltr'><strong>cum</strong></span> <span class='ocrx_word' id='word_1_80' title='bbox 522 1434 571 1462; x_wconf 85' lang='lat' dir='ltr'><strong>ea</strong></span> <span class='ocrx_word' id='word_1_81' title='bbox 591 1433 707 1477; x_wconf 85' lang='lat' dir='ltr'><strong>saepe</strong></span> <span class='ocrx_word' id='word_1_82' title='bbox 735 1419 982 1476; x_wconf 81' lang='lat' dir='ltr'>cogitarem.</span> <span class='ocrx_word' id='word_1_83' title='bbox 1009 1421 1126 1477; x_wconf 86' lang='lat' dir='ltr'>Ergo</span> <span class='ocrx_word' id='word_1_84' title='bbox 1148 1429 1190 1463; x_wconf 89' lang='lat' dir='ltr'><strong>et</strong></span> <span class='ocrx_word' id='word_1_85' title='bbox 1210 1419 1469 1462; x_wconf 80' lang='lat' dir='ltr'><strong>intellexisse</strong></span> <span class='ocrx_word' id='word_1_86' title='bbox 1486 1434 1556 1462; x_wconf 88' lang='lat' dir='ltr'><strong>me</strong></span> <span class='ocrx_word' id='word_1_87' title='bbox 1576 1434 1656 1462; x_wconf 87' lang='lat' dir='ltr'><strong>sae-</strong></span> 
     </span>
     <span class='ocr_line' id='line_1_15' title="bbox 273 1488 1651 1549; baseline 0.001 -18"><span class='ocrx_word' id='word_1_88' title='bbox 273 1489 369 1547; x_wconf 89' lang='lat' dir='ltr'><strong>pius</strong></span> <span class='ocrx_word' id='word_1_89' title='bbox 406 1489 485 1532; x_wconf 87' lang='lat' dir='ltr'><strong>ista</strong></span> <span class='ocrx_word' id='word_1_90' title='bbox 517 1488 721 1546; x_wconf 81' lang='lat' dir='ltr'><strong>memini3</strong></span> <span class='ocrx_word' id='word_1_91' title='bbox 747 1498 791 1533; x_wconf 88' lang='lat' dir='ltr'><strong>et</strong></span> <span class='ocrx_word' id='word_1_92' title='bbox 824 1489 947 1549; x_wconf 88' lang='lat' dir='ltr'>quod</span> <span class='ocrx_word' id='word_1_93' title='bbox 984 1504 1103 1533; x_wconf 89' lang='lat' dir='ltr'><strong>nunc</strong></span> <span class='ocrx_word' id='word_1_94' title='bbox 1134 1489 1332 1533; x_wconf 82' lang='lat' dir='ltr'><strong>discerno</strong></span> <span class='ocrx_word' id='word_1_95' title='bbox 1362 1499 1406 1533; x_wconf 85' lang='lat' dir='ltr'><strong>et</strong></span> <span class='ocrx_word' id='word_1_96' title='bbox 1424 1488 1651 1547; x_wconf 83' lang='lat' dir='ltr'><strong>intelligo,</strong></span> 
     </span>
     <span class='ocr_line' id='line_1_16' title="bbox 273 1557 1657 1618; baseline 0.001 -17"><span class='ocrx_word' id='word_1_97' title='bbox 273 1557 464 1602; x_wconf 86' lang='lat' dir='ltr'><strong>recondo</strong></span> <span class='ocrx_word' id='word_1_98' title='bbox 485 1559 532 1602; x_wconf 90' lang='lat' dir='ltr'><strong>in</strong></span> <span class='ocrx_word' id='word_1_99' title='bbox 546 1559 759 1603; x_wconf 84' lang='lat' dir='ltr'><strong>‘memoria</strong></span> <span class='ocrx_word' id='word_1_100' title='bbox 775 1593 786 1614; x_wconf 82' lang='lat'>‚</span> <span class='ocrx_word' id='word_1_101' title='bbox 811 1568 861 1603; x_wconf 91' lang='lat' dir='ltr'><strong>ut</strong></span> <span class='ocrx_word' id='word_1_102' title='bbox 882 1568 1029 1618; x_wconf 86' lang='lat' dir='ltr'><strong>postea</strong></span> <span class='ocrx_word' id='word_1_103' title='bbox 1056 1575 1126 1603; x_wconf 90' lang='lat' dir='ltr'><strong>me</strong></span> <span class='ocrx_word' id='word_1_104' title='bbox 1144 1575 1262 1603; x_wconf 89' lang='lat' dir='ltr'><strong>nunc</strong></span> <span class='ocrx_word' id='word_1_105' title='bbox 1285 1559 1543 1603; x_wconf 83' lang='lat' dir='ltr'><strong>intellexisse</strong></span> <span class='ocrx_word' id='word_1_106' title='bbox 1564 1574 1657 1603; x_wconf 88' lang='lat' dir='ltr'><strong>me-</strong></span> 
     </span>
     <span class='ocr_line' id='line_1_17' title="bbox 273 1629 1655 1688; baseline 0.001 -16"><span class='ocrx_word' id='word_1_107' title='bbox 273 1629 488 1673; x_wconf 86' lang='lat' dir='ltr'><strong>minerim.</strong></span> <span class='ocrx_word' id='word_1_108' title='bbox 529 1631 647 1687; x_wconf 73' lang='lat' dir='ltr'>Ergo</span> <span class='ocrx_word' id='word_1_109' title='bbox 680 1638 726 1673; x_wconf 86' lang='lat' dir='ltr'><strong>et</strong></span> <span class='ocrx_word' id='word_1_110' title='bbox 757 1630 1003 1674; x_wconf 88' lang='lat' dir='ltr'><strong>meminisse</strong></span> <span class='ocrx_word' id='word_1_111' title='bbox 1037 1645 1107 1674; x_wconf 87' lang='lat' dir='ltr'><strong>me</strong></span> <span class='ocrx_word' id='word_1_112' title='bbox 1143 1630 1344 1685; x_wconf 83' lang='lat' dir='ltr'><strong>memini,</strong></span> <span class='ocrx_word' id='word_1_113' title='bbox 1377 1629 1488 1674; x_wconf 83' lang='lat' dir='ltr'><strong>sicut</strong></span> <span class='ocrx_word' id='word_1_114' title='bbox 1509 1639 1655 1688; x_wconf 86' lang='lat' dir='ltr'><strong>postea</strong></span> 
     </span>
     <span class='ocr_line' id='line_1_18' title="bbox 274 1699 1656 1759; baseline -0.001 -16"><span class='ocrx_word' id='word_1_115' title='bbox 274 1699 393 1758; x_wconf 85' lang='lat' dir='ltr'>quod</span> <span class='ocrx_word' id='word_1_116' title='bbox 411 1699 506 1742; x_wconf 86' lang='lat' dir='ltr'><strong>haec</strong></span> <span class='ocrx_word' id='word_1_117' title='bbox 526 1699 740 1743; x_wconf 88' lang='lat' dir='ltr'><strong>reminisci</strong></span> <span class='ocrx_word' id='word_1_118' title='bbox 762 1714 880 1743; x_wconf 89' lang='lat' dir='ltr'><strong>nunc</strong></span> <span class='ocrx_word' id='word_1_119' title='bbox 901 1700 1026 1758; x_wconf 84' lang='lat' dir='ltr'><strong>potui</strong></span> <span class='ocrx_word' id='word_1_120' title='bbox 1048 1702 1082 1743; x_wconf 89' lang='lat' dir='ltr'><strong>si</strong></span> <span class='ocrx_word' id='word_1_121' title='bbox 1104 1699 1365 1744; x_wconf 83' lang='lat' dir='ltr'><strong>recordabor</strong></span> <span class='ocrx_word' id='word_1_122' title='bbox 1378 1734 1390 1755; x_wconf 77' lang='lat'><strong>‚</strong></span> <span class='ocrx_word' id='word_1_123' title='bbox 1411 1700 1565 1758; x_wconf 78' lang='lat' dir='ltr'><strong>utique</strong></span> <span class='ocrx_word' id='word_1_124' title='bbox 1579 1714 1656 1759; x_wconf 89' lang='lat' dir='ltr'><strong>per</strong></span> 
     </span>
     <span class='ocr_line' id='line_1_19' title="bbox 272 1768 898 1814; baseline 0 0"><span class='ocrx_word' id='word_1_125' title='bbox 272 1769 361 1814; x_wconf 90' lang='lat' dir='ltr'><strong>vim</strong></span> <span class='ocrx_word' id='word_1_126' title='bbox 382 1768 603 1813; x_wconf 84' lang='lat' dir='ltr'><strong>memoriae</strong></span> <span class='ocrx_word' id='word_1_127' title='bbox 621 1769 898 1814; x_wconf 85' lang='lat' dir='ltr'><strong>recordabor.</strong></span> 
     </span>
    </p>
   </div>
  </div>
 </body>
</html>
