1871 3162
570 261 913 302 CONFESSIONUM‚
947 264 1030 291 Lm.
1065 265 1131 291 111.
1481 254 1530 292 51

683 570 902 620 CAPUT
945 571 1032 620 VI.

428 713 479 757 A
498 711 789 757 Manichaeis
810 709 1047 771 quomodo
1068 720 1254 771 captus.

214 872 270 914 X.
293 872 431 914 Incmr
450 870 597 929 itaque
611 870 657 914 in
671 871 867 915 homines
880 871 1064 930 superbe
1086 870 1340 915 delirantes1
1352 905 1363 925 ‚
1384 879 1426 914 et
1443 885 1555 914 car--

155 939 274 983 nales
296 940 423 983 nimis
451 949 495 984 et
513 939 739 1000 loquaceS,
761 942 808 985 in
827 957 1015 1000 quorum
1038 957 1112 986 ore
1133 940 1278 1001 laquei
1299 939 1476 995 diaboli,
1497 949 1541 985 et

153 1010 318 1055 viscum
340 1000 590 1055 confectum
612 1010 916 1055 commixtione
938 1010 1202 1068 syllabarum
1232 1011 1418 1055 nominis
1449 1012 1537 1065 tui,

155 1090 199 1125 et
221 1081 394 1126 Domini
427 1084 530 1125 Jesu
565 1082 746 1135 Christi,
786 1091 829 1126 et
851 1082 1061 1126 Paracleti
1089 1082 1368 1126 consolatoris
1405 1081 1542 1126 nostri

156 1151 337 1210 Spiritus
349 1151 500 1195 sancti.
519 1154 622 1195 Haec
637 1151 814 1194 nomina
831 1166 921 1195 non
934 1151 1196 1196 recedebant
1211 1151 1265 1195 de
1282 1167 1356 1195 ore
1371 1168 1539 1208 eorum,

155 1220 231 1265 sed
271 1231 398 1265 tenus
425 1236 532 1265 sono
564 1230 607 1265 et
640 1220 824 1279 strepitu
858 1220 1038 1280 linguae,
1079 1230 1286 1265 caeterum
1319 1238 1393 1267 cor
1414 1224 1542 1268 inane

154 1292 260 1336 veri.
286 1294 344 1336 Et
365 1290 573 1336 dicebant
593 1308 605 1335 .·
630 1291 798 1336 Veritas
819 1301 862 1335 et
883 1292 1060 1350 veritas3
1085 1301 1128 1336 et
1150 1293 1338 1337 multum
1360 1309 1455 1337 eam
1477 1294 1543 1338 di-

155 1362 314 1407 cebant
330 1363 436 1406 mihi
456 1398 467 1419 ‚
492 1372 536 1406 et
554 1377 772 1422 nusquam
792 1371 884 1406 erat
904 1363 950 1406 in
967 1363 1049 1420 eis;
1069 1362 1144 1406 sed
1166 1362 1271 1407 falsa
1292 1363 1541 1424 loqueban-

155 1441 248 1489 tur,
272 1448 363 1477 non
383 1432 438 1476 de
455 1441 498 1476 te
520 1442 709 1487 tantum,
732 1432 808 1492 qui
829 1447 930 1476 vere
949 1433 1115 1477 Veritas
1132 1448 1175 1477 es
1200 1468 1212 1488 ‚
1234 1433 1309 1478 sed
1332 1435 1460 1478 etiam
1489 1435 1546 1480 de

154 1503 244 1547 istis
266 1502 489 1547 elementis
506 1504 635 1562 hujus
656 1502 812 1547 mundi
829 1511 1025 1546 creatura
1045 1512 1135 1558 tua,
1156 1503 1210 1547 de
1232 1505 1393 1564 quibus
1415 1507 1546 1550 etiam

154 1589 255 1618 vera
272 1573 463 1618 dicentes
476 1572 756 1632 philosophos
772 1572 1016 1632 transgredi
1033 1574 1166 1618 debui
1180 1590 1270 1634 prae
1285 1592 1430 1620 amore
1446 1586 1539 1632 tuo,

155 1644 215 1687 mi
232 1647 358 1688 Pater
375 1658 542 1687 summe
562 1643 695 1697 bone,
716 1642 1000 1702 pulchritudo
1023 1643 1308 1703 pulchrorum
1327 1648 1539 1692 omnium.

155 1714 192 1757 Ο
205 1714 389 1768 Veritas,
403 1713 586 1766 Veritas,
605 1728 738 1772 quam
753 1713 905 1756 intime
927 1713 1056 1757 etiam
1075 1723 1170 1758 tum
1186 1716 1391 1760 medullae
1411 1717 1543 1761 animi

156 1784 241 1827 mei
258 1783 532 1843 suspirabant
554 1783 649 1838 tibi,
668 1798 770 1827 cum
792 1791 835 1827 te
855 1782 919 1827 illi
940 1794 1143 1829 sonarent
1160 1786 1267 1830 mihi
1290 1787 1542 1846 frequenter

156 1862 199 1897 et
220 1853 519 1912 multipliciter
541 1868 646 1896 voce
669 1853 780 1908 sola,
807 1862 850 1896 et
870 1852 994 1898 libris
1016 1854 1165 1899 multis
1192 1866 1234 1901 et
1255 1857 1506 1916 ingentibus
1527 1859 1536 1902 ἔ

155 1925 214 1967 Et
232 1921 307 1966 illa
337 1931 461 1966 erant
481 1921 645 1965 fercula
667 1921 713 1965 in
735 1922 896 1982 quibus
926 1923 1032 1967 mihi
1056 1926 1263 1970 esurienti
1280 1936 1323 1971 te
1338 1962 1350 1981 ‚
1380 1926 1543 1972 infere-

155 1992 316 2036 bantur
337 2008 416 2051 pro
439 2001 480 2036 te
503 1991 567 2035 sol
584 2000 626 2035 et
647 1990 753 2034 luna
773 2025 783 2045 ‚
807 1991 992 2050 pulchra
1015 2008 1146 2051 opera
1169 2004 1272 2054 tua3
1296 1996 1372 2040 sed
1394 2006 1541 2042 tamen

156 2078 287 2123 opera
308 2072 384 2107 tua
398 2097 409 2118 ‚
434 2077 524 2106 non
542 2071 593 2106 tu
607 2096 618 2117 ‚
644 2076 724 2105 nec
741 2062 832 2120 ipsa
851 2063 1003 2121 prima.
1032 2064 1179 2109 Priora
1202 2066 1317 2110 enim
1335 2068 1542 2127 spiritalia

158 2149 290 2193 opera
311 2142 402 2189 tua,
423 2147 555 2193 quam
577 2132 657 2176 ista
679 2147 902 2192 corporea,
927 2136 1123 2193 quamvis
1151 2136 1295 2182 lucida
1318 2148 1361 2183 et
1383 2140 1539 2185 coeles-

157 2205 238 2249 tia!
253 2208 310 2249 At
343 2219 423 2263 ego
446 2218 526 2246 nec
559 2203 701 2262 priora
721 2201 810 2258 issa,
837 2203 914 2247 sed
936 2212 979 2247 te
1000 2204 1138 2263 ipsam
1155 2241 1166 2261 ‚
1192 2216 1250 2263 te,
1275 2209 1464 2266 Veritas,
1490 2212 1537 2257 in

157 2291 244 2336 qua
264 2290 354 2319 non
369 2283 434 2319 est
453 2273 734 2318 commutatio
750 2288 831 2318 nec
848 2275 1059 2318 momenti
1080 2276 1359 2326 obumbratio
1375 2285 1392 2308 ‘³
1404 2318 1415 2337 ‚
1441 2299 1539 2329 esu-

158 2345 323 2389 riebam
343 2353 386 2388 et
402 2343 620 2401 sitiebam3
654 2352 697 2387 et
720 2344 1055 2403 apponebantur
1086 2346 1230 2393 adhuc
1249 2351 1358 2396 mihi
1378 2354 1423 2399 in
1452 2357 1537 2405 illis

158 2415 335 2460 ferculis
355 2415 655 2474 phantasmata
691 2413 917 2473 splendida
935 2449 946 2470 ,
971 2415 1131 2475 quibus
1158 2419 1249 2477 jam
1270 2423 1425 2470 melius
1446 2441 1537 2476 erat

161 2501 304 2531 amare
323 2485 456 2530 istum
475 2483 611 2529 solem
628 2518 639 2539 ,
663 2483 815 2528 saltem
835 2483 924 2529 istis
946 2484 1080 2530 oculis
1104 2501 1254 2534 verum
1273 2525 1286 2547 ,
1311 2509 1442 2553 quam
1464 2500 1537 2547 issa

210 2589 221 2607 ¹
240 2582 319 2615 Vide
335 2582 392 2614 lib.
413 2582 453 2614 de
469 2581 610 2614 utilitate
629 2580 780 2613 credendi
797 2590 868 2622 cap.
881 2592 908 2621 1,
930 2597 969 2604 -·
990 2587 1002 2603 ²
1020 2581 1132 2614 Jacob.
1152 2595 1178 2625 1,
1197 2596 1247 2629 ¹7·

1337 2645 1377 2683 4.
