1871 3162
258 235 339 273 398
576 278 580 279 ⁷
704 244 735 273 s.
772 246 1002 274 AUGUSTINI
1034 247 1213 275 Emscom

255 311 455 371 quaedam
481 309 599 370 ligna
615 345 625 365 ,
653 327 752 371 quae
775 311 969 356 fructum
994 312 1032 355 ei
1057 311 1255 356 debitum
1280 326 1370 356 non
1395 309 1634 368 dederunt,

258 382 333 426 ubi
355 382 439 427 ait:
465 401 483 423 «
503 385 554 426 In
570 383 707 442 prima
728 398 824 427 mea
842 382 1095 427 defensione
1119 399 1246 428 nemo
1270 383 1376 427 mihi
1399 381 1547 437 affuit,
1562 381 1639 428 sed

261 471 280 493 »
307 467 454 497 omnes
477 468 546 496 me
576 452 926 512 dereliquerunt3
951 469 1038 497 non
1059 453 1143 498 illis
1165 454 1406 513 imputetur
1424 454 1464 497 ¹?
1496 472 1515 495 »
1552 456 1639 498 Ista

257 523 371 567 enim
403 523 621 568 debentur
641 524 700 568 eis
723 526 800 584 qui
832 524 1077 568 ministrant
1109 525 1353 570 doctrinam
1382 524 1639 569 rationalem

255 609 332 653 per
348 593 654 653 intelligentias
668 594 916 638 divinorum
929 596 1229 652 mysteriorum
1245 630 1255 650 ,
1274 606 1316 639 et
1328 595 1388 638 ita
1405 595 1464 638 eis
1479 594 1639 638 deben-

257 673 344 719 tur,
365 673 572 723 tanquam
589 665 853 709 hominibus.
874 665 1097 709 Debentur
1119 674 1262 709 autem
1281 665 1338 708 eis
1353 665 1463 709 sieut
1485 666 1639 709 animae

256 735 386 789 vivae,
412 734 709 793 praebentibus
727 750 770 779 se
788 735 843 779 ad
864 735 1122 779 imitandum
1140 737 1185 778 in
1206 735 1326 779 omni
1347 736 1612 780 continentia
1627 770 1636 779 .

258 806 368 847 Item
385 802 600 847 debentur
617 805 674 847 eis
698 814 905 863 tanquam
937 804 1185 849 volatilibus
1201 840 1212 861 ‚
1229 814 1406 865 propter
1428 805 1639 849 benedic-

257 874 394 918 tiones
412 889 562 918 eorum
584 890 684 934 quae
701 874 1048 934 multiplicantur
1067 891 1196 934 super
1219 885 1375 920 terram
1388 911 1403 932 ,
1429 875 1638 935 quoniam

257 944 303 988 in
320 959 494 989 omnem
512 953 668 989 terram
685 945 816 990 exivit
834 960 965 990 sonus
986 961 1135 990 eorum
1149 948 1182 989 ².

258 1125 1640 1142 mtmmssmxmmmwsswwmmmmwmmmmmmm

726 1286 943 1333 ‹JAPtIT
983 1286 1105 1332 xm
1127 1287 1164 1331 i.

350 1463 592 1525 Voluptas
614 1474 659 1509 et
680 1463 860 1509 utilitas
876 1479 937 1507 ex
962 1461 1187 1523 beneficio
1205 1462 1254 1506 ιή
1271 1462 1549 1522 proximum

851 1532 1042 1578 cellato.

314 1710 521 1751 XXXIX.
560 1710 808 1751 piscus-sur.
834 1715 980 1749 autem
1003 1706 1066 1749 his
1089 1705 1193 1749 escis
1212 1705 1287 1765 qui
1309 1705 1514 1749 laetantur
1544 1706 1629 1763 eis3

258 1794 337 1822 nec
358 1778 421 1822 illi
443 1778 646 1821 laetantur
668 1778 725 1820 eis
747 1791 935 1836 quorum
956 1779 1067 1819 Deus
1085 1785 1235 1819 venter
1257 1785 1335 1819 est.
1356 1778 1507 1836 Neque
1522 1776 1640 1819 enim

258 1850 353 1893 etin
376 1848 459 1892 illis
478 1848 551 1907 qui
574 1848 769 1906 praebcnt
787 1847 866 1890 ista
881 1882 891 1900 ,
919 1862 966 1890 ea
989 1862 1087 1905 quae
1106 1846 1211 1889 dant
1235 1845 1402 1890 fructus
1455 1855 1516 1889 est
1533 1867 1544 1901 3
1564 1845 1639 1890 sed

257 1935 344 1980 quo
367 1919 511 1963 animo
534 1918 654 1962 dant.
688 1921 840 1977 Itaque
868 1916 942 1960 ille
964 1917 1036 1976 qui
1068 1919 1157 1960 Deo
1189 1916 1425 1970 serviebat,
1451 1932 1540 1960 non
1562 1931 1641 1960 suo

255 1991 420 2045 ventri,
437 1990 564 2034 video
579 1990 708 2049 plane
720 1988 837 2032 unde
855 1988 1064 2047 gaudeat3
1085 1988 1227 2041 video,
1248 1997 1291 2032 et
1307 1986 1586 2046 congratulor
1600 1987 1640 2031 ei

257 2061 397 2107 valde.
441 2065 676 2121 Acceperat
698 2060 812 2104 enim
843 2076 865 2104 a
892 2060 1262 2119 Philippensibus,
1287 2075 1386 2118 quae
1419 2074 1495 2117 per
1525 2061 1641 2117 Epa·-

257 2132 508 2193 phroditum
535 2132 754 2188 miserant3
769 2130 843 2174 sed
861 2139 1007 2174 tamen
1020 2129 1137 2173 unde
1152 2129 1337 2187 gaudeat
1348 2128 1492 2173 video.
1514 2127 1640 2173 Unde

257 2214 401 2249 autem
427 2203 609 2262 gaudet,
633 2201 737 2246 inde
757 2201 969 2261 pascitur3
993 2201 1094 2260 quia
1127 2200 1172 2243 in
1206 2201 1385 2244 veritate
1417 2199 1604 2259 loquens
1625 2217 1634 2243 ε

259 2295 279 2318 »
305 2276 484 2321 Gavisus
499 2289 616 2328 sum,
634 2273 803 2333 inquit,
820 2272 1048 2331 magnifice
1059 2273 1104 2315 in
1118 2272 1302 2316 Domino
1315 2306 1325 2325 ,
1342 2272 1442 2332 quia
1460 2269 1637 2315 tandem

259 2365 278 2387 »
307 2345 540 2406 aliquando
558 2342 848 2403 repullulastis
871 2357 1019 2403 sapere
1041 2357 1119 2401 pro
1139 2357 1208 2385 me
1222 2377 1232 2396 ‚
1252 2342 1298 2384 in
1316 2357 1406 2400 quo
1435 2350 1477 2385 et
1498 2341 1637 2399 sapie-

260 2435 278 2455 »
306 2417 438 2474 batis3
461 2416 637 2460 taedium
661 2423 801 2458 autem
820 2413 1046 2457 habuistis.
1067 2431 1086 2452 »
1112 2412 1185 2456 Isti
1210 2427 1311 2467 ergo
1327 2411 1536 2455 diuturno
1553 2420 1635 2454 tae-

257 2485 329 2531 dio
351 2495 650 2540 marcuerant,
675 2494 717 2529 et
739 2485 862 2544 quasi
891 2490 1145 2527 exaruerant
1176 2481 1230 2526 ab
1251 2481 1333 2526 isto
1361 2480 1508 2526 fructu
1530 2481 1635 2525 boni

305 2591 314 2606 ¹
335 2592 355 2616 2
373 2584 452 2616 Tim.
473 2594 519 2623 xv,
544 2582 593 2614 16.
613 2598 651 2604 ...
670 2588 681 2604 ²
704 2581 784 2614 Psal.
805 2592 890 2622 xvm,
907 2580 937 2612 5.

1832 523 1846 569 ‘⁴

1834 585 1845 708 -.—.—
