1871 3162
1527 247 1577 262 »ιι-,-

615 256 934 284 CONFESSIONUM
951 273 961 293 ,
997 256 1078 282 LIB.
1114 256 1211 284 XIII,
1531 262 1543 283 s
1560 265 1571 283 s

205 321 343 366 donec
366 329 551 365 transeat
573 321 635 364 ira
668 321 865 376 Domini,
892 322 1016 381 cujus
1048 320 1124 364 filii
1156 329 1199 364 et
1223 335 1298 364 nos
1322 320 1481 364 suimus
1504 323 1582 366 alio

205 392 382 452 quando
415 391 633 445 tenebrae,
668 406 854 451 quarum
890 390 1062 436 residua
1093 391 1304 436 trahimus
1336 391 1381 434 in
1403 407 1583 450 corpore

204 472 380 522 propter
401 455 628 521 peccatum
648 471 821 507 mortuo
838 465 875 518 ¹,
900 464 1039 507 donec
1061 463 1218 522 aspiret
1239 461 1351 516 dies,
1377 471 1419 505 et
1444 477 1584 506 remos-

205 542 387 577 veantur
403 532 570 576 umbrae
584 536 615 575 ².
640 535 770 592 Spera
790 533 835 577 in
848 534 1057 592 Domino3
1074 548 1202 577 mane
1219 533 1390 587 astabo,
1412 541 1455 576 et
1476 548 1583 576 con-

207 602 473 661 [emplabor‚
507 618 675 662 semper
708 604 951 649 confitebor
981 603 1059 647 illi.
1084 606 1213 648 Mane
1237 603 1411 658 astabo,
1453 612 1496 647 et
1517 604 1583 647 vi-

204 672 319 717 debo
338 675 352 699 ³
375 673 560 718 salutare
581 673 728 719 vultus
749 675 834 718 mei
852 676 868 699 4
887 709 898 730 ‚
924 678 1061 719 Deum
1088 689 1235 718 meum
1257 675 1333 734 qui
1353 674 1586 719 vivificabit

203 752 246 787 et
266 743 461 788 mortalia
485 760 664 804 corpora
688 753 833 790 nostra
850 779 860 799 ‚
881 754 1058 804 propter
1091 745 1297 804 Spiritum
1320 745 1395 805 qui
1417 745 1585 789 habitat

202 814 248 858 in
278 815 402 859 nobis
423 817 436 840 ⁵
454 836 464 871 3
497 815 599 874 quia
627 833 647 856 «
686 817 824 875 Super
857 815 1038 860 interius
1073 824 1271 860 nostrum
1305 816 1583 860 tenebrosum

205 902 226 926 »
252 893 293 928 et
316 884 502 929 fluidum
524 886 856 931 misericorditer
873 886 1239 946 superferebatur.
1264 885 1425 931 »Unde
1447 886 1493 930 in
1503 887 1584 930 hac

202 955 547 1014 peregrinatione
565 955 721 1014 pignus
739 957 982 1016 accepimus
997 958 1012 982 ⁰
1028 992 1038 1012 ‚
1060 965 1109 1000 ut
1121 957 1209 1016 jam
1229 956 1362 1000 simus
1380 975 1400 998 «
1426 955 1543 1010 lux7,
1563 973 1581 996 »

203 1025 309 1069 dum
325 1024 468 1069 adhuc
481 1040 555 1084 spe
570 1025 676 1071 salvi
691 1026 792 1071 facti
805 1028 977 1071 sumus8
990 1061 1001 1081 ‚
1026 1035 1069 1070 et
1083 1025 1161 1070 filii
1179 1026 1304 1080 lueis,
1322 1035 1365 1070 et
1386 1025 1464 1069 filii
1481 1026 1582 1079 diei,

202 1111 291 1140 non
327 1095 404 1139 filii
426 1097 562 1140 noctis
580 1111 723 1156 neque
740 1098 1060 1150 tenebrarum,
1087 1094 1208 1154 quod
1237 1105 1382 1139 tamen
1404 1095 1580 1139 fuimus.

205 1169 324 1210 Inter
346 1181 453 1226 quos
475 1175 518 1210 et
540 1182 618 1211 nos
639 1167 684 1210 in
706 1167 788 1211 isto
810 1167 953 1212 adhuc
975 1168 1140 1211 incerto
1161 1166 1367 1210 humanae
1390 1167 1556 1210 notitiae
1571 1201 1582 1220 ‚

203 1245 252 1280 tu
294 1236 410 1280 solus
432 1235 587 1280 dividis
619 1237 696 1296 qui
728 1237 884 1296 probas
907 1236 1037 1282 corda
1075 1246 1250 1292 nostra,
1290 1245 1332 1281 et
1366 1251 1491 1281 vocas
1514 1237 1585 1280 lu-

209 1326 228 1348 »
263 1322 356 1350 cem
395 1307 507 1350 diem
529 1342 539 1361 ,
575 1316 619 1352 et
654 1308 854 1352 tenebras
893 1317 1067 1352 noctem
1086 1310 1134 1351 ¹⁰.
1174 1327 1193 1349 n
1219 1308 1326 1362 Quis
1359 1308 1474 1351 enim
1508 1323 1586 1352 nos

205 1378 409 1425 discernit
432 1378 511 1421 nisi
530 1381 608 1422 tu?
630 1379 737 1438 quid
759 1388 905 1424 autem
926 1380 1139 1424 habemus
1161 1379 1281 1439 quod
1303 1395 1391 1423 non
1415 1379 1585 1438 accepi-

202 1463 298 1492 mus
317 1464 341 1492 a
359 1451 468 1503 te¹¹‚
487 1464 536 1492 ex
554 1448 704 1493 eadem
724 1465 859 1494 massa
875 1465 974 1494 vasa
991 1450 1037 1493 in
1052 1451 1262 1495 honorem
1275 1484 1285 1503 ⁷
1308 1465 1357 1493 ex
1379 1465 1464 1509 qua
1485 1459 1586 1493 sunt

204 1527 246 1562 et
268 1518 350 1563 alia
372 1517 485 1563 facta
507 1520 551 1563 in
573 1518 881 1564 contumeliam
904 1523 939 1546 ¹⁴²
959 1522 976 1564 Ξ)

262 1640 273 1661 ¹
295 1641 386 1671 Rom.
411 1651 485 1681 vm,
517 1651 565 1672 10.
592 1657 632 1661 —
653 1647 664 1661 ²
684 1642 774 1672 Cant.
796 1650 829 1680 n,
861 1651 910 1682 ις.
932 1656 971 1662 -—
998 1638 1010 1662 3
1029 1640 1109 1673 Psalr
1136 1651 1168 1682 v,
1192 1640 1222 1671 5.
1241 1652 1273 1662 -ι
1299 1638 1378 1671 41d.
1399 1650 1471 1681 xm,
1493 1639 1523 1670 5.
1545 1656 1584 1661 —

204 1693 218 1717 5
238 1697 327 1726 Rom.
349 1706 419 1736 vm,
439 1707 488 1726 11.
506 1713 546 1717 —
561 1693 576 1717 6
591 1703 609 1726 2
629 1697 702 1727 Cor.
722 1707 748 1735 1,
765 1704 818 1727 22.
839 1712 875 1717 -
892 1703 905 1727 7
925 1695 1038 1737 Ephes.
1056 1707 1089 1735 v,
1112 1694 1142 1726 8.
1162 1712 1201 1717 —-
1221 1694 1236 1718 3
1260 1698 1350 1727 Rom.
1372 1707 1442 1735 vm,
1469 1694 1520 1735 25.
1544 1709 1584 1716 —-

205 1758 220 1781 9
241 1761 252 1781 1
269 1748 426 1789 Tl1e'ss.v,
443 1750 472 1782 5.
495 1767 534 1773 —
553 1753 583 1772 ¹⁴³
605 1752 683 1783 Gen.
705 1763 730 1789 1,
749 1750 779 1782 5.
795 1767 836 1772 —-
858 1754 884 1774 ¹³
911 1762 921 1781 1
944 1753 1016 1782 Cor.
1033 1761 1079 1791 lv,
1099 1761 1130 1791 7.
1155 1767 1194 1773 —
1217 1757 1246 1772 ¹²
1266 1753 1356 1782 Rom.
1379 1761 1422 1790 ix,
1440 1759 1493 1781 21.
