1871 3162
325 186 381 224 62
757 195 792 225 s.
826 194 1057 226 Auo-usum
1088 198 1268 226 Emscom

320 393 1701 411 mmmmmmmmmwwwwmmwwwwwww

831 549 1045 599 CAPUT
1080 551 1196 597 XII.

319 717 479 779 Quale
504 733 780 778 responsam
798 719 1010 763 materA
1013 718 1224 779 agustini
1236 717 1424 776 accepit
1437 731 1470 761 a
1482 714 1698 775 quodam

572 789 795 850 episcopo
818 793 879 834 de
907 789 1059 848 ipsius
1081 790 1407 834 conversione.

358 959 481 1002 XXI.
503 959 568 1001 ET
580 955 735 1001 dedisti
750 956 936 1001 alterum
949 971 1204 1015 responsum
1218 956 1391 1000 interim
1402 954 1521 1016 quod
1531 954 1692 1000 recolo.

310 1030 419 1075 Nam
438 1037 482 1072 et
497 1027 637 1072 multa
659 1036 894 1087 praetereo,
920 1026 1231 1087 propterquod
1254 1041 1438 1086 propero
1454 1027 1510 1070 ad
1524 1042 1572 1070 ea
1595 1042 1697 1086 quae

310 1113 380 1142 me
396 1098 533 1157 magis
549 1107 707 1157 urgent
728 1097 925 1143 confiteri
947 1097 1027 1141 tibi
1041 1132 1052 1153 ‚
1077 1106 1120 1141 et
1136 1097 1274 1141 multa
1288 1113 1379 1141 non
1393 1097 1585 1141 memini.
1608 1099 1694 1141 De-

308 1167 407 1213 disti
428 1184 532 1228 ergo
553 1168 738 1212 alterum
766 1183 844 1227 per
873 1166 1142 1212 sacerdotem
1173 1176 1299 1211 tuum
1321 1167 1557 1227 quemdam
1579 1167 1696 1226 epis-

307 1254 468 1298 copum
490 1239 706 1284 nutritum
720 1239 766 1282 in
783 1237 973 1282 Ecclesia
990 1273 1001 1293 ‚
1022 1246 1064 1282 et
1087 1238 1372 1283 exercitatum
1393 1238 1438 1282 in
1455 1238 1576 1282 libris
1591 1238 1692 1282 tuis.

306 1312 448 1363 Quem
465 1325 566 1354 cum
579 1308 654 1353 illa
672 1308 854 1353 foemina
872 1316 1060 1366 rogasset
1076 1316 1126 1352 ut
1148 1307 1402 1367 dignaretur
1419 1323 1591 1352 mecum
1609 1307 1697 1353 col-

304 1378 448 1440 loqui,
472 1388 516 1423 et
533 1377 732 1423 refellere
753 1393 917 1423 errores
942 1392 1082 1433 meos,
1108 1387 1152 1422 et
1169 1377 1384 1422 dedocere
1406 1393 1476 1422 me
1493 1377 1629 1432 mala,
1646 1392 1695 1422 ac

304 1448 461 1494 docere
488 1449 605 1493 bona
638 1447 850 1503 (iaciebat
870 1447 986 1491 enim
1016 1448 1125 1502 hoc,
1158 1443 1194 1491 si
1222 1463 1332 1507 quos
1370 1445 1484 1491 sorte
1514 1446 1693 1492 idoneos

302 1518 536 1564 invenisset
557 1520 596 1576 ),
631 1517 774 1562 noluit
795 1515 870 1560 ille
885 1551 896 1571 ‚
920 1516 1161 1576 prudenter
1187 1532 1311 1572 sane,
1337 1526 1553 1577 quantum
1581 1518 1694 1562 sensi

303 1598 466 1648 postea.
486 1587 729 1648 Respondit
744 1588 861 1631 enim
875 1602 945 1630 me
960 1588 1104 1632 adhuc
1119 1603 1208 1632 esse
1222 1587 1455 1632 indocilem
1470 1623 1481 1643 ,
1503 1604 1554 1632 eo
1569 1589 1692 1648 quod

300 1659 476 1703 inflatus
500 1673 635 1703 essem
658 1658 854 1703 novitate
878 1658 1050 1702 haeresis
1072 1657 1187 1702 illius
1202 1693 1213 1713 ‚
1238 1667 1281 1702 et
1298 1658 1520 1703 nonnullis
1543 1674 1690 1719 quaes-

301 1728 609 1789 tiunculisjam
629 1727 790 1772 multos
807 1727 1032 1786 imperitos
1054 1729 1357 1787 exagitassem,
1383 1730 1496 1773 sicut
1522 1729 1595 1773 illa
1618 1730 1686 1774 in-

303 1800 520 1844 dicaverat
542 1799 596 1842 ei.
617 1817 637 1840 «
656 1797 739 1843 Sed
753 1798 860 1852 sine,
881 1797 1040 1857 inquit,
1061 1798 1187 1842 illum
1208 1799 1271 1842 ibi
1289 1834 1300 1854 ‚
1325 1808 1369 1843 et
1390 1808 1560 1844 tantum
1583 1815 1688 1859 roga

302 1888 322 1911 »
357 1885 437 1930 pro
468 1885 520 1914 eo
545 1869 778 1913 Dominum
805 1883 814 1908 :
841 1867 933 1926 ipse
961 1867 1149 1926 legendo
1172 1869 1356 1927 reperiet
1372 1904 1382 1921 ‚
1407 1871 1502 1928 quis
1523 1869 1598 1914 ille
1632 1871 1687 1914 sit

303 1959 324 1982 »
360 1956 494 1995 error,
526 1949 569 1984 et
600 1948 765 2000 quanta
798 1939 1053 1997 impietas.»
1092 1939 1230 1984 Simul
1258 1941 1385 1983 etiam
1417 1942 1607 1985 narravit
1642 1956 1687 1985 se

299 2026 476 2071 quoque
494 2009 723 2070 parvulum
740 2026 764 2053 a
784 2008 961 2055 seducta
978 2018 1116 2053 matre
1137 2024 1214 2053 sua
1228 2009 1378 2053 datum
1396 2008 1526 2054 fuisse
1544 2012 1686 2055 Mani-

297 2081 428 2126 chaeis
444 2116 455 2136 ,
485 2090 528 2125 et
549 2095 697 2125 omnes
719 2095 831 2139 pene
854 2095 943 2123 non
965 2079 1115 2137 legisse
1137 2090 1331 2136 tantum,
1371 2097 1522 2126 verum
1551 2083 1682 2127 etiam

294 2152 549 2210 scriptitasse
569 2150 703 2194 libros
725 2165 876 2194 eorum
890 2185 901 2205 ‚
926 2149 1096 2209 sibique
1119 2151 1364 2210 apparuisse
1388 2152 1511 2197 nullo
1528 2162 1681 2198 contra

297 2222 546 2281 disputante
562 2229 605 2265 et
627 2220 928 2275 convincente,
949 2235 1083 2279 quam
1100 2229 1210 2265 esset
1226 2220 1299 2265 illa
1317 2230 1430 2266 secta
1445 2221 1652 2281 fugienda
1668 2245 1680 2282 3

295 2292 441 2352 itaque
472 2289 645 2350 fugisse.
671 2292 780 2343 Quae
798 2304 900 2333 cum
931 2288 1004 2333 ille
1042 2289 1218 2334 dixisset
1238 2325 1248 2345 ‚
1280 2300 1411 2351 atque
1440 2291 1513 2336 illa
1544 2292 1683 2338 nollet

295 2362 564 2420 acquiescere
580 2395 591 2416 ‚
629 2359 706 2405 sed
728 2360 906 2404 instaret
922 2359 1056 2418 magis
1079 2361 1355 2420 deprecando
1371 2396 1383 2415 ‚
1416 2372 1461 2407 et
1489 2363 1679 2409 ubertim

294 2430 464 2486 flendo,
488 2439 538 2475 ut
559 2446 628 2475 me
649 2429 831 2486 videret,
848 2439 891 2475 et
910 2445 1082 2475 mecum
1100 2430 1325 2476 dissereret
1347 2451 1355 2476 :
1378 2431 1449 2476 ille
1461 2434 1677 2493 jam'sub-

295 2502 566 2548 stomachans
592 2502 725 2547 taedio
750 2519 759 2547 :
784 2499 944 2546 «Vade
961 2535 972 2557 ,
992 2501 1152 2563 inquit,
1176 2517 1200 2547 a
1217 2517 1308 2559 me,
1326 2502 1385 2549 ita
1407 2503 1524 2550 vivas
1550 2523 1559 2551 ι
1584 2505 1679 2552 fieri
