1871 3162
533 257 587 284 DE
617 251 977 286 cATnEcmzAmms
1009 256 1203 286 RUDIBUS.
1474 245 1557 286 507

675 606 892 655 CAPUT
927 608 1068 653 XIII.

177 782 459 828 Remedium
478 793 649 829 contra
672 793 901 842 quartam
927 799 1132 830 causam
1145 781 1364 846 fastidii.
1383 808 1442 818 —
1454 783 1562 828 Aa·

236 851 364 898 ditor
383 853 459 898 vel
476 852 719 899 audiendo
740 853 819 899 vel
835 853 1011 899 stando
1028 854 1301 917 fatigatas,
1325 852 1563 913 quomodo

235 922 540 969 recreandus.
550 950 609 962 ·—
625 923 750 970 Usus
766 922 1000 969 audiendi
1012 923 1210 970 verbum
1226 923 1324 971 Dec·
1331 923 1561 980 sedendo,

234 994 283 1039 in
304 993 593 1054 quibasdam
611 994 849 1041 Ecclesz'z's
871 1005 1104 1055 receptas.

231 1166 396 1210 XVIII.
434 1167 518 1210 San
536 1180 581 1209 re
599 1180 701 1211 vera
718 1165 907 1210 multum
919 1174 991 1225 lest
1012 1165 1249 1224 perdurare
1270 1166 1318 1210 in
1339 1165 1563 1225 loquendo

172 1249 311 1298 usque
341 1236 397 1280 ad
422 1237 660 1281 terminum
683 1237 991 1296 praestitutum,
1017 1251 1120 1281 cum
1138 1237 1303 1281 moveri
1325 1252 1415 1281 non
1436 1236 1562 1282 vide·-

172 1320 269 1350 mus
291 1306 565 1366 audientem3
598 1307 720 1368 quod
739 1308 828 1353 sive
850 1323 940 1352 non
962 1308 1135 1363 audeat,
1159 1308 1380 1367 religionis
1408 1308 1563 1352 timore

172 1377 446 1433 constrictus,
474 1393 578 1422 voce
595 1388 671 1423 aut
688 1378 836 1439 aliquo
854 1387 979 1423 motu
1007 1379 1201 1438 corporis
1223 1379 1462 1436 significare
1482 1393 1563 1437 ap-

172 1447 477 1507 probationem
499 1465 638 1503 suam,
663 1449 752 1494 sive
773 1451 965 1494 humana
987 1449 1249 1494 verecundia
1277 1450 1559 1509 reprimatur-3

173 1517 261 1562 sive
283 1517 399 1562 dicta
420 1532 510 1562 non
535 1517 765 1577 intelligat,
793 1519 881 1563 sive
901 1529 1176 1564 contemnat:
1203 1519 1562 1580 quandoquidem

173 1587 299 1632 nobis
320 1603 411 1632 non
433 1588 713 1632 cernentibus
734 1589 930 1633 animum
951 1591 1043 1648 ejus
1071 1591 1287 1634 incertum
1308 1599 1386 1645 est,
1417 1590 1562 1635 omnia

172 1672 370 1702 sermone
392 1657 602 1702 tent-anda
622 1667 740 1713 sunt,
766 1674 866 1718 quae
891 1659 945 1703 ad
963 1674 1063 1703 eum
1081 1660 1358 1704 excitandum
1388 1669 1430 1704 et
1463 1669 1563 1704 tan-

172 1742 306 1788 quam
328 1726 383 1770 de
404 1727 580 1771 latebris
601 1727 846 1771 eruendum
866 1729 1032 1787 possint
1052 1728 1211 1773 valere.
1236 1732 1345 1775 Nam
1367 1739 1410 1774 et
1431 1731 1562 1775 timor

173 1797 333 1841 nimius
346 1805 477 1857 atque
490 1797 731 1857 impediens
748 1797 1086 1842 declarationem
1100 1798 1255 1858 judicii
1272 1801 1379 1859 ejus,
1400 1799 1562 1845 blanda

174 1869 473 1912 exhortatione
491 1867 719 1927 pellendus
737 1878 815 1923 est,
836 1877 879 1912 et
894 1868 1156 1914 insinuando
1174 1868 1411 1914 fraternam
1432 1871 1565 1915 socie-

174 1947 309 1982 tatem
332 1938 592 1982 verecundia
615 1938 913 1998 temperanda,
939 1948 982 1982 et
1002 1939 1339 1998 interrogatione
1361 1956 1562 2000 quaeren-

174 2007 281 2052 dum
298 2018 448 2052 utrum
469 2008 698 2067 intelligat,
724 2018 767 2052 et
788 2007 932 2053 danda
953 2008 1127 2063 fiducia,
1154 2019 1202 2053 ut
1219 2011 1252 2054 si
1271 2010 1378 2071 quid
1395 2010 1434 2054 ei
1449 2026 1560 2055 con-

173 2078 477 2123 tradicendum
499 2079 686 2132 videtur,
716 2078 853 2123 libere
874 2078 1081 2138 proferat.
1107 2081 1404 2133 Quaerendum
1425 2082 1557 2126 etiam

173 2148 229 2192 de
257 2148 348 2202 illo,
374 2159 524 2193 utrum
546 2151 639 2193 haec
670 2148 908 2208 aliquando
938 2150 1030 2209 jam
1061 2150 1262 2206 audierit,
1298 2160 1341 2195 et
1369 2151 1562 2196 fortassis

175 2233 276 2262 eum
302 2228 511 2279 tanquam
537 2228 639 2263 nota
660 2228 702 2263 et
720 2219 975 2279 pervulgata
997 2215 1087 2265 n'on
1109 2230 1334 2279 moveant3
1356 2231 1400 2266 et
1427 2237 1560 2281 agen-

175 2288 282 2333 dum
302 2305 380 2349 pro
397 2291 487 2350 ejus
503 2290 796 2348 responsione,
822 2299 872 2334 ut
894 2301 970 2335 aut
992 2290 1162 2349 planius
1180 2301 1223 2336 et
1242 2291 1469 2338 enodatius
1490 2293 1560 2338 lo-

175 2375 376 2420 quamur,
410 2370 484 2405 aut
516 2361 765 2420 opinionem
803 2362 1062 2405 contrariam
1093 2361 1356 2418 refellamus,
1398 2359 1560 2409 autea

175 2446 275 2490 quae
305 2430 369 2474 illi
400 2439 502 2474 nota
536 2439 638 2475 sunt
671 2446 761 2475 non
797 2430 1058 2489 explicemus
1092 2431 1237 2487 latius,
1263 2432 1560 2479 sed‘breviter

175 2499 499 2560 complicemus,
518 2501 813 2562 eligamusque
827 2499 973 2561 aliqua
990 2517 1040 2546 ex
1057 2502 1122 2546 his
1141 2519 1240 2563 quae
1254 2505 1436 2562 mystice
1447 2505 1562 2550 dicta

174 2579 277 2616 sunt
296 2573 342 2615 in
357 2572 513 2617 sanctis
530 2571 687 2627 Libris,
722 2580 766 2617 et
782 2572 967 2617 maxime
996 2572 1043 2618 in
1062 2572 1154 2633 ipsa
1172 2575 1437 2632 narratione,
1461 2591 1562 2635 quae
