1871 3162
324 206 377 241 -20
755 214 788 239 s.
824 210 1052 237 AUGUSTINI
1085 209 1264 236 EPISCOPI

320 291 470 321 verum
501 276 554 319 sit
576 275 695 334 quod
729 278 912 318 AEneam
938 272 1172 332 aliquando
1193 273 1500 331 Carthaginem
1531 273 1696 316 venisse

321 349 452 391 Poeta
468 345 574 389 dicit
593 365 602 389 :
628 343 885 389 indoctiores
902 357 946 387 se
962 342 1126 386 nescire
1147 341 1474 401 respondebunt
1496 377 1506 397 ‚
1527 342 1698 386 doctio-

319 431 385 460 res
404 424 550 459 autem
571 415 699 458 etiam
717 413 941 472 negabunt
962 427 1114 456 verum
1137 427 1239 457 esse.
1260 415 1318 456 At
1334 412 1369 456 si
1383 427 1576 471 quaeram
1599 412 1698 472 qui-

320 486 400 530 bus
421 485 573 528 litteris
593 484 806 528 scribatur
826 485 976 526 AEneae
997 497 1174 537 nomen,
1197 496 1346 526 omnes
1368 482 1490 535 mihi,
1506 482 1583 540 qui
1605 482 1698 525 haec

321 556 566 601 didicerunt
585 590 596 611 ‚
624 569 776 601 verum
798 552 1126 614 respondebunt
1141 588 1153 609 ‚
1191 552 1431 598 secundum
1451 551 1497 596 id
1521 561 1697 611 pactum

320 636 363 671 et
382 627 588 686 placitum
603 663 614 681 ‚
655 642 743 685 quo
764 626 876 670 inter
897 640 942 670 se
973 625 1171 669 homines
1191 624 1272 668 ista
1299 624 1419 682 signa
1449 624 1693 668 firmarunt.

321 700 432 741 Item
454 697 488 741 si
510 712 702 756 quaeram
719 731 731 751 ,
760 695 868 756 quid
888 696 1047 740 horum
1068 696 1230 755 majore
1256 695 1356 739 vitae
1378 695 1506 754 hujus
1527 695 1697 739 incom-

318 767 450 812 modo
464 769 649 827 quisque
670 767 963 822 obliviscatur,
984 766 1128 825 legere
1149 775 1192 810 et
1213 766 1398 810 scribere
1413 801 1423 821 ,
1453 781 1508 810 an
1529 766 1699 825 poetica

318 837 391 881 illa
413 838 617 895 figmenta
642 856 651 882 z
673 837 769 897 quis
791 853 880 881 non
898 836 1044 882 videat
1077 836 1184 896 quid
1215 851 1498 896 responsurus
1520 836 1596 891 sit,
1622 836 1698 896 qui

317 922 407 951 non
424 916 488 950 est
503 908 674 965 penitus
690 907 850 951 oblitus
872 908 964 950 sui?
985 907 1225 951 Peccabam
1248 921 1348 965 crgo
1366 921 1489 966 puer,
1505 921 1606 950 cum
1624 905 1696 950 illa

317 978 462 1022 inania
476 977 563 1022 istis
580 977 826 1022 utilioribus
843 993 988 1023 amore
1010 978 1319 1037 praeponebam
1335 999 1347 1035 3
1365 978 1436 1022 vel
1452 978 1596 1036 potius
1618 977 1697 1021 ista

317 1048 494 1093 oderam
512 1083 522 1102 ‚
541 1048 615 1092 illa
632 1049 845 1092 amabam.
868 1052 1070 1094 Jamvero
1085 1065 1225 1093 unum
1247 1058 1289 1093 et
1314 1064 1453 1092 unum
1476 1048 1581 1101 duo,
1607 1047 1697 1091 duo

319 1129 362 1164 et
383 1119 472 1163 duo
494 1128 706 1179 quatuor,
731 1119 876 1164 odiosa
899 1121 1041 1164 cantio
1066 1120 1171 1163 mihi
1193 1129 1285 1163 erat
1306 1138 1315 1163 ε
1342 1128 1385 1163 et
1402 1118 1697 1162 dulcissimum

317 1189 612 1249 spectaculum
641 1190 839 1233 vanitatis
871 1205 1008 1249 equus
1041 1190 1210 1248 ligneus
1242 1190 1394 1248 plenus
1428 1189 1629 1243 armatis,
1655 1196 1698 1231 et

322 1261 458 1319 Trojae
480 1260 728 1304 incendium
745 1295 756 1315 ,
776 1269 907 1320 atque
930 1260 1061 1318 ipsius
1084 1259 1239 1304 umbra
1261 1262 1434 1305 Creusae
1458 1261 1487 1302 ¹.

326 1427 505 1443 wlstuvt‘tm
511 1428 523 1442 ².
529 1428 608 1443 xxxv&
612 1427 991 1443 XROEUXQQBUWW'bu-uwb'v
997 1428 1025 1440 νζ
1029 1426 1459 1442 ΜἊνᾺὶνἏὶ-ΜΜὮΣΜἙᾺ
1464 1426 1697 1441 ἴαν-ἱΊΑ-ΕὌὋἘΙΛΝΝ

790 1560 957 1608 (ᾺΡΕ
967 1561 1005 1606 ‘i'
1052 1561 1185 1607 Xt‘v.

701 1714 910 1760 Litteras
924 1730 1113 1777 graecas
1135 1711 1321 1759 oderat.

375 1877 664 1920 XXIIL'Cnn
687 1890 790 1933 ergo
809 1890 991 1933 graecam
1014 1875 1141 1918 etiam
1164 1875 1491 1933 grammaticam
1521 1874 1697 1919 oderam

316 1946 418 1990 talia
440 1947 717 1990 cantantem?
738 1948 847 1990 Nam
865 1954 908 1988 et
926 1948 1139 1989 Homerus
1162 1946 1324 2004 peritus
1346 1955 1488 1989 texere
1510 1945 1614 1989 tales
1629 1945 1698 1989 fa-

318 2015 453 2059 bellas
471 2050 482 2070 ,
518 2024 560 2058 ct
592 2014 839 2059 dulcissime
867 2030 1003 2059 vanus
1036 2025 1120 2069 est,
1156 2024 1199 2058 et
1221 2015 1327 2058 mihi
1349 2024 1496 2058 tamen
1525 2031 1697 2059 amarus

319 2095 409 2130 erat
439 2101 590 2144 puero.
614 2085 756 2130 Credo
788 2086 918 2129 etiam
951 2086 1098 2144 graecis
1133 2086 1276 2144 pueris
1298 2085 1503 2144 Virgilius
1531 2086 1590 2130 ita
1613 2087 1694 2142 sit,

316 2172 416 2201 cum
438 2172 539 2200 eum
576 2157 634 2200 sic
664 2156 827 2200 discere
858 2166 1094 2214 coguntur,
1121 2166 1171 2200 ut
1208 2172 1287 2215 ego
1318 2156 1457 2200 illum.
1483 2156 1699 2202 Videlicet

319 2228 551 2272 difficultas
568 2263 579 2281 ,
605 2227 837 2271 difficultas
859 2228 1035 2271 omnino
1073 2227 1313 2271 ediscendae
1336 2228 1573 2286 peregrinae
1610 2228 1696 2272 lin-

320 2314 415 2356 guae
435 2333 446 2351 ,
469 2297 588 2357 quasi
613 2295 713 2340 felle
744 2297 998 2356 aspergebat
1020 2313 1168 2341 omnes
1190 2299 1419 2341 suavitates
1441 2313 1598 2355 graecas
1630 2298 1697 2343 fa-

318 2367 569 2411 bulosarum
592 2367 904 2410 narrationum.
930 2366 1057 2412 Nulla
1080 2368 1196 2410 enim
1216 2369 1346 2411 verba
1368 2368 1441 2411 illa
1459 2383 1663 2412 noveram
1681 2405 1692 2424 ,

320 2448 361 2481 ct
393 2438 512 2481 saevis
539 2438 774 2482 terroribus
808 2454 856 2482 ac
893 2439 1033 2497 poenis
1065 2447 1114 2482 ut
1136 2453 1303 2483 nossem
1326 2438 1567 2484 instabatur
1588 2441 1695 2484 mihi

370 2540 375 2553 ⁸
401 2533 509 2563 ,ΥΉι-Ῐιι
543 2543 576 2564 lt.
