1871 3162
554 246 896 281 cowmssromnw,
934 246 1013 271 Lm.
1051 246 1145 270 xm.
1447 233 1529 271 405

164 330 235 365 tua
258 328 454 364 ereatura
478 318 618 376 placet
634 318 733 378 quia
752 318 868 361 bona
893 326 978 371 est,
1003 316 1163 375 quibus
1196 324 1340 359 tamen
1366 330 1455 359 non
1485 326 1529 360 tu

160 392 303 452 places
320 392 365 435 in
387 407 435 434 ea
453 426 463 444 ‚
483 390 601 433 unde
620 388 704 433 frui
726 388 859 447 magis
880 389 968 448 ipsa
991 403 1122 448 quam
1144 397 1187 431 te
1207 386 1377 431 volunt.
1402 387 1535 431 Aliud

161 473 304 507 autem
319 497 329 516 ,
349 470 398 505 ut
419 476 518 505 cum
542 459 706 519 aliquid
725 458 843 503 videt
864 459 995 504 homo
1011 459 1111 519 quia
1132 459 1295 502 bonum
1317 467 1401 512 est,
1424 461 1535 502 Deus

159 534 205 577 in
226 533 302 577 illo
318 531 464 576 videat
485 531 585 591 quia
607 530 772 575 bonum
791 539 869 585 est,
896 540 944 574 ut
965 530 1126 574 scilicet
1143 529 1215 573 ille
1233 538 1401 573 ametur
1421 529 1466 572 in
1486 544 1537 572 eo

162 604 283 664 quod
311 602 413 648 fecit
429 639 440 658 ‚
475 603 550 662 qui
572 618 661 647 non
683 611 899 646 amaretur
920 602 1000 645 nisi
1020 616 1097 661 per
1119 601 1317 661 spiritum
1341 608 1536 645 sanctum

161 690 293 735 quem
313 674 433 718 dedit
451 695 461 731 3
488 674 693 734 quoniam
713 673 896 717 charitas
913 674 989 716 Dei
1011 672 1169 716 diffusa
1192 681 1254 716 est
1272 673 1313 715 in
1336 671 1539 716 cordibus

161 746 317 789 nostris
342 761 417 804 per
457 745 663 803 Spiritum
697 753 893 788 sanctum
923 744 999 804 qui
1028 744 1154 788 datus
1175 752 1234 787 est
1265 743 1437 798 nobis¹‚
1464 758 1540 802 per

164 831 294 876 quem
314 815 509 860 videmus
527 816 626 875 quia
651 816 816 860 bonum
834 825 895 859 est
911 813 1125 875 quidquid
1148 813 1293 875 aliquo
1309 813 1441 858 modo
1458 823 1537 857 est.

162 888 231 931 Ab
253 886 329 930 illo
364 888 477 930 enim
501 896 589 940 est,
619 887 694 946 qui
728 902 818 931 non
851 886 995 947 aliquo
1018 885 1149 931 modo
1181 895 1273 942 est,
1312 884 1389 930 sed
1420 883 1541 945 quod

162 967 246 1011 est,
268 966 344 1002 est.

167 1160 1543 1178 MWUWWWWDWMNWWWWWWUMUMWWWWWVWSWWWWWM

618 1315 834 1364 CAPUT
869 1317 1080 1362 XXXII.

446 1503 744 1565 (lompendz’o
766 1515 967 1550 enarrat
979 1521 1128 1565 opera
1152 1506 1258 1551 Dei.

220 1689 399 1730 XLVII.
426 1688 612 1731 GnAnAs
634 1687 713 1731 tibi
727 1722 738 1741 ‚
760 1687 957 1731 Domine.
984 1688 1191 1733 Videmus
1208 1690 1372 1735 coelum
1389 1701 1432 1736 et
1453 1701 1543 1736 ter-

163 1772 270 1811 ram,
286 1758 373 1801 sive
386 1757 652 1816 corporalem
669 1767 832 1816 partem
849 1759 1113 1817 superiorem
1129 1769 1259 1819 atque
1273 1761 1539 1818 inferiorem,

163 1829 250 1872 sive
272 1827 506 1886 spiritalem
527 1828 881 1888 corporalemque
895 1839 1135 1874 creaturam
1154 1849 1162 1874 :
1180 1841 1309 1891 atque
1322 1832 1367 1876 in
1384 1843 1541 1878 ornatu

162 1900 314 1943 harum
339 1899 527 1958 partium
550 1899 708 1958 quibus
730 1899 978 1943 constatvel
1001 1900 1196 1945 universa
1219 1902 1371 1947 mundi
1388 1905 1537 1960 moles,

162 1970 230 2015 vel
254 1971 449 2014 universa
466 1971 643 2014 omnino
665 1980 858 2015 creatura
878 1993 888 2028 3
912 1971 1108 2015 videmus
1124 1971 1267 2016 lucem
1291 1973 1448 2019 factam
1472 1977 1540 2020 di-

162 2043 382 2101 visamque
415 2058 436 2085 a
471 2043 674 2086 tenebris.
697 2042 904 2086 Videmus
929 2044 1249 2089 firmamentum
1289 2046 1417 2101 coeli,
1450 2049 1539 2092 sive

162 2116 274 2158 inter
296 2113 503 2172 spiritales
521 2129 654 2173 aquas
673 2114 913 2174 superiores
932 2124 975 2158 et
999 2115 1242 2174 corporales
1263 2117 1534 2173 inferiores'2‚

163 2184 413 2244 primarium
433 2200 587 2243 corpus
606 2184 783 2242 mundi3
800 2185 888 2229 sive
905 2185 987 2229 hoc
1010 2187 1194 2245 spatium
1217 2188 1323 2232 aeris
1339 2224 1349 2243 ‚
1377 2190 1478 2249 quia
1495 2199 1538 2233 et

161 2258 244 2300 hoc
266 2266 445 2300 vocatur
461 2256 622 2299 coelum
638 2291 648 2309 ‚
676 2271 750 2314 per
766 2257 886 2316 quod
908 2266 1119 2315 vagantur
1135 2257 1324 2303 volatilia
1346 2259 1447 2304 coeli
1467 2262 1533 2305 in-

165 2336 229 2371 ter
251 2342 402 2386 aquas,
429 2342 527 2386 quae
560 2326 819 2385 vaporaliter
857 2327 914 2370 eis
943 2326 1275 2386 superferuntur
1305 2339 1348 2373 et
1379 2333 1538 2375 serenis

164 2398 293 2442 etiam
311 2398 512 2441 noctibus
527 2406 689 2451 rorant,
709 2407 752 2441 et
767 2397 843 2441 has
860 2398 1014 2457 quaein
1033 2399 1155 2442 terris
1176 2415 1323 2457 graves
1345 2401 1533 2447 fluitant.

165 2469 372 2512 Videmus
413 2477 770 2528 congregatarum
801 2483 1011 2527 aquarum
1038 2469 1220 2527 speciem
1257 2486 1333 2529 per
1364 2488 1538 2533 campos

216 2585 221 2592 '
245 2579 335 2609 Rom.
355 2588 386 2617 v,
411 2577 441 2609 5.
464 2594 499 2600 -
521 2584 532 2599 ²
547 2577 624 2608 vide
647 2577 703 2609 lib.
724 2588 760 2619 u,
774 2579 916 2609 Reti-act.
937 2587 1009 2618 cap.
1027 2588 1072 2616 vu,
1093 2588 1122 2608 n.
1144 2586 1174 2609 2.
