1871 3162
231 253 314 292 204
667 263 699 294 S.
735 264 965 294 AUGUSTINI
999 266 1177 293 Emseom

227 341 350 387 rent,
390 347 445 377 ne
466 347 535 376 me
569 341 745 391 propter
772 347 815 376 se
836 331 909 375 illa
939 332 1082 375 dicere
1104 338 1333 389 putarent.
1363 343 1463 386 quse
1500 327 1614 370 inter

228 405 323 448 haec
341 403 472 447 verba
495 402 691 447 dixerim.
721 402 832 454 Quia
869 410 913 444 et
940 416 1088 445 revera
1120 415 1200 444 nec
1225 415 1275 442 ea
1295 399 1482 443 dicerem
1501 431 1512 450 ,
1535 412 1616 440 nec

229 475 289 518 sic
312 488 361 517 ea
385 472 596 527 dicerem,
625 472 748 514 sime
777 470 831 514 ab
854 470 913 513 eis
947 469 1085 513 audiri
1115 469 1339 528 viderique
1370 467 1575 511 sentirem
1606 486 1614 509 :

230 559 323 599 nec,
344 545 377 587 si
399 541 680 597 dicerem,sic
711 541 958 598 acciperent
975 538 1198 599 quomodo
1231 552 1405 582 mecum
1436 545 1479 580 et
1512 534 1620 578 mihi

230 629 375 659 coram
393 622 434 656 te
452 613 506 655 de
527 611 730 655 familiari
748 610 911 654 affectu
934 608 1068 653 animi
1089 608 1193 650 mei.

288 685 367 726 IX.
404 680 610 725 Inhorrui
627 680 838 734 timendo,
864 678 1119 737 ibidemque
1136 674 1330 720 inferbui
1349 673 1563 732 sperando
1577 682 1622 718 et

231 752 465 798 exultando
482 752 528 795 in
548 761 625 796 tua
656 749 968 804 misericordia,
995 753 1135 792 Pater.
1163 749 1220 790 Et
1242 747 1337 789 haec
1359 745 1507 789 omnia
1529 745 1621 789 exi-

232 824 340 868 bant
363 839 440 882 per
458 822 606 867 oculos
628 837 746 866 meos
769 831 813 865 ct
830 835 981 865 vocem
1003 833 1159 872 meam,
1185 832 1287 861 cum
1307 830 1540 860 conversus
1564 813 1621 858 ad

232 909 310 934 nos
326 894 508 949 Spiritus
527 902 627 937 tuus
642 892 784 936 bonus
801 892 860 935 ait
871 891 997 935 nobis
1015 909 1023 934 z
1044 908 1064 931 «
1081 888 1181 933 Filii
1193 887 1442 940 hominum,
1457 900 1625 945 quous-

236 979 256 1002 »
293 975 380 1019 que
390 974 539 1018 graves
553 962 685 1003 corde
696 965 714 1002 P
727 965 785 1002 Ut
797 961 905 1017 quid
915 960 1093 1016 diligitis
1107 959 1360 1012 vanitatem,
1373 966 1416 1000 et
1431 956 1624 1015 quaeritis

235 1048 256 1071 >›
291 1029 593 1073 mendacium?
609 1047 628 1069 »
649 1028 890 1071 Dilexeram
908 1028 1023 1070 enim
1041 1026 1295 1080 vanitatem,
1312 1034 1356 1070 et
1368 1026 1625 1085 quaesieram

236 1100 527 1145 mendacium.
552 1101 608 1143 Et
628 1108 695 1154 tu,
723 1099 923 1153 Domine,
944 1099 1034 1157 jam
1054 1097 1408 1155 magnificaveras
1426 1104 1626 1139 sanctum

236 1181 379 1226 tuum,
404 1171 613 1215 suscitans
635 1185 735 1213 eum
758 1185 782 1213 a
799 1169 997 1224 mortuis,
1017 1178 1061 1212 et
1079 1167 1296 1212 collocans
1320 1165 1376 1211 ad
1404 1166 1627 1211 dexteram

237 1252 358 1287 tuam
375 1244 405 1297 ¹,
427 1241 545 1286 unde
565 1242 757 1285 mitteret
774 1256 824 1284 ex
841 1240 929 1284 alto
945 1239 1273 1299 promissionem
1289 1253 1413 1282 suam
1430 1236 1628 1281 Paracle-

238 1324 333 1358 tum
365 1314 572 1373 Spiritum
596 1313 812 1357 veritatis‘2
833 1331 841 1356 ε
868 1321 912 1355 et
933 1312 1108 1355 miserat
1133 1325 1234 1354 eum
1258 1310 1393 1369 jamss,
1435 1308 1512 1352 sed
1548 1322 1628 1365 ego

237 1383 498 1428 nesciebam.
523 1383 700 1427 Miserat
722 1397 838 1437 eum,
863 1382 966 1441 quia
982 1382 1072 1441 jam
1095 1380 1396 1438 magnificatus
1417 1387 1525 1432 erat,
1554 1393 1625 1421 re-

239 1469 418 1513 surgens
441 1470 464 1498 a
485 1454 691 1508 mortuis,
727 1462 770 1497 et
803 1451 1037 1497 ascendens
1071 1453 1117 1494 in
1145 1450 1322 1493 coelum.
1349 1452 1463 1492 Ante
1481 1458 1629 1492 autem

243 1526 424 1585 Spiritus
442 1524 641 1570 nondum
657 1533 748 1568 erat
769 1523 912 1576 datus,
936 1521 1038 1580 quia
1058 1523 1082 1564 J
1087 1536 1181 1565 esus
1203 1519 1403 1564 nondum
1425 1528 1518 1563 erat
1537 1519 1630 1563 cla-

240 1599 429 1642 rificatus
445 1599 461 1622 4
481 1617 491 1638 2
527 1606 569 1637 et
606 1594 819 1636 clamabat
861 1592 1115 1650 prophetia:
1148 1610 1168 1633 «
1205 1594 1442 1650 Quousque
1479 1605 1630 1649 graves

243 1684 262 1706 »
299 1663 458 1708 corde?
482 1666 539 1708 Ut
560 1662 667 1722 quid
688 1661 863 1720 diligitis
884 1662 1135 1715 vanitatem,
1163 1670 1204 1704 et
1226 1661 1419 1719 quaeritis
1442 1660 1631 1704 menda-

245 1754 264 1778 »
300 1736 440 1779 cium?
455 1735 668 1778 Etscitote
681 1733 889 1792 quoniam
897 1732 1106 1777 Dominus
1115 1732 1410 1790 magnificavit
1422 1733 1631 1775 Sanctum

246 1825 265 1847 »
302 1821 443 1849 suum.
465 1823 485 1845 »
505 1804 696 1849 Clamat:
721 1807 1017 1862 «Quousque,
1041 1821 1062 1843 »
1084 1802 1264 1846 clamat:
1284 1821 1304 1843 «
1324 1802 1500 1846 Scitote.
1528 1819 1549 1842 n
1574 1804 1632 1845 Et

243 1892 322 1935 ego
340 1875 493 1920 tandiu
511 1874 704 1918 nesciens
725 1874 961 1917 vanitatem
981 1871 1129 1927 dilexi,
1150 1881 1194 1916 et
1213 1872 1487 1916 mendacium
1507 1887 1631 1931 quae-

243 1946 347 2003 sivi,
371 1954 414 1988 et
435 1943 533 1988 ideo
556 1943 702 1988 audivi
722 1953 764 1987 et
786 1943 1046 1996 contremui,
1072 1942 1278 2001 quoniam
1296 1941 1454 1985 talibus
1472 1940 1632 1984 dicitur

240 2016 416 2078 qualem
436 2031 506 2059 me
522 2016 654 2060 fuisse
670 2015 988 2058 reminiscebar.
1011 2016 1063 2056 In
1080 2012 1485 2071 phantasmatibus⁵
1515 2012 1632 2055 enim

243 2103 342 2147 quae
373 2102 452 2145 pro
473 2086 654 2130 veritate
677 2095 918 2138 tenueram,
944 2083 1107 2127 vanitas
1143 2091 1234 2126 erat
1264 2090 1306 2125 et
1336 2081 1628 2127 mendacium.

245 2160 302 2201 Et
322 2156 496 2200 insonui
519 2154 656 2198 multa
675 2155 860 2213 graviter
882 2162 923 2197 et
947 2152 1114 2196 fortiter
1136 2152 1182 2195 in
1202 2151 1352 2195 dolore
1367 2150 1632 2196 recordatio-

248 2228 312 2272 nis
329 2243 452 2271 meae.
488 2229 596 2279 Quae
614 2226 779 2269 utinam
797 2224 1015 2268 audissent
1033 2223 1109 2282 qui
1129 2222 1272 2266 adhuc
1289 2237 1427 2281 usque
1445 2221 1633 2280 diligunt

246 2298 484 2342 vanitatem
506 2305 549 2340 et
569 2304 774 2356 quaerunt
788 2294 1077 2338 mendacium.
1098 2296 1228 2337 Forte
1242 2293 1628 2348 conturbarentur,

312 2423 319 2438 ¹
346 2418 443 2448 Marc.
469 2427 536 2455 xvi,
568 2426 618 2456 19.
640 2431 680 2437 —-
705 2420 717 2435 2
742 2413 993 2451 Joan.x1v,16.
1024 2424 1074 2455 17-
1098 2429 1139 2435 -
1159 2411 1172 2435 3
1191 2415 1264 2445 Act.
1282 2423 1318 2453 11,
1346 2411 1419 2454 1-4.
1439 2429 1480 2434 -
1499 2411 1516 2436 4
1539 2415 1631 2446 Joan.

251 2484 310 2513 vn,
334 2472 385 2512 39.
403 2488 441 2493 --
462 2470 476 2493 5
495 2471 688 2512 Augustinus
701 2471 732 2502 in
745 2470 839 2511 hujus
856 2470 961 2511 operis
981 2469 1037 2500 lib.
1053 2481 1100 2508 111,
1119 2480 1189 2512 cap.
1209 2469 1243 2509 6,
1261 2468 1441 2510 phantasias
1462 2474 1559 2501 vocat
1573 2480 1631 2500 eo-

249 2538 319 2558 rum
349 2538 415 2568 quae
441 2528 568 2558 omnino
591 2538 654 2558 non
682 2531 755 2557 sunt
777 2536 950 2568 corporum
968 2525 1136 2566 imagines,
1160 2535 1248 2567 quasi
1267 2525 1333 2565 ipse
1358 2524 1536 2556 Manichaeis
1555 2524 1629 2556 olim

254 2583 417 2615 adliaerens
436 2593 492 2623 pro
511 2583 647 2614 veritate
667 2581 919 2623 amplexabatur.
