1871 3162
594 249 968 288 sommomomm,
1004 248 1086 275 Lm.
1122 249 1170 274 11.
1480 233 1564 274 475

687 558 903 606 CAPUT
940 557 1079 604 XIX.

221 713 420 761 Veritas
443 712 725 759 immortalis
734 713 897 775 arguit
918 713 1094 757 anz'moe
1117 708 1542 756 immortalitatem.

247 875 458 918 XXXIII.
470 877 522 917 R.
536 876 652 926 Qum
660 888 763 932 ergo
769 874 858 933 jam
868 888 976 932 opus
985 881 1062 928 est,
1078 880 1128 916 ut
1136 872 1190 915 de
1202 870 1429 930 disciplina
1437 870 1579 929 dispu-

188 944 361 988 tationis
374 944 675 1003 requiramus?
693 944 789 989 Sive
802 943 919 987 enim
928 943 1082 1001 figurae
1104 942 1376 999 geometricae
1397 941 1444 984 in
1464 940 1580 983 veri-

187 1023 292 1069 tate,
324 1015 411 1058 sive
441 1015 488 1058 in
518 1015 576 1058 eis
597 1015 752 1058 veritas
777 1015 846 1068 sit,
877 1014 1020 1058 anima
1045 1022 1213 1068 nostra,
1246 1011 1292 1055 id
1320 1020 1399 1066 est,
1425 1010 1581 1054 intelli·

191 1084 336 1143 gentia
361 1093 504 1128 nostra
532 1084 747 1128 contineri
766 1099 895 1128 nemo
918 1083 1118 1141 ambigit,
1142 1098 1189 1127 ac
1206 1098 1283 1141 per
1306 1084 1388 1126 hoc
1411 1082 1457 1125 in
1479 1096 1581 1125 nos-

190 1164 258 1200 tro
290 1155 434 1200 animo
462 1156 592 1199 etiam
615 1156 771 1200 veritas
802 1170 891 1199 esse
928 1155 1113 1212 cogitur.
1157 1154 1287 1207 Quod
1311 1155 1344 1198 si
1369 1152 1584 1213 quaelibet

191 1224 416 1285 disciplina
433 1225 492 1269 ita
505 1234 570 1269 est
591 1224 637 1268 in
659 1225 802 1269 animo
819 1260 829 1280 ,
855 1234 906 1269 ut
926 1225 972 1268 in
1000 1225 1197 1285 subjecto
1220 1222 1582 1283 inseparabiliter,

191 1311 273 1340 nec
289 1296 464 1340 interire
483 1295 639 1339 veritas
660 1304 802 1354 potest
817 1331 827 1350 ,
846 1294 953 1356 quid
972 1311 1122 1355 quaeso
1143 1295 1199 1339 de
1222 1294 1354 1339 animi
1375 1302 1587 1353 perpetua

192 1367 279 1411 vita
295 1402 306 1422 ,
333 1367 478 1411 nescio
509 1382 597 1426 qua
622 1367 770 1411 mortis
794 1365 1086 1411 familiaritate
1121 1366 1406 1410 dubitamus?
1424 1368 1491 1409 An
1510 1363 1583 1408 illa

192 1435 306 1480 linea
322 1435 392 1480 vel
406 1435 672 1496 quadratura
684 1436 754 1480 vel
768 1436 1013 1481 rotunditas
1030 1428 1195 1481 habent
1210 1436 1291 1480 alia
1306 1451 1405 1496 quae
1418 1435 1589 1479 imiten-

133 1513 143 1516 ”
195 1515 266 1550 tur
287 1514 337 1550 ut
356 1521 456 1551 vera
481 1506 595 1550 sint?
621 1509 674 1550 A.
707 1506 839 1551 Nullo
864 1506 998 1551 modo
1018 1506 1064 1550 id
1086 1521 1263 1566 possum
1284 1506 1486 1560 credere,
1507 1505 1587 1548 nisi

195 1576 308 1621 forte
340 1576 460 1621 aliud
496 1577 549 1620 sit
574 1576 687 1621 linea
726 1592 857 1637 quam
891 1576 1123 1636 longitudo
1152 1579 1244 1621 sine
1264 1577 1522 1631 latitudine,
1548 1584 1592 1619 et

194 1647 315 1691 aliud
337 1647 522 1691 circulus
544 1662 678 1706 quam
714 1647 829 1691 linea
865 1647 1166 1692 circumducta
1189 1645 1387 1707 undique
1418 1646 1472 1690 ad
1500 1661 1592 1689 me-

195 1719 320 1762 dium
337 1717 562 1777 aequaliter
578 1732 773 1776 vergens.
795 1721 849 1762 R.
875 1718 991 1770 Quid
1009 1732 1110 1775 ergo
1124 1726 1383 1762 cunctamur
1398 1719 1416 1761 Ξ)
1429 1720 1498 1762 An
1515 1707 1595 1760 ubi

197 1788 278 1832 ista
300 1797 401 1832 sunt
419 1823 429 1842 ,
467 1788 621 1831 veritas
645 1789 841 1831 nonest?
862 1791 914 1831 A.
936 1791 1117 1831 Avertat
1132 1790 1246 1831 Deus
1264 1789 1512 1831 amentiam.
1536 1790 1589 1830 R.

199 1862 269 1903 An
290 1858 516 1918 disciplina
531 1874 619 1903 non
639 1859 762 1902 estin
780 1858 948 1902 animo?
965 1861 1016 1902 A.
1031 1859 1135 1911 Quis
1153 1858 1236 1902 hoc
1251 1858 1496 1902 dixeritPR.
1513 1856 1597 1902 Sed

201 1928 313 1973 forte
335 1938 480 1989 potest
508 1929 756 1973 intereunte
791 1929 985 1988 subjecto
1007 1928 1054 1972 id
1084 1928 1204 1988 quod
1236 1929 1283 1973 in
1316 1930 1513 1988 subjecto
1534 1937 1597 1972 est

200 2001 483 2058 permanere?
502 2003 553 2044 A.
579 1998 766 2052 Quando
785 1999 891 2042 mihi
914 2000 996 2043 hoc
1018 1999 1339 2058 persuadetur?
1358 2003 1412 2043 R.
1439 2003 1594 2043 Restat

201 2079 252 2114 ut
280 2071 451 2115 occidat
482 2070 653 2114 veritas.
689 2072 742 2113 A.
770 2068 896 2113 Unde
927 2070 1021 2113 fieri
1050 2071 1228 2129 potest?
1256 2073 1310 2114 R.
1337 2069 1598 2114 Immortalis

204 2150 269 2185 est
287 2142 420 2201 igitur
443 2141 585 2185 anima
610 2160 618 2184 :
639 2141 817 2200 jamjam
829 2139 956 2184 crede
974 2141 1215 2186 rationibus
1231 2142 1332 2197 tuis,
1349 2141 1476 2186 crede
1487 2141 1599 2185 veri-

203 2213 282 2256 tati
317 2232 326 2257 2
350 2213 524 2267 clamat,
548 2221 591 2255 et
610 2212 657 2255 in
676 2220 719 2256 te
739 2227 830 2256 sese
847 2213 1069 2269 habitare,
1096 2222 1139 2258 et
1155 2213 1446 2258 immortalem
1468 2228 1559 2257 esse
1577 2249 1592 2269 ,

206 2299 287 2328 nec
304 2285 385 2328 sibi
397 2299 520 2328 suam
534 2282 681 2327 sedem
697 2299 973 2344 quacumque
995 2287 1186 2344 corporis
1204 2294 1345 2330 morte
1362 2300 1484 2344 posse
1501 2285 1600 2329 sub-

205 2356 324 2400 duci.
348 2359 553 2400 Avertere
577 2354 630 2397 ab
654 2355 810 2399 umbra
839 2365 937 2411 tua,
963 2365 1178 2400 revertere
1200 2357 1247 2400 in
1267 2365 1332 2412 te,
1362 2355 1511 2400 nullus
1536 2365 1602 2400 est

206 2426 407 2470 interitus
429 2434 530 2470 tuus
551 2444 560 2469 ε
582 2424 663 2470 nisi
680 2425 866 2470 oblitum
888 2434 931 2470 te
949 2442 1037 2471 esse
1060 2425 1181 2487 quod
1194 2426 1372 2471 interire
1388 2442 1478 2471 non
1499 2441 1602 2486 pos-

209 2497 277 2541 sis.
302 2499 354 2541 A.
372 2496 516 2542 Audio
533 2532 544 2552 ,
564 2498 787 2557 resipisco,
812 2496 1002 2542 recolere
1014 2498 1192 2557 incipio.
1226 2497 1312 2543 Sed
1333 2513 1504 2559 quaeso,
1529 2497 1604 2541 illa

212 2584 313 2627 quae
333 2577 498 2614 restant
517 2568 739 2629 expedias,
760 2567 989 2629 quomodo
1020 2568 1066 2613 in
1089 2568 1234 2614 animo
1255 2567 1456 2629 imperito
1476 2603 1488 2623 ,
1512 2583 1605 2613 non
