1871 3162
259 239 342 278 356
696 253 728 279 s.
766 251 993 279 Aucusum
1026 252 1203 279 Emscori

326 315 532 359 XXXIX.
559 317 615 359 Et
651 314 757 358 alius
779 329 930 359 eorum
966 314 1153 359 intendit
1173 316 1217 359 in
1254 315 1299 359 id
1321 314 1440 375 quod
1462 315 1628 359 dictum

252 393 343 429 est:
368 404 387 426 «
414 387 464 428 In
491 384 701 443 principio
734 382 836 428 fecit
873 387 985 428 Deus
1001 419 1012 440 ,
1039 403 1060 426 >›
1091 394 1135 429 et
1169 385 1342 444 respicit
1364 384 1626 443 Sapientiam

142 452 212 491 N
251 455 512 514 Principium
529 491 539 511 ,
564 455 665 515 quia
693 464 735 499 et
746 454 940 515 loquitur
961 456 1050 514 ipsa
1073 455 1212 500 nobis.
1240 455 1360 499 Alius
1382 454 1532 499 itidem
1555 454 1626 497 in-

249 526 387 570 tendit
403 529 447 570 in
467 527 618 570 eadem
641 527 771 571 verba
790 561 801 581 ‚
832 535 875 570 et
897 526 1156 585 principium
1182 525 1383 584 intelligit
1400 525 1623 569 exordium

246 612 390 639 rerum
412 595 685 640 conditarum
702 631 712 651 ,
738 607 781 640 et
802 596 861 641 sic
885 595 1040 654 accipit
1062 613 1072 639 ·.
1100 614 1120 637 (ι
1144 597 1194 638 In
1216 595 1428 654 principio
1449 593 1551 637 fecit
1569 614 1580 650 3
1601 611 1621 634 ι)

244 682 292 711 ac
314 668 347 710 si
368 667 606 724 diceretur3
629 666 771 710 Primo
789 665 907 711 fecit.
927 670 1072 726 Atque
1094 665 1139 709 in
1161 666 1219 709 eis
1242 666 1318 725 qui
1340 664 1593 723 intelligunt
1611 682 1619 707 :

247 758 265 779 «
304 741 352 780 ln
371 737 585 795 principio
603 771 613 790 7
640 756 658 777 η
679 736 799 796 quod
823 738 867 780 in
892 736 1110 795 Sapientia
1130 734 1267 779 fecisti
1286 734 1448 779 coelum
1470 744 1513 778 et
1533 744 1623 779 ter-

242 824 349 862 ram,
377 807 482 850 alius
503 822 654 850 eorum
671 807 813 866 ipsum
836 807 998 851 coelum
1020 816 1063 851 et
1081 816 1256 861 terram,
1276 806 1510 850 creabilem
1532 820 1625 849 ma-

244 879 392 922 teriam
417 876 516 921 coeli
534 886 576 920 et
598 886 745 932 terrm,
765 877 822 920 sic
846 892 934 920 esse
957 877 1096 921 credit
1113 877 1462 935 cognominatam
1484 896 1491 921 :
1514 875 1622 920 alius

237 952 326 1009 jain
367 948 570 992 formatas
592 946 902 1007 distinctasque
933 957 1134 1006 naturas3
1172 948 1278 992 alius
1306 964 1437 993 unam
1460 947 1623 991 forma-

243 1031 326 1063 tam
342 1054 352 1072 ,
372 1019 656 1077 eamdemque
668 1018 903 1077 spiritalem
917 1018 1018 1062 coeli
1033 1019 1230 1076 nomine3
1247 1018 1373 1062 aliam
1391 1019 1623 1062 informem

241 1089 472 1148 corporalis
496 1091 686 1133 materiae
701 1123 711 1143 ,
734 1098 858 1132 terrae
883 1089 1074 1132 nomine.
1097 1089 1181 1141 Qui
1204 1098 1349 1132 autem
1372 1088 1624 1145 intelligunt

239 1162 283 1203 in
306 1159 555 1202 nominibus
578 1159 678 1202 coeli
701 1169 742 1202 ct
766 1169 917 1214 terras,
939 1159 1083 1202 adhuc
1109 1159 1342 1203 informem
1368 1161 1588 1202 materiem
1607 1193 1618 1213 ‚

240 1232 294 1274 de
311 1246 397 1290 qua
420 1230 680 1274 formaretur
698 1229 862 1274 coelum
884 1239 927 1273 et
948 1239 1082 1284 terra,
1110 1246 1188 1274 nec
1213 1230 1294 1288 ipsi
1312 1245 1401 1274 uno
1423 1229 1553 1274 niodo
1576 1229 1620 1272 id

239 1301 517 1359 intelligunt3
556 1302 632 1345 sed
653 1301 760 1345 alius
788 1303 905 1345 unde
944 1311 1316 1345 consummaretur
1335 1300 1617 1359 intelligibilis

237 1371 539 1430 sensibilisque
560 1380 755 1415 creatura
775 1389 785 1421 ;
811 1371 919 1415 alius
941 1382 1112 1415 tantum
1136 1372 1252 1415 unde
1276 1371 1486 1415 sensibilis
1523 1387 1620 1414 mo-

237 1442 298 1486 les
314 1443 392 1486 ista
415 1458 636 1501 corporea,
655 1443 751 1486 sinu
767 1443 920 1502 grandi
937 1444 1161 1486 continens
1178 1443 1422 1501 perspicuas
1446 1457 1618 1502 promp-

239 1523 388 1572 tasque
422 1523 612 1556 naturas.
647 1516 734 1558 Nec
761 1512 822 1556 illi
841 1529 929 1557 uno
952 1513 1083 1556 modo
1105 1513 1180 1572 qui
1195 1514 1285 1571 jam
1307 1511 1531 1571 dispositas
1550 1512 1620 1556 di·

240 1594 465 1643 gestasque
501 1593 716 1627 creaturas
748 1583 909 1627 coelum
947 1593 990 1627 et
1026 1594 1185 1627 ter-ram
1219 1584 1364 1628 vocari
1405 1584 1488 1628 hoc
1522 1584 1618 1628 loco

241 1653 426 1699 credunt
446 1675 456 1711 3
488 1653 563 1697 sed
585 1653 692 1697 alius
716 1653 973 1698 invisibilem
994 1663 1124 1713 atque
1147 1654 1360 1697 visibilem
1385 1675 1395 1711 3
1420 1653 1527 1697 alius
1547 1670 1618 1698 so-

240 1727 326 1771 lam
353 1724 564 1769 visibilem
585 1759 595 1780 ,
625 1726 669 1768 in
691 1741 778 1785 qua
805 1725 1072 1770 luminosum
1090 1725 1253 1770 coelum
1275 1726 1552 1786 suspicimus,
1576 1736 1619 1772 et

242 1808 399 1847 terram
419 1799 694 1857 caliginosam
711 1833 723 1855 ‚
748 1814 935 1860 quaeque
957 1800 1001 1843 in
1019 1801 1077 1845 eis
1099 1813 1215 1847 sunt.
