1871 3162
250 181 332 221 184
689 192 719 221 s.
758 193 985 223 Aueuswm
1008 195 1189 223 EPlscom

248 371 359 386 «vnn-Ax
364 372 430 387 {MR
435 371 500 386 IRA&
506 371 572 386 111¹}
576 371 641 386 122¹!
646 371 712 386 νυνὶ
718 371 783 386 §W
787 371 854 385 m
859 371 924 386 §vta
928 371 1136 387 mmm
1140 372 1348 388 mmm
1352 372 1631 389 ἱΝ-ἊᾸ-ΊΜΝΝΜΙΙΛΜ

748 503 964 551 CAPUT
1010 505 1122 551 VH.

466 655 751 703 Rodebatar
776 659 901 703 intus
922 656 1088 703 audito
1110 659 1410 704 Pontc'tiano.

302 821 424 864 XVI.
461 821 693 864 NARRABAT
715 819 808 862 haec
842 819 1130 862 Pontitianus.
1153 821 1218 862 Tu
1236 827 1402 875 autem,
1428 819 1633 876 Domine,

245 896 359 937 inter
381 891 513 934 verba
535 891 626 949 ejus
648 889 930 948 retorquebas
963 903 1032 932 me
1053 888 1109 932 ad
1137 904 1206 932 me
1232 889 1397 948 ipsum,
1433 889 1635 935 auferens

247 978 315 1006 me
338 977 362 1005 a
379 961 508 1005 dorso
530 975 628 1003 ineo
643 959 721 1003 ubi
737 974 806 1002 me
822 974 1048 1017 posueram
1063 993 1074 1013 ‚
1097 959 1202 1002 dum
1221 959 1384 1003 nollem
1406 975 1476 1004 me
1498 969 1636 1005 atten-

247 1034 376 1088 dere,
401 1041 445 1076 et
460 1029 754 1076 constituebas
776 1044 845 1072 me
873 1037 972 1072 ante
1000 1029 1157 1072 faciem
1180 1044 1319 1073 meam
1335 1064 1345 1083 ,
1370 1038 1421 1074 ut
1442 1029 1636 1075 viderem

247 1120 381 1166 quam
403 1103 540 1162 turpis
563 1095 720 1154 essem,
746 1115 879 1160 quam
902 1099 1108 1144 distortus
1130 1108 1173 1143 et
1194 1099 1416 1156 sordidus,
1441 1101 1638 1146 maculo-

248 1193 319 1222 sus
342 1186 384 1221 et
410 1176 644 1219 ulcerosus.
670 1175 728 1215 Et
745 1171 945 1215 videbam
975 1179 1018 1214 et
1049 1170 1302 1225 horrebam,
1327 1180 1371 1214 et
1401 1186 1491 1231 quo
1514 1188 1537 1216 a
1568 1187 1638 1217 me

250 1248 445 1307 fugerem
468 1261 558 1289 non
575 1251 679 1287 erat.
706 1244 764 1285 Et
784 1241 818 1284 si
840 1240 1030 1285 conabar
1052 1257 1075 1284 a
1097 1255 1165 1283 me
1187 1249 1378 1284 avertere
1395 1250 1634 1301 aspectum,

249 1318 454 1363 narrabat
475 1315 549 1359 ille
571 1313 690 1374 quod
715 1312 942 1368 narrabat3
964 1320 1007 1354 et
1040 1320 1088 1353 tu
1111 1326 1179 1353 me
1208 1326 1355 1355 rursus
1388 1312 1638 1371 opponebas

253 1389 389 1443 mihi,
415 1396 457 1430 et
492 1383 760 1443 impingebas
787 1397 856 1425 me
889 1381 935 1424 in
966 1380 1114 1425 oculos
1142 1396 1286 1436 meos,
1318 1391 1368 1425 ut
1399 1382 1640 1427 invenirem

250 1459 523 1518 iniquitaten]
556 1469 697 1498 meam
721 1461 769 1501 et
785 1452 985 1496 odissem.
1009 1454 1221 1496 Noveram
1253 1466 1350 1495 eam
1367 1486 1378 1506 ‚
1418 1451 1493 1496 sed
1514 1451 1632 1497 dissi*

252 1530 491 1581 mulabam,
519 1535 562 1570 et
583 1522 888 1577 connivebam,
911 1530 954 1564 et
971 1521 1267 1565 obliviscebar.

309 1601 451 1644 XVII.
489 1599 610 1639 Tunc
640 1608 741 1638 vero
775 1600 941 1651 quanto
977 1590 1197 1634 ardentius
1227 1591 1426 1635 amabam
1459 1591 1555 1636 illos
1583 1593 1640 1639 de

252 1671 412 1732 quibus
450 1665 681 1711 audiebam
718 1661 911 1706 salubres
938 1661 1140 1716 affectus,
1180 1660 1301 1721 quod
1329 1677 1372 1705 se
1408 1671 1522 1707 totos
1556 1663 1639 1708 tibi

256 1739 469 1787 sanandos
508 1735 740 1787 dederant,
776 1741 898 1776 tanto
926 1730 1210 1786 execrabilius
1242 1747 1312 1775 me
1339 1742 1638 1792 comparatum

254 1815 312 1857 eis
353 1810 544 1855 oderam.
589 1803 802 1858 Quoniam
838 1801 965 1846 multi
994 1802 1076 1845 mei
1109 1802 1211 1845 anni
1250 1817 1422 1846 mecum
1455 1804 1638 1847 effluxe-

255 1892 380 1937 rant,
414 1879 528 1923 forte
569 1874 801 1919 duodecim
834 1872 935 1916 anni
951 1907 961 1927 ‚
1003 1887 1053 1915 ex
1097 1888 1186 1931 quo
1220 1872 1274 1916 ab
1312 1874 1638 1932 undevigesimo

258 1967 372 1999 anno
420 1949 556 1993 aetatis
595 1960 729 2000 meae,
772 1942 886 1987 lecto
926 1942 1146 1987 Ciceronis
1184 1944 1414 1988 Hortensio
1429 1979 1441 1999 ,
1481 1946 1640 1989 excita-

256 2036 324 2070 tus
342 2036 458 2067 eram
482 2017 625 2063 studio
643 2015 864 2075 sapientiae
884 2048 896 2069 ‚
921 2023 964 2057 et
983 2012 1240 2057 differebam
1263 2022 1512 2073 contempta
1539 2014 1639 2059 feli-

224 2097 229 2101 ’
254 2097 384 2141 citate
414 2102 582 2136 terrena
605 2088 659 2131 ad
694 2102 787 2130 eam
822 2084 1166 2143 investigandam
1195 2100 1347 2129 vacare
1367 2120 1378 2140 ‚
1403 2087 1525 2146 cujus
1547 2102 1637 2132 non

255 2164 473 2217 inventio,
505 2159 581 2204 sed
610 2158 679 2202 vel
701 2156 789 2201 sola
821 2155 1041 2215 inquisitio
1065 2156 1155 2215 jam
1185 2155 1481 2215 praeponenda
1516 2167 1636 2214 erat,

254 2238 383 2282 etiam
405 2231 590 2277 inventis
607 2227 816 2273 thesauris
839 2227 1066 2285 regnisque
1088 2225 1283 2284 gentium
1301 2261 1311 2281 ,
1339 2236 1381 2270 et
1400 2226 1455 2271 ad
1477 2236 1636 2272 nutum

256 2300 657 2352 circumfluentibus
673 2297 863 2357 corporis
881 2295 1193 2355 voluptatibus,
1215 2298 1272 2340 At
1289 2311 1369 2355 ego
1387 2296 1636 2343 adolescens

255 2378 381 2422 miser
398 2410 409 2429 ,
435 2371 560 2418 valde
581 2369 736 2424 miser,
760 2367 806 2410 in
828 2366 1004 2411 exordio
1024 2366 1155 2426 ipsius
1182 2365 1485 2411 adolescentiae
1510 2368 1657 2412 etiam*

252 2447 459 2508 petieram
477 2459 501 2487 a
517 2451 560 2486 te
582 2441 848 2494 castitatem,
875 2446 918 2482 et
937 2437 1128 2481 dixeram
1153 2456 1163 2482 2
1183 2439 1245 2481 Da
1268 2437 1373 2481 mihi
1394 2438 1638 2483 castitatem

254 2529 296 2564 et
317 2513 625 2562 continentiam
644 2547 655 2566 ‚
691 2509 767 2555 sed
797 2508 887 2554 noli
907 2507 1053 2553 modo.
1082 2508 1304 2553 Timebam
1333 2509 1449 2554 enim
1479 2525 1534 2554 ne
1566 2524 1637 2555 me
