1871 3162
248 225 330 263 420
672 239 704 264 s.
742 238 969 265 Aucus‘rmi
1004 238 1180 264 EPISCOPI

243 303 405 345 animas
429 302 606 355 habent,
622 317 729 360 quas
747 316 843 345 amo
866 301 993 345 etiam
1016 302 1060 345 in
1081 301 1336 345 latronibus.
1362 301 1482 343 Licet
1505 301 1619 342 cuim

244 372 350 414 mihi
372 372 416 414 in
438 371 590 431 quovis
612 386 755 415 amare
788 373 1021 425 rationem,
1042 386 1144 415 cum
1165 370 1287 414 illum
1302 371 1401 429 jure
1423 369 1588 412 oderim
1610 403 1621 422 ‚

243 442 319 500 qui
349 440 458 484 male
486 441 623 485 utitur
654 456 705 484 eo
733 440 852 499 quod
883 455 995 484 amo.
1026 443 1178 499 Itaque
1211 449 1334 483 tanto
1357 439 1490 495 magis
1526 453 1624 482 amo

247 511 404 555 amicos
433 526 573 565 meos,
608 519 772 570 quanto
805 510 938 567 magis
977 510 1088 553 bene
1111 519 1296 553 utuntur
1329 509 1472 552 anima
1495 508 1628 551 ratio-

248 580 334 624 nali
352 616 363 635 ,
382 581 451 625 vel
473 591 587 625 certe
605 590 819 640 quantum
839 579 1086 623 desiderant
1107 594 1156 622 ea
1174 580 1286 622 bene
1305 579 1382 621 uti.

255 780 605 795 &mmmmm
612 780 1098 795 ιΊΑΛΜΜΜΜΛΝἋΝνἏΛΝᾺΛΝἋ
1102 777 1591 794 mmmmm
1595 776 1636 793 m

777 932 993 980 CAPUT
1031 934 1124 979 ΠΙ.

770 1110 991 1170 Cognitz'o
1022 1109 1128 1153 Dei.

318 1291 439 1332 Vm.
468 1290 520 1329 R.
554 1290 726 1328 Anemo
744 1282 860 1325 istud
882 1302 889 1325 ;
914 1281 985 1324 sed
1012 1291 1155 1324 tamen
1179 1281 1212 1323 si
1235 1280 1330 1339 quis
1356 1281 1432 1323 tibi
1456 1279 1639 1324 diecret:

261 1360 434 1403 Faciam
452 1366 491 1399 te
504 1356 561 1398 sic
577 1357 715 1398 Deum
734 1367 872 1405 nosse,
891 1350 1114 1410 quomodo
1133 1350 1244 1393 nosti
1259 1349 1481 1407 Alypium,
1498 1364 1644 1392 noune

259 1430 414 1489 gratias
437 1441 601 1483 ageres,
628 1434 671 1466 et
693 1422 883 1465 diceres:
914 1421 1021 1465 Satis
1044 1422 1140 1463 est?
1177 1425 1223 1463 A.
1259 1425 1440 1477 Agerem
1465 1419 1643 1478 quidem

263 1500 436 1559 gratias,
452 1495 527 1537 sed
548 1494 646 1535 satis
664 1507 752 1535 esse
770 1506 857 1534 non
882 1490 1085 1532 dicerem.
1103 1492 1156 1532 R.
1176 1490 1265 1532 Cur
1283 1504 1430 1547 quaeso
1444 1491 1463 1532 Ξ)
1475 1493 1526 1532 Α.
1539 1490 1645 1540 Quia

262 1575 403 1615 Deum
436 1580 491 1608 ne
513 1564 572 1607 sic
594 1562 770 1620 quidem
794 1561 895 1602 novi
917 1559 1140 1617 quomodo
1161 1559 1366 1616 Alypium
1387 1594 1398 1613 ‚
1437 1569 1480 1602 et
1502 1568 1647 1602 tamen

262 1639 469 1696 Alypium
495 1648 582 1677 uon
606 1631 704 1675 satis
729 1630 843 1672 novi.
871 1632 922 1671 R.
958 1627 1068 1670 Vide
1091 1642 1192 1684 ergo
1209 1642 1264 1671 ne
1288 1628 1563 1686 impudenter
1582 1643 1648 1671 ve-

260 1711 313 1754 lis
328 1708 427 1752 satis
448 1709 586 1748 Deum
609 1714 732 1744 nosse
748 1733 758 1752 ‚
784 1698 860 1757 qui
885 1696 1091 1754 Alypium
1110 1712 1197 1740 non
1219 1697 1317 1740 satis
1341 1698 1467 1741 nosti.
1484 1701 1535 1741 Α.
1551 1700 1647 1742 Nou

264 1779 475 1840 sequitur.
507 1776 616 1817 Nam
653 1771 696 1813 in
728 1767 1049 1826 comparatione
1084 1765 1301 1820 siderum,
1326 1766 1434 1826 quid
1468 1777 1532 1811 cst
1554 1783 1648 1810 mea

264 1865 388 1896 coena
415 1844 571 1889 vilius?
593 1850 636 1884 et
654 1849 801 1884 tamen
823 1853 916 1881 cras
938 1835 1045 1895 quid
1077 1836 1156 1879 sim
1185 1846 1436 1880 coenaturus
1457 1838 1612 1895 ignoro
1637 1856 1645 1880 ;

264 1935 353 1981 quo
371 1925 516 1961 autem
538 1912 658 1968 signo
678 1909 783 1952 luna
801 1906 948 1951 futura
965 1906 1034 1960 sit,
1051 1920 1139 1949 non
1157 1905 1435 1964 impudenter
1455 1922 1523 1949 me
1544 1907 1650 1949 scire

265 1989 488 2050 profiteor.
515 1987 568 2026 R.
595 1984 711 2039 Ergo
742 1978 810 2023 vel
847 1979 904 2022 ita
927 1981 1065 2022 Deum
1099 1992 1222 2020 nosse
1256 1978 1332 2020 tibi
1359 1979 1459 2021 satis
1485 1987 1575 2032 est,
1601 1988 1650 2020 ut

267 2059 380 2104 nosti
401 2070 489 2114 quo
511 2067 603 2096 cras
641 2051 763 2108 signo
782 2047 885 2091 luna
919 2062 1096 2090 cursura
1117 2047 1202 2089 sit?
1226 2051 1275 2089 Α.
1302 2049 1398 2090 Non
1421 2055 1484 2089 est
1514 2048 1614 2089 satis
1637 2065 1645 2090 :

267 2144 369 2174 nam
389 2128 474 2169 hoc
489 2121 684 2166 sensibus
707 2118 914 2178 approbo.
943 2120 1101 2174 Ignoro
1119 2125 1260 2159 autem
1283 2126 1429 2158 utrum
1448 2114 1515 2158 vel
1538 2119 1649 2159 Deus

266 2199 333 2244 vel
370 2196 513 2254 aliqua
546 2200 713 2234 naturae
752 2186 921 2231 occulta
961 2201 1087 2228 causa
1128 2185 1274 2227 subito
1309 2184 1425 2227 lunae
1448 2184 1646 2227 ordinem

269 2277 532 2323 cursumque
564 2266 803 2304 commutet
827 2276 835 2300 :
866 2255 985 2314 quod
1025 2255 1056 2298 si
1094 2254 1322 2302 acciderit,
1360 2262 1501 2296 totum
1538 2253 1649 2297 illud

268 2336 388 2397 quod
420 2343 778 2393 praesumpseram
801 2325 955 2370 falsum
983 2325 1077 2367 erit.
1116 2326 1166 2366 R.
1210 2325 1263 2365 Et
1295 2322 1431 2364 credis
1451 2323 1534 2365 hoc
1556 2322 1648 2364 fieri

269 2407 423 2467 posse?
450 2408 500 2448 A.
542 2404 639 2445 Non
675 2397 820 2442 credo.
852 2395 933 2439 Sed
958 2392 1167 2452 egofquid
1189 2392 1319 2436 seiam
1358 2407 1532 2450 quaero,
1558 2406 1648 2434 non

266 2476 374 2537 quid
409 2472 765 2529 credam4-‚Omne
785 2467 954 2524 autem}
968 2463 1087 2524 quod
1120 2464 1300 2517 seimus,
1335 2473 1450 2507 recte
1466 2462 1647 2507 fortasse

265 2548 393 2591 etiam
423 2543 598 2586 credere
637 2539 850 2591 dicimur,
887 2545 928 2579 at
962 2550 1049 2577 non
1082 2548 1210 2577 omne
1245 2533 1365 2592 quod
1387 2532 1606 2576 credimus
1627 2566 1638 2587 ,
