1871 3162
558 225 612 253 m:
643 220 974 254 cAtrzcmzAnms
1005 225 1200 254 nunnus.
1482 216 1566 257 ⁵03

188 290 310 349 cujus
330 289 513 345 blandas
530 289 617 335 alas'
644 289 910 349 refugientes
934 288 1126 348 superbi,
1151 291 1299 348 praeda
1321 291 1435 336 fiunt
1452 292 1568 337 aliti-

187 358 286 403 bus.
323 360 366 404 Si
397 359 515 403 enim
546 359 798 404 intellectus
835 357 1023 403 delectat
1036 358 1082 402 in
1103 360 1397 417 penetralibus
1427 362 1569 407 since-

190 429 382 485 rissimis,
405 430 489 474 hoc
502 429 632 474 etiam
654 429 898 489 intelligere
920 429 1122 484 delectet,
1142 430 1363 488 quomodo
1381 432 1567 478 charitas

187 508 352 557 quanto
387 499 620 544 officiosius
641 499 865 544 descendit
898 499 944 543 in
971 499 1165 554 infirma,
1202 507 1324 543 tanto
1349 500 1569 546 robustius

186 569 369 613 recurrit
383 568 428 613 in
450 569 603 613 intima
625 569 873 629 perbonam
888 569 1196 614 conscientiam
1215 568 1324 613 nihil
1344 572 1570 629 quaerendi

190 638 246 682 ab
290 640 349 683 eis
379 641 435 684 ad
456 655 566 700 quos
592 639 846 696 deseendit,
880 647 1037 699 praeter
1079 654 1231 684 eorum
1266 640 1571 701 sempiternam

189 708 389 753 salutem.

188 903 504 923 mmmm
1003 902 1567 920 ΜΜΜΜΜΜΜΛΝΜΜΜ

696 1047 914 1098 CAPUT
958 1050 1049 1096 XI.

294 1233 577 1283 Remedium
592 1245 764 1283 contra
783 1235 1047 1284 secundam
1070 1236 1205 1285 toedz'z'
1237 1254 1454 1286 causam.

243 1417 364 1460 XVI.
401 1417 446 1461 S1
466 1425 610 1460 autem
647 1417 781 1476 magis
814 1418 1056 1478 appetimus
1073 1433 1123 1462 ea
1156 1433 1256 1478 quae
1298 1420 1388 1478 jam
1419 1428 1569 1479 parata

185 1495 286 1531 sunt
308 1494 352 1530 et
363 1485 516 1529 melius
532 1485 646 1529 dicta
663 1486 895 1544 legere,vel
911 1487 1062 1532 audire
1078 1523 1089 1543 ‚
1111 1497 1154 1531 et
1174 1487 1274 1532 ideo
1297 1489 1412 1547 piget
1428 1489 1570 1534 incer-

187 1565 231 1600 to
263 1557 380 1600 exitu
415 1555 468 1600 ad
500 1564 672 1616 tempus
706 1567 908 1617 coaptare
942 1574 1041 1618 quae
1063 1558 1313 1618 loquimur,
1347 1568 1516 1604 tantum
1545 1576 1570 1605 a

185 1626 365 1670 veritate
386 1640 531 1669 rerum
548 1642 633 1670 non
656 1627 828 1671 aberret
847 1628 1034 1683 animus,
1051 1626 1177 1672 facile
1200 1638 1264 1672 est
1280 1638 1331 1673 ut
1351 1630 1386 1674 si
1407 1630 1452 1673 in
1470 1646 1569 1675 ver-

186 1697 251 1741 bis
273 1696 514 1740 auditorem
538 1696 702 1757 aliquid
721 1698 974 1752 offenderit,
993 1713 1043 1742 ex
1060 1698 1150 1757 ipsa
1173 1699 1400 1744 occasione
1432 1701 1570 1746 discat

184 1782 316 1827 quam
339 1767 393 1810 sit
410 1782 455 1810 re
477 1765 696 1811 intellecta
718 1767 1108 1822 contemnendum,
1132 1769 1167 1812 si
1196 1768 1341 1812 minus
1369 1771 1566 1829 integre,

185 1847 260 1882 aut
282 1837 315 1881 si
338 1838 481 1881 minus
501 1838 677 1897 proprie
693 1852 846 1882 sonare
867 1838 1028 1896 potuit,
1048 1838 1169 1898 quod
1191 1838 1289 1883 ideo
1313 1840 1497 1884 sonabat
1518 1849 1569 1885 ut

185 1924 250 1952 res
277 1907 615 1965 intelligeretur.¹
632 1908 762 1961 Quod
797 1908 832 1952 si
863 1908 1067 1952 humanae
1081 1904 1350 1954 infirmitatis
1383 1910 1570 1955 intentio

185 1978 313 2021 etiam
337 1977 393 2025 ab
419 1978 511 2036 ipsa
529 1993 673 2022 rerum
706 1978 886 2022 veritate
918 1978 1199 2036 aberraverit3
1234 1994 1487 2040 quanquam
1522 1981 1570 2025 in

183 2048 499 2093 catechizandis
516 2048 715 2103 rudibus,
735 2048 812 2092 ubi
828 2049 897 2093 via
919 2048 1157 2093 tristissima
1173 2049 1364 2094 tenenda
1385 2059 1464 2106 est,
1488 2050 1569 2095 dif-

183 2118 294 2162 ficile
325 2127 468 2178 potest
500 2118 694 2163 accidere
723 2137 732 2163 2
758 2127 906 2163 tamen
930 2133 985 2163 ne
1019 2117 1131 2163 forte
1160 2118 1328 2164 accidat
1354 2128 1404 2164 ut
1436 2121 1567 2165 etiam

182 2188 285 2233 hinc
311 2187 560 2233 ostendatur
590 2187 779 2244 auditor,
814 2204 904 2233 non
935 2188 1110 2233 aliunde
1130 2189 1256 2234 nobis
1278 2189 1411 2234 debet
1430 2189 1569 2235 videri

183 2258 384 2303 accidisse
400 2294 414 2314 ,
434 2258 516 2302 nisi
537 2259 640 2318 quia
660 2261 773 2303 Deus
799 2259 979 2318 experiri
1003 2275 1081 2304 nos
1103 2259 1258 2315 voluit,
1284 2270 1434 2304 utrum
1463 2275 1566 2306 cum

180 2331 336 2375 mentis
354 2331 603 2390 placiditate
626 2331 910 2390 corrigamur,
937 2347 993 2375 ne
1025 2332 1070 2375 in
1099 2330 1399 2376 defensionem
1429 2334 1567 2377 nostri

177 2402 331 2445 erroris
354 2403 514 2461 majore
536 2402 856 2462 praecipitemur
878 2413 1036 2447 errore.
1075 2402 1204 2458 Quod
1231 2402 1265 2447 si
1287 2418 1417 2448 nemo
1437 2403 1565 2450 nobis

176 2472 356 2527 dixerit,
389 2488 556 2534 nosque
588 2482 631 2517 et
669 2471 765 2517 illos
797 2473 871 2534 qui
905 2473 1140 2518 audierunt
1168 2474 1349 2518 omnino
1368 2473 1559 2529 latuerit,

173 2541 320 2587 nullus
342 2541 466 2588 dolor
487 2552 565 2599 est,
586 2543 620 2587 si
643 2558 732 2588 non
754 2543 1017 2589 fiatiterum.
1034 2541 1299 2603 Plerumque
1317 2553 1464 2589 autem
1481 2559 1559 2589 nos
