1871 3162
1071 263 1089 278 χ

597 303 918 333 εοΜ-ΕεειοΝυΜ
936 320 950 344 ,
982 305 1067 334 mn.
1090 279 1145 376 Χ.
1481 301 1564 338 227

1090 355 1101 386 s
1139 377 1142 382 ,

188 475 749 496 mmmmm

1100 480 1563 500 mmmmm-a

713 612 928 663 CAPUT
963 617 1030 663 ΙΙ.

217 764 338 811 Cum
352 766 460 813 Deo
481 776 597 813 nota
619 769 714 814 sint
733 783 924 814 arcana
936 804 952 827 ,
977 768 1096 828 qaid
1112 779 1182 815 est
1202 770 1422 832 confiteri
1446 769 1532 817 illi.

257 927 316 968 ΙΙ.
357 927 428 974 ΕΤΓ
450 926 527 970 tibi
561 926 770 987 quidem,
795 928 1004 984 Domine,
1032 929 1155 989 cujus
1187 928 1324 974 oculis
1355 928 1474 974 nuda
1507 939 1571 974 est

187 995 364 1053 abyssus
380 997 585 1041 humanae
608 999 899 1054 conscientiae,
916 998 1025 1059 quid
1041 999 1265 1044 occultum
1287 1009 1397 1044 esset
1415 1001 1459 1044 in
1480 1016 1566 1056 me,

187 1066 315 1109 etiam
331 1067 365 1110 si
382 1066 544 1111 nollem
563 1068 761 1112 confiteri
782 1069 890 1112 tibi?
908 1071 966 1112 Te
984 1069 1098 1113 enim
1116 1070 1223 1113 mihi
1240 1069 1566 1125 absconderem,

185 1151 275 1180 non
298 1152 365 1180 me
398 1137 494 1180 tibi.
518 1140 644 1182 Nunc
674 1147 821 1181 autem
850 1137 969 1198 quod
994 1139 1180 1197 gemitus
1216 1154 1338 1183 meus
1366 1139 1483 1184 testis
1507 1148 1570 1184 est

185 1206 412 1265 displicere
433 1223 502 1250 me
526 1207 662 1262 mihi,
693 1216 742 1252 tu
770 1207 960 1267 refulges
982 1217 1026 1253 et
1047 1208 1189 1268 places
1207 1244 1218 1264 ‚
1250 1218 1294 1253 et
1316 1210 1470 1254 amaris
1491 1245 1501 1266 ,
1527 1220 1571 1254 et

184 1276 436 1322 desideraris
451 1312 462 1333 ‚
486 1286 537 1321 ut
567 1278 820 1322 erubescam
842 1279 896 1322 de
922 1293 992 1322 me
1009 1313 1020 1333 ,
1053 1287 1097 1324 et
1120 1279 1319 1339 abjiciam
1341 1295 1411 1324 me
1440 1289 1570 1340 atque

185 1348 339 1408 eligam
360 1358 426 1403 te,
452 1358 496 1393 et
522 1364 603 1394 nec
624 1350 705 1393 tibi
727 1365 808 1394 nec
830 1349 938 1393 mihi
961 1349 1158 1409 placeam
1190 1351 1281 1404 nisi
1296 1350 1350 1395 de
1373 1360 1431 1395 te,
1472 1352 1570 1395 Tibi

183 1434 284 1476 ergo
300 1454 311 1474 ‚
338 1420 542 1474 Domine,
577 1419 830 1464 manifestus
853 1435 949 1464 sum
976 1421 1246 1480 quicumque
1277 1421 1357 1465 sim
1375 1457 1386 1476 ‚
1411 1431 1455 1467 et
1477 1438 1566 1481 quo

180 1488 330 1533 fructu
352 1489 431 1533 tibi
453 1490 660 1534 confitear
682 1489 783 1533 dixi.
806 1492 959 1550 Neque
982 1491 1099 1534 enim
1128 1491 1175 1535 id
1205 1506 1286 1550 ago
1309 1492 1450 1536 verbis
1473 1509 1568 1537 car-

183 1561 250 1604 nis
277 1569 320 1604 et
342 1561 520 1606 vocibus
535 1596 546 1612 ‚
572 1560 648 1605 sed
668 1560 809 1606 verbis
836 1561 990 1606 animae
1020 1571 1063 1606 et
1084 1562 1275 1606 clamore
1297 1564 1567 1622 cogitationis

185 1646 313 1691 quem
338 1631 459 1675 novit
487 1631 599 1675 auris
621 1640 712 1676 tua.
744 1633 857 1676 Cum
891 1631 1007 1675 enim
1039 1630 1179 1676 malus
1208 1648 1330 1688 sum,
1356 1633 1466 1677 nihil
1505 1643 1568 1678 est

184 1701 303 1746 aliud
325 1702 522 1746 confiteri
540 1702 633 1756 tibi,
653 1717 783 1761 quam
804 1701 1031 1760 displicere
1051 1702 1158 1746 mihi
1177 1723 1188 1760 3
1208 1718 1309 1747 cum
1329 1719 1432 1748 vero
1452 1704 1564 1763 pius,

183 1771 293 1816 nihil
306 1781 370 1816 est
391 1771 511 1816 aliud
528 1772 725 1815 confiteri
742 1771 838 1826 tibi,
861 1787 995 1831 quam
1010 1772 1095 1816 hoc
1112 1787 1203 1816 non
1221 1773 1418 1823 tribuere*
1434 1775 1564 1819 mihi:

183 1843 390 1902 quoniam
414 1851 461 1885 tu
477 1877 487 1897 ‚
507 1842 713 1895 Domine,
734 1840 956 1885 benedicis
973 1843 1142 1901 justum
1160 1844 1173 1868 ¹
1190 1877 1201 1897 ,
1227 1844 1302 1887 sed
1321 1844 1440 1902 prius
1465 1860 1566 1888 eum

178 1913 386 1972 justificas
403 1912 628 1971 impium2.
654 1910 880 1956 Confessio
901 1912 1049 1971 itaque
1070 1927 1167 1956 mea
1184 1948 1194 1967 ,
1217 1916 1331 1958 Deus
1350 1930 1471 1959 meus
1489 1950 1500 1970 ‚
1521 1916 1567 1959 in

183 1992 419 2042 conspectu
434 1991 511 2026 tuo
524 1982 603 2025 tibi
624 1983 751 2025 tacite
773 1982 838 2037 fit,
855 1991 898 2026 et
915 1998 1005 2027 non
1024 1983 1169 2027 tacite.
1185 1986 1316 2029 Tacet
1329 1985 1445 2029 enim
1463 1995 1566 2030 stre-

183 2054 294 2113 pitu,
312 2053 468 2098 clamat
488 2052 662 2096 affectu.
687 2054 838 2111 Neque
861 2053 978 2096 enim
997 2051 1094 2097 dico
1112 2053 1218 2097 recti
1235 2053 1401 2114 aliquid
1420 2056 1565 2100 homi-

182 2124 312 2168 nibus
326 2159 338 2180 ,
355 2123 476 2183 quod
493 2138 583 2167 non
605 2139 629 2166 a
650 2137 720 2166 me
740 2130 791 2166 tu
813 2123 931 2182 prius
952 2122 1154 2176 audieris,
1171 2133 1246 2168 aut
1265 2125 1394 2170 etiam
1414 2135 1466 2171 tu
1486 2126 1565 2171 ali-

182 2194 290 2256 quid
310 2193 396 2239 tale
419 2193 541 2239 audis
564 2210 588 2238 a
604 2208 674 2237 me
687 2227 700 2249 ,
724 2192 846 2253 quod
861 2207 954 2239 non
970 2193 1079 2239 mihi
1100 2204 1150 2239 tu
1166 2195 1285 2255 prius
1305 2195 1476 2242 dixeris.

181 2291 191 2334 ξ,
219 2299 241 2336 ,Ι
261 2291 342 2325 Psal.
358 2302 391 2334 v,
408 2291 458 2324 13.
481 2308 522 2315 —
537 2297 550 2314 ²
569 2293 660 2325 Rom.
680 2301 728 2332 iv,
750 2289 783 2322 5.

1284 2682 1332 2720 15
