1871 3162
624 200 971 239 cour-Essmrzmvr,
1005 202 1088 229 ne.
1123 204 1201 231 vn.
1506 194 1589 234 149

212 265 405 310 Nebridii
426 265 683 310 sententiam
705 266 820 310 flecti
843 281 1060 325 coeperam
1077 301 1087 321 ,
1113 283 1202 311 non
1223 269 1403 327 quidem
1424 271 1590 315 abnue-

210 351 302 380 rem
322 336 534 396 conjicere
555 351 604 380 ac
625 337 767 381 dicere
783 336 902 396 quod
924 338 1096 381 nutanti
1119 338 1374 382 occurrebat
1399 359 1408 383 :
1429 341 1504 384 sed
1525 351 1591 385 ta-

212 421 313 450 men
334 406 590 465 subjicerem
604 441 614 461 ,
640 422 776 466 prope
791 408 883 467 jam
905 422 993 451 esse
1015 407 1121 451 mihi
1138 423 1390 466 persuasum
1410 409 1592 454 ridicula

207 491 297 520 esse
318 476 392 520 illa
414 485 457 520 et
477 477 638 520 inania.
667 479 777 520 Tum
804 476 878 520 ille
900 478 1006 520 mihi
1040 478 1228 521 narravit
1264 487 1432 536 patrem
1467 495 1593 523 suum

206 547 336 590 fuisse
349 546 561 591 librorum
582 547 737 591 talium
754 548 1108 603 curiosissimum,
1128 557 1171 592 et
1184 549 1386 592 habuisse
1404 550 1591 593 amicum

205 631 330 676 aeque
351 616 423 660 illa
455 616 673 677 simulque
711 627 970 670 sectantem,
995 618 1072 677 qui
1094 619 1188 677 pari
1211 617 1356 663 studio
1391 628 1434 662 et
1456 618 1592 663 colla-

203 686 323 730 tione
345 686 558 730 flatabant
582 688 628 730 in
650 702 719 731 eas
736 703 872 746 nugas
899 688 1044 746 ignem
1069 689 1212 733 cordis
1234 689 1299 732 sui
1317 724 1328 743 ,
1348 689 1407 733 ita
1430 698 1478 733 ut
1500 705 1592 733 mu-

203 766 349 802 torum
371 772 549 817 quoque
569 756 847 813 animalium,
873 758 907 801 si
925 774 1025 817 quae
1054 758 1174 803 domi
1195 768 1397 818 parerent
1411 794 1422 814 ,
1443 760 1592 803 obser-

201 836 354 871 varent
375 836 594 871 momenta
612 827 898 882 nascentium,
920 837 1051 887 atque
1070 828 1125 872 ad
1144 844 1192 872 ea
1213 830 1470 888 positionem
1490 830 1592 874 coeli

200 907 426 952 notarent,
453 897 571 941 unde
595 897 711 942 illius
734 899 857 958 quasi
877 899 979 942 artis
1002 899 1297 958 experimenta
1319 900 1588 959 colligerent.

199 970 354 1027 Itaque
377 968 548 1012 dicebat
571 968 741 1013 audisse
757 983 801 1012 se
827 985 851 1012 a
874 978 995 1028 patre
1018 985 1112 1025 suo,
1129 970 1250 1029 quod
1267 986 1368 1014 cum
1386 971 1589 1014 eumdem

200 1039 444 1082 Firminum
480 1053 707 1096 praegnans
747 1048 884 1082 mater
927 1049 1035 1083 esset
1052 1074 1062 1094 ,
1105 1041 1235 1084 etiam
1272 1040 1385 1084 illius
1419 1041 1589 1100 paterni

199 1108 327 1152 amici
349 1107 513 1151 famula
535 1107 737 1167 quaedam
765 1109 927 1166 pariter
948 1118 1072 1153 utero
1097 1110 1438 1168 grandescebat3
1467 1111 1588 1171 quod

198 1179 332 1222 latere
359 1193 447 1222 non
480 1178 623 1237 potuit
657 1177 912 1233 dominum,
944 1179 1020 1238 qui
1053 1179 1183 1223 etiam
1215 1196 1373 1224 canum
1410 1197 1588 1226 suarum

196 1257 346 1307 partus
369 1247 729 1291 examinatissima
751 1247 973 1306 diligentia
995 1256 1120 1293 nosse
1141 1250 1337 1294 curabat.
1361 1254 1505 1310 Atque
1527 1253 1585 1296 ita

196 1319 362 1364 factum
381 1333 485 1373 esse,
514 1327 563 1361 ut
586 1333 686 1362 cum
703 1318 784 1361 iste
805 1319 1018 1378 conjugis,
1038 1318 1111 1362 ille
1133 1329 1280 1364 autem
1302 1321 1471 1365 ancillae
1493 1322 1584 1367 dies

196 1399 240 1434 et
275 1390 402 1434 horas
420 1424 430 1443 ,
473 1389 818 1448 minutioresque
850 1390 1058 1434 horarum
1101 1391 1304 1436 articulos
1340 1393 1584 1438 cautissima

195 1460 497 1505 observatione
521 1468 824 1515 numerarent,
851 1461 989 1506 enixae
1019 1471 1159 1505 essent
1181 1463 1320 1506 ambae
1348 1463 1504 1518 simul,
1525 1465 1583 1509 ita

194 1540 246 1575 ut
267 1529 439 1575 easdem
453 1529 804 1574 constellationes
825 1545 966 1590 usque
987 1530 1044 1575 ad
1061 1531 1231 1575 easdem
1253 1533 1457 1578 minutias
1478 1535 1583 1579 utri-

193 1617 279 1662 que
315 1601 508 1645 nascenti
538 1599 680 1644 faeere
717 1610 997 1658 cogerentur,
1031 1602 1110 1645 iste
1143 1601 1233 1646 filio
1249 1637 1260 1657 ,
1285 1602 1357 1646 ille
1391 1605 1577 1649 servulo.

192 1674 301 1717 Nam
324 1687 425 1716 cum
447 1672 651 1716 mulieres
674 1673 888 1731 parturire
911 1672 1161 1732 coepissent,
1178 1674 1483 1718 indicaverunt
1500 1677 1582 1720 sibi

194 1743 324 1787 ambo
347 1743 454 1803 quid
472 1743 517 1786 in
539 1759 614 1786 sua
630 1744 841 1802 cujusque
864 1743 996 1788 domo
1014 1753 1215 1802 ageretur
1227 1780 1237 1800 ,
1255 1754 1299 1789 et
1316 1757 1580 1804 paraverunt

192 1828 301 1873 quos
328 1813 381 1856 ad
404 1828 447 1856 se
468 1813 655 1857 invicem
677 1814 919 1870 mitterent,
943 1813 1072 1858 simul
1095 1823 1145 1859 ut
1166 1824 1318 1859 natum
1342 1817 1461 1876 quod
1479 1833 1579 1876 par-

192 1883 437 1927 turiebatur
465 1891 573 1926 esset
594 1882 752 1942 cuique
776 1884 1054 1940 nuntiatum3
1085 1884 1204 1944 quod
1227 1894 1373 1929 tamen
1395 1897 1445 1931 ut
1473 1904 1579 1932 con-

192 1954 317 1997 tinuo
334 1953 626 2007 nuntiaretur,
642 1962 853 2012 tanquam
875 1953 921 1997 in
934 1968 1067 2011 regno
1089 1970 1167 1998 suo
1181 1954 1307 2000 facile
1323 1957 1573 2004 effecerant.

193 2025 339 2083 Atque
361 2022 420 2066 ita
444 2021 519 2081 qui
543 2022 598 2065 ab
619 2014 827 2066 alterutro
842 2023 958 2066 missi
976 2033 1102 2079 sunt,
1125 2033 1213 2068 tam
1233 2041 1283 2068 ex
1304 2027 1480 2084 paribus
1498 2029 1579 2073 do-

192 2108 362 2137 morum
380 2091 618 2138 intervallis
635 2092 716 2135 sibi
733 2093 904 2137 obviam
919 2093 1056 2138 factos
1073 2110 1160 2138 esse
1178 2094 1367 2151 dicebat,
1388 2107 1437 2141 ut
1453 2098 1577 2143 aliam

192 2163 453 2223 positionem
493 2162 706 2218 siderum,
742 2162 933 2223 aliasque
964 2164 1197 2223 particulas
1226 2177 1545 2212 momentorum
1563 2205 1574 2225 ,

192 2244 346 2278 neuter
367 2248 517 2278 eorum
540 2243 690 2278 notare
708 2234 921 2278 sineretur
939 2254 949 2280 :
970 2244 1013 2279 et
1035 2245 1179 2279 tamen
1201 2237 1416 2282 Firminus
1432 2241 1576 2299 amplo

192 2304 310 2364 apud
332 2320 430 2348 suos
446 2304 542 2348 loco
561 2313 688 2348 natus
704 2339 714 2359 ‚
736 2303 1022 2350 dealbatiores
1039 2307 1129 2350 vias
1150 2308 1297 2351 saeculi
1313 2309 1573 2365 cursitabat,

194 2375 434 2433 augebatur
455 2375 639 2431 divitiis,
677 2375 997 2421 sublimabatur
1028 2379 1268 2422 honoribus
1295 2399 1303 2424 :
1329 2395 1475 2424 servus
1498 2398 1576 2425 au-

194 2456 282 2491 tem
300 2445 373 2490 ille
395 2446 653 2491 conditionis
670 2449 776 2507 jugo
796 2446 1045 2493 nullatenus
1063 2449 1252 2494 relaxato
1275 2450 1462 2495 dominis
1486 2467 1575 2495 sor-

195 2517 367 2572 viebat,
393 2518 485 2577 ipso
508 2517 727 2563 indicante
751 2519 826 2578 qui
850 2528 1028 2563 noverat
1046 2534 1157 2563 eum.
