1871 3162
287 232 370 273 134
715 245 749 274 s.
785 245 1015 276 Aueusnm
1048 249 1229 279 13121500121

284 315 422 356 Deum
441 347 453 369 ,
489 321 532 357 et
561 313 816 359 habuissent
848 313 1035 360 fideliter
1069 332 1118 361 ac
1150 317 1399 363 dilexissent
1431 318 1607 362 amicos.
1628 320 1666 362 A

288 398 476 442 quorum
498 398 578 442 ego
600 383 778 444 quidem
806 385 1050 444 granditate
1082 387 1215 431 animi
1245 388 1374 446 longe
1397 389 1572 433 aberam
1594 406 1603 432 ε
1626 396 1669 431 et

289 453 502 512 deligatus
523 455 679 499 morbo
709 455 850 499 carnis
872 455 1098 500 mortifera
1118 458 1329 502 suavitate
1352 458 1578 502 trahebam
1598 473 1671 501 ca-

289 533 438 568 tenam
473 539 641 582 meam3
675 524 783 570 solvi
820 526 1004 581 timens,
1045 536 1089 571 et
1109 528 1233 587 quasi
1260 542 1470 572 concusso
1490 527 1672 572 vulnere

292 595 507 655 repellens
528 595 661 640 verba
682 595 796 640 bene
824 596 1044 641 suadentis
1064 606 1272 657 tanquam
1296 613 1472 642 manum
1499 597 1672 642 solven—

245 700 250 701 γ
291 666 359 710 tis.
386 669 569 724 Insuper
591 666 721 709 etiam
738 682 815 726 per
838 682 908 710 me
928 667 1009 726 ipsi
1031 683 1208 728 quoque
1230 668 1390 727 Alypio
1411 668 1675 728 loquebatur

291 752 483 796 serpens,
507 746 552 781 et
571 736 819 782 innectebat
835 747 967 797 atque
981 739 1210 798 spargebat
1225 755 1303 799 per
1322 739 1518 798 linguam
1535 753 1677 782 meam

293 807 443 851 dulces
463 807 642 866 laqueos
665 808 711 852 in
732 809 802 853 via
823 809 914 868 ejus
930 843 942 863 ‚
974 809 1136 869 quibus
1152 809 1215 854 illi
1238 810 1407 855 honesti
1425 818 1468 854 et
1488 809 1676 869 expediti

287 878 422 936 pedes
440 876 783 936 implicarentur.

350 949 496 991 XXII.
522 948 636 991 Cum
658 947 775 991 enim
803 962 873 991 me
892 947 966 991 ille
984 948 1214 992 miraretur
1228 983 1240 1004 ‚
1269 964 1400 1008 quem
1423 965 1512 994 non
1532 948 1679 1009 parvi-

290 1017 503 1077 penderet
517 1052 528 1073 ,
550 1019 609 1062 ita
630 1019 797 1062 haerere
817 1018 935 1063 visco
956 1018 1070 1063 illius
1097 1020 1334 1078 voluptatis
1351 1055 1362 1075 ‚
1399 1028 1451 1064 ut
1470 1035 1541 1064 me
1563 1020 1681 1064 affir-

292 1105 459 1133 marem
485 1090 845 1150 quotiescumque
865 1089 968 1134 inde
1004 1091 1118 1134 inter
1149 1107 1228 1135 nos
1249 1106 1542 1151 quaereremus
1557 1127 1568 1147 ‚
1592 1107 1680 1136 cae-

295 1160 429 1203 libem
473 1159 607 1203 vitam
640 1159 763 1203 nullo
799 1160 932 1204 modo
969 1175 1090 1218 posse
1127 1160 1284 1219 degere
1301 1196 1313 1216 ‚
1352 1171 1484 1221 atque
1515 1163 1574 1206 ita
1611 1177 1681 1205 me

296 1229 579 1274 defenderem
613 1244 715 1273 cum
738 1228 863 1272 illum
899 1231 1130 1273 mirantem
1165 1230 1357 1275 viderem
1375 1267 1386 1288 ‚
1415 1241 1464 1275 ut
1491 1231 1681 1276 dicerem

295 1299 485 1344 multum
508 1300 712 1343 interesse
735 1299 846 1343 inter
876 1299 986 1343 illud
1009 1299 1128 1359 quod
1150 1301 1240 1359 ipse
1270 1301 1427 1360 raptim
1455 1311 1499 1345 et
1531 1300 1682 1346 furtim

296 1379 495 1430 expertus
519 1379 628 1414 esset
645 1405 656 1425 ,
685 1369 808 1430 quod
838 1384 949 1428 pene
970 1370 1062 1429 jam
1095 1385 1150 1413 ne
1180 1370 1446 1415 meminisset
1471 1371 1651 1431 quidem
1669 1406 1680 1426 ,

295 1450 425 1501 atque
446 1441 546 1485 ideo
566 1440 687 1484 nulla
707 1440 902 1484 molestia
926 1438 1052 1484 facile
1072 1449 1373 1485 contemneret
1388 1477 1398 1496 ,
1426 1451 1469 1486 et
1490 1441 1685 1486 delecta-

298 1513 435 1557 tiones
467 1511 794 1556 consuetudinis
817 1526 924 1554 meae
940 1546 950 1566 ,
977 1510 1032 1555 ad
1053 1526 1160 1570 quas
1193 1512 1227 1555 si
1255 1513 1497 1556 accessisset
1524 1514 1685 1558 hones-

301 1593 394 1627 tum
421 1598 583 1627 nomen
618 1581 909 1635 matrimonii,
936 1596 1024 1624 non
1055 1596 1155 1624 eum
1176 1581 1321 1624 mirari
1354 1591 1580 1641 oportere,
1609 1599 1688 1627 cur

300 1669 380 1713 ego
403 1653 522 1697 illam
544 1653 676 1696 vitam
702 1652 928 1710 nequirem
950 1666 1151 1710 spernere
1173 1671 1182 1696 ε
1207 1661 1400 1712 coeperat
1422 1662 1464 1697 et
1496 1654 1586 1713 ipse
1607 1653 1686 1698 de-

301 1725 487 1769 siderare
516 1724 770 1784 conjugium
786 1758 796 1777 ,
823 1738 1104 1782 nequaquam
1126 1723 1263 1766 victus
1284 1723 1467 1768 libidine
1489 1723 1586 1768 talis
1607 1740 1687 1769 vo—

300 1795 500 1854 luptatis,
536 1794 611 1838 sed
644 1793 916 1837 curiositatis.
955 1792 1132 1837 Dicebat
1160 1793 1275 1836 enim
1306 1794 1413 1838 scire
1446 1810 1490 1838 se
1527 1809 1687 1853 cupere

302 1865 512 1925 quidnam
534 1873 644 1908 esset
664 1863 776 1908 illud
790 1899 801 1919 ‚
828 1863 919 1907 sine
946 1878 1034 1922 quo
1059 1863 1147 1907 vita
1168 1878 1265 1906 mea
1289 1880 1388 1923 quae
1410 1863 1474 1907 illi
1495 1864 1554 1908 sic
1590 1863 1688 1923 pla⁴⁸

302 1935 444 1989 cebat‚
468 1950 559 1979 non
577 1934 685 1978 mihi
704 1934 809 1986 vita,
834 1932 910 1977 sed
932 1947 1064 1992 poena
1080 1933 1313 1976 videretur.
1337 1933 1550 1992 Stupebat
1572 1934 1688 1978 enim

303 2007 416 2051 liber
447 2006 502 2050 ab
537 2004 614 2049 illo
646 2003 823 2048 vinculo
851 2003 1021 2047 animus
1050 2003 1303 2046 servitutem
1338 2017 1501 2056 meam,
1528 2012 1573 2047 et
1594 2012 1688 2047 stu-

303 2076 449 2138 pendo
469 2077 562 2120 ibat
580 2076 626 2119 in
648 2072 895 2134 experiendi
917 2073 1166 2132 cupidinem
1181 2107 1192 2126 ‚
1224 2081 1433 2116 venturus
1467 2073 1514 2116 in
1550 2074 1688 2132 ipsam

304 2146 614 2207 experientiam
644 2154 775 2204 atque
807 2143 909 2187 inde
942 2143 1122 2187 fortasse
1146 2141 1344 2201 lapsurus
1366 2142 1411 2186 in
1434 2158 1529 2186 eam
1551 2159 1687 2203 quam

305 2218 509 2277 stupebat
530 2216 803 2273 servitutem3
818 2214 1026 2275 quoniam
1047 2214 1323 2273 sponsionem
1351 2214 1528 2258 volebat
1546 2214 1688 2259 facere

307 2306 407 2335 cum
439 2297 607 2345 morte3
641 2297 685 2332 et
711 2287 788 2346 qui
824 2295 939 2330 amat
971 2284 1240 2345 periculum,
1265 2284 1426 2329 incidet
1458 2285 1504 2328 in
1527 2285 1687 2329 illud1.

306 2363 520 2405 Neutrum
542 2358 658 2402 enim
681 2366 877 2401 nostrum
895 2391 906 2410 ,
931 2357 965 2399 si
986 2354 1105 2415 quod
1142 2364 1206 2399 est
1232 2355 1460 2414 conjugale
1490 2354 1622 2399 decus
1646 2357 1691 2399 in

308 2431 452 2474 officio
474 2428 652 2487 regendi
676 2427 936 2471 matrimonii
958 2435 1000 2483 et
1022 2425 1394 2484 suscipiendorum
1421 2425 1659 2469 liberorum
1675 2461 1686 2480 ‚

308 2499 509 2552 ducebat,
526 2499 604 2541 nisi
630 2498 828 2541 tenuiter,
844 2500 1001 2554 Magna
1020 2505 1164 2539 autem
1187 2510 1237 2538 ex
1259 2504 1381 2554 parte
1403 2504 1534 2555 atque
1555 2495 1689 2538 vehe-

362 2591 368 2604 ¹
395 2582 554 2617 Eccli.1u,
572 2591 624 2621 27.
