<?xml version="1.0" encoding="UTF-8"?>
<!DOCTYPE html PUBLIC "-//W3C//DTD XHTML 1.0 Transitional//EN"
    "http://www.w3.org/TR/xhtml1/DTD/xhtml1-transitional.dtd">
<html xmlns="http://www.w3.org/1999/xhtml" xml:lang="en" lang="en">
 <head>
  <title>
</title>
<meta http-equiv="Content-Type" content="text/html;charset=utf-8" />
  <meta name='ocr-system' content='tesseract 3.04.00' />
  <meta name='ocr-capabilities' content='ocr_page ocr_carea ocr_par ocr_line ocrx_word'/>
</head>
<body>
  <div class='ocr_page' id='page_1' title='image "./operaomniaaccura25auguuoft_0435.png"; bbox 0 0 1871 3162; ppageno 0'>
   <div class='ocr_carea' id='block_1_1' title="bbox 604 243 1564 294">
    <p class='ocr_par' dir='ltr' id='par_1_1' title="bbox 604 243 1564 294">
     <span class='ocr_line' id='line_1_1' title="bbox 604 243 1564 294; baseline -0.003 -11"><span class='ocrx_word' id='word_1_1' title='bbox 604 257 973 294; x_wconf 63' lang='lat' dir='ltr'><strong>soLrLoQtiionUM,</strong></span> <span class='ocrx_word' id='word_1_2' title='bbox 1009 257 1090 282; x_wconf 73' lang='lat' dir='ltr'><strong>Lm.</strong></span> <span class='ocrx_word' id='word_1_3' title='bbox 1127 257 1156 280; x_wconf 91' lang='lat'><strong>1.</strong></span> <span class='ocrx_word' id='word_1_4' title='bbox 1486 243 1564 282; x_wconf 74' lang='lat'><strong>421</strong></span> 
     </span>
    </p>
   </div>
   <div class='ocr_carea' id='block_1_2' title="bbox 191 320 1577 1703">
    <p class='ocr_par' dir='ltr' id='par_1_2' title="bbox 191 320 1577 1703">
     <span class='ocr_line' id='line_1_2' title="bbox 199 320 1572 380; baseline -0.002 -16"><span class='ocrx_word' id='word_1_5' title='bbox 199 323 327 366; x_wconf 80' lang='lat' dir='ltr'><strong>etiam</strong></span> <span class='ocrx_word' id='word_1_6' title='bbox 355 323 473 365; x_wconf 83' lang='lat' dir='ltr'><strong>scire.</strong></span> <span class='ocrx_word' id='word_1_7' title='bbox 517 325 568 364; x_wconf 88' lang='lat' dir='ltr'><strong>R.</strong></span> <span class='ocrx_word' id='word_1_8' title='bbox 605 322 786 380; x_wconf 88' lang='lat' dir='ltr'><strong>Respuis</strong></span> <span class='ocrx_word' id='word_1_9' title='bbox 814 320 947 378; x_wconf 83' lang='lat' dir='ltr'><strong>igitur</strong></span> <span class='ocrx_word' id='word_1_10' title='bbox 968 320 1014 363; x_wconf 88' lang='lat' dir='ltr'><strong>in</strong></span> <span class='ocrx_word' id='word_1_11' title='bbox 1034 320 1116 363; x_wconf 86' lang='lat' dir='ltr'><strong>hac</strong></span> <span class='ocrx_word' id='word_1_12' title='bbox 1137 333 1264 362; x_wconf 81' lang='lat' dir='ltr'><strong>causa</strong></span> <span class='ocrx_word' id='word_1_13' title='bbox 1302 334 1429 363; x_wconf 88' lang='lat' dir='ltr'><strong>omne</strong></span> <span class='ocrx_word' id='word_1_14' title='bbox 1453 321 1572 362; x_wconf 82' lang='lat' dir='ltr'><strong>testi-</strong></span> 
     </span>
     <span class='ocr_line' id='line_1_3' title="bbox 198 387 1572 448; baseline -0.002 -15"><span class='ocrx_word' id='word_1_15' title='bbox 198 391 392 435; x_wconf 90' lang='lat' dir='ltr'><strong>monium</strong></span> <span class='ocrx_word' id='word_1_16' title='bbox 409 405 610 434; x_wconf 85' lang='lat' dir='ltr'><strong>sensuum</strong></span> <span class='ocrx_word' id='word_1_17' title='bbox 627 392 644 431; x_wconf 64' lang='grc' dir='ltr'><strong>ἱ)</strong></span> <span class='ocrx_word' id='word_1_18' title='bbox 665 393 717 434; x_wconf 90' lang='grc' dir='ltr'><strong>Α.</strong></span> <span class='ocrx_word' id='word_1_19' title='bbox 740 394 917 433; x_wconf 82' lang='lat' dir='ltr'><strong>Prorsus</strong></span> <span class='ocrx_word' id='word_1_20' title='bbox 935 404 1105 448; x_wconf 86' lang='lat' dir='ltr'><strong>respuo.</strong></span> <span class='ocrx_word' id='word_1_21' title='bbox 1127 391 1182 431; x_wconf 83' lang='lat' dir='ltr'><strong>R.</strong></span> <span class='ocrx_word' id='word_1_22' title='bbox 1200 387 1313 439; x_wconf 85' lang='lat' dir='ltr'>Quid</span> <span class='ocrx_word' id='word_1_23' title='bbox 1331 423 1342 442; x_wconf 72' lang='grc'>,</span> <span class='ocrx_word' id='word_1_24' title='bbox 1367 387 1490 431; x_wconf 84' lang='lat' dir='ltr'><strong>illum</strong></span> <span class='ocrx_word' id='word_1_25' title='bbox 1516 388 1572 430; x_wconf 83' lang='lat' dir='ltr'><strong>fa·</strong></span> 
     </span>
     <span class='ocr_line' id='line_1_4' title="bbox 197 458 1573 519; baseline -0.004 -15"><span class='ocrx_word' id='word_1_26' title='bbox 197 461 403 504; x_wconf 87' lang='lat' dir='ltr'><strong>miliarem</strong></span> <span class='ocrx_word' id='word_1_27' title='bbox 427 470 551 504; x_wconf 90' lang='lat' dir='ltr'><strong>tuum</strong></span> <span class='ocrx_word' id='word_1_28' title='bbox 573 475 705 519; x_wconf 85' lang='lat' dir='ltr'><strong>quem</strong></span> <span class='ocrx_word' id='word_1_29' title='bbox 729 470 770 504; x_wconf 89' lang='lat' dir='ltr'><strong>te</strong></span> <span class='ocrx_word' id='word_1_30' title='bbox 789 460 931 503; x_wconf 79' lang='lat' dir='ltr'><strong>adhuc</strong></span> <span class='ocrx_word' id='word_1_31' title='bbox 952 461 1149 518; x_wconf 84' lang='lat' dir='ltr'><strong>ignorare</strong></span> <span class='ocrx_word' id='word_1_32' title='bbox 1171 458 1315 502; x_wconf 81' lang='lat' dir='ltr'><strong>dixisti</strong></span> <span class='ocrx_word' id='word_1_33' title='bbox 1334 492 1343 511; x_wconf 79' lang='grc'>,</span> <span class='ocrx_word' id='word_1_34' title='bbox 1365 473 1488 500; x_wconf 75' lang='lat' dir='ltr'><strong>sensu</strong></span> <span class='ocrx_word' id='word_1_35' title='bbox 1511 458 1573 500; x_wconf 66' lang='lat' dir='ltr'><strong>vis</strong></span> 
     </span>
     <span class='ocr_line' id='line_1_5' title="bbox 198 526 1569 589; baseline -0.003 -16"><span class='ocrx_word' id='word_1_36' title='bbox 198 545 342 584; x_wconf 83' lang='lat' dir='ltr'><strong>nosse,</strong></span> <span class='ocrx_word' id='word_1_37' title='bbox 367 546 423 573; x_wconf 88' lang='lat' dir='ltr'><strong>an</strong></span> <span class='ocrx_word' id='word_1_38' title='bbox 445 530 700 574; x_wconf 80' lang='lat' dir='ltr'><strong>intellectu?</strong></span> <span class='ocrx_word' id='word_1_39' title='bbox 722 533 773 574; x_wconf 82' lang='lat' dir='ltr'><strong>A.</strong></span> <span class='ocrx_word' id='word_1_40' title='bbox 803 532 939 574; x_wconf 89' lang='lat' dir='ltr'><strong>Sensu</strong></span> <span class='ocrx_word' id='word_1_41' title='bbox 960 529 1137 589; x_wconf 87' lang='lat' dir='ltr'><strong>quidem</strong></span> <span class='ocrx_word' id='word_1_42' title='bbox 1161 526 1279 587; x_wconf 89' lang='lat' dir='ltr'><strong>quod</strong></span> <span class='ocrx_word' id='word_1_43' title='bbox 1296 527 1342 570; x_wconf 90' lang='lat' dir='ltr'><strong>in</strong></span> <span class='ocrx_word' id='word_1_44' title='bbox 1366 542 1416 570; x_wconf 90' lang='lat' dir='ltr'><strong>eo</strong></span> <span class='ocrx_word' id='word_1_45' title='bbox 1441 528 1569 580; x_wconf 85' lang='lat' dir='ltr'><strong>novi,</strong></span> 
     </span>
     <span class='ocr_line' id='line_1_6' title="bbox 195 596 1570 660; baseline -0.004 -16"><span class='ocrx_word' id='word_1_46' title='bbox 195 601 227 643; x_wconf 91' lang='lat' dir='ltr'><strong>si</strong></span> <span class='ocrx_word' id='word_1_47' title='bbox 249 609 394 644; x_wconf 86' lang='lat' dir='ltr'><strong>tamen</strong></span> <span class='ocrx_word' id='word_1_48' title='bbox 426 616 552 644; x_wconf 91' lang='lat' dir='ltr'><strong>sensu</strong></span> <span class='ocrx_word' id='word_1_49' title='bbox 575 600 739 660; x_wconf 89' lang='lat' dir='ltr'><strong>aliquid</strong></span> <span class='ocrx_word' id='word_1_50' title='bbox 761 601 953 644; x_wconf 88' lang='lat' dir='ltr'><strong>noscitur</strong></span> <span class='ocrx_word' id='word_1_51' title='bbox 968 634 978 654; x_wconf 90' lang='lat'>‚</span> <span class='ocrx_word' id='word_1_52' title='bbox 1015 607 1059 642; x_wconf 87' lang='lat' dir='ltr'><strong>et</strong></span> <span class='ocrx_word' id='word_1_53' title='bbox 1080 597 1163 641; x_wconf 87' lang='lat' dir='ltr'><strong>vile</strong></span> <span class='ocrx_word' id='word_1_54' title='bbox 1183 606 1268 650; x_wconf 85' lang='lat' dir='ltr'><strong>est,</strong></span> <span class='ocrx_word' id='word_1_55' title='bbox 1308 606 1351 639; x_wconf 89' lang='lat' dir='ltr'><strong>et</strong></span> <span class='ocrx_word' id='word_1_56' title='bbox 1372 596 1471 639; x_wconf 84' lang='lat' dir='ltr'><strong>satis</strong></span> <span class='ocrx_word' id='word_1_57' title='bbox 1493 606 1570 639; x_wconf 89' lang='lat' dir='ltr'><strong>est.</strong></span> 
     </span>
     <span class='ocr_line' id='line_1_7' title="bbox 195 667 1574 731; baseline -0.003 -18"><span class='ocrx_word' id='word_1_58' title='bbox 195 670 316 714; x_wconf 85' lang='lat' dir='ltr'><strong>Illam</strong></span> <span class='ocrx_word' id='word_1_59' title='bbox 350 686 451 715; x_wconf 89' lang='lat' dir='ltr'><strong>vero</strong></span> <span class='ocrx_word' id='word_1_60' title='bbox 474 680 640 730; x_wconf 83' lang='lat' dir='ltr'><strong>partem</strong></span> <span class='ocrx_word' id='word_1_61' title='bbox 664 688 749 731; x_wconf 83' lang='lat' dir='ltr'><strong>qua</strong></span> <span class='ocrx_word' id='word_1_62' title='bbox 781 671 887 714; x_wconf 90' lang='lat' dir='ltr'><strong>mihi</strong></span> <span class='ocrx_word' id='word_1_63' title='bbox 918 670 1081 714; x_wconf 79' lang='lat' dir='ltr'><strong>amicus</strong></span> <span class='ocrx_word' id='word_1_64' title='bbox 1117 677 1205 722; x_wconf 86' lang='lat' dir='ltr'><strong>est,</strong></span> <span class='ocrx_word' id='word_1_65' title='bbox 1239 667 1286 711; x_wconf 84' lang='lat' dir='ltr'><strong>id</strong></span> <span class='ocrx_word' id='word_1_66' title='bbox 1322 676 1406 721; x_wconf 85' lang='lat' dir='ltr'><strong>est,</strong></span> <span class='ocrx_word' id='word_1_67' title='bbox 1431 667 1574 726; x_wconf 85' lang='lat' dir='ltr'><strong>ipsum</strong></span> 
     </span>
     <span class='ocr_line' id='line_1_8' title="bbox 195 737 1575 800; baseline -0.002 -18"><span class='ocrx_word' id='word_1_68' title='bbox 195 741 389 784; x_wconf 87' lang='lat' dir='ltr'><strong>animum</strong></span> <span class='ocrx_word' id='word_1_69' title='bbox 410 776 421 795; x_wconf 83' lang='lat'>,</span> <span class='ocrx_word' id='word_1_70' title='bbox 458 741 682 784; x_wconf 76' lang='lat' dir='ltr'><strong>intellectu</strong></span> <span class='ocrx_word' id='word_1_71' title='bbox 714 741 881 800; x_wconf 83' lang='lat' dir='ltr'><strong>assequi</strong></span> <span class='ocrx_word' id='word_1_72' title='bbox 915 740 1058 798; x_wconf 86' lang='lat' dir='ltr'><strong>cupio.</strong></span> <span class='ocrx_word' id='word_1_73' title='bbox 1098 742 1151 782; x_wconf 83' lang='lat' dir='ltr'><strong>R.</strong></span> <span class='ocrx_word' id='word_1_74' title='bbox 1186 741 1415 782; x_wconf 84' lang='lat' dir='ltr'><strong>Potest-ne</strong></span> <span class='ocrx_word' id='word_1_75' title='bbox 1453 737 1575 780; x_wconf 80' lang='lat' dir='ltr'><strong>aliter</strong></span> 
     </span>
     <span class='ocr_line' id='line_1_9' title="bbox 195 808 1575 868; baseline -0.001 -16"><span class='ocrx_word' id='word_1_76' title='bbox 195 810 344 854; x_wconf 80' lang='lat' dir='ltr'><strong>nosci?</strong></span> <span class='ocrx_word' id='word_1_77' title='bbox 367 814 418 854; x_wconf 83' lang='lat' dir='ltr'><strong>A.</strong></span> <span class='ocrx_word' id='word_1_78' title='bbox 446 810 577 855; x_wconf 89' lang='lat' dir='ltr'><strong>Nullo</strong></span> <span class='ocrx_word' id='word_1_79' title='bbox 600 810 745 855; x_wconf 88' lang='lat' dir='ltr'><strong>modo.</strong></span> <span class='ocrx_word' id='word_1_80' title='bbox 767 814 820 854; x_wconf 88' lang='lat' dir='ltr'><strong>R.</strong></span> <span class='ocrx_word' id='word_1_81' title='bbox 846 811 1048 854; x_wconf 85' lang='lat' dir='ltr'><strong>Amicum</strong></span> <span class='ocrx_word' id='word_1_82' title='bbox 1069 810 1199 868; x_wconf 83' lang='lat' dir='ltr'><strong>igitur</strong></span> <span class='ocrx_word' id='word_1_83' title='bbox 1221 818 1348 852; x_wconf 90' lang='lat' dir='ltr'><strong>tuum</strong></span> <span class='ocrx_word' id='word_1_84' title='bbox 1371 817 1413 851; x_wconf 90' lang='lat' dir='ltr'><strong>et</strong></span> <span class='ocrx_word' id='word_1_85' title='bbox 1446 808 1575 850; x_wconf 91' lang='lat' dir='ltr'><strong>vehe-</strong></span> 
     </span>
     <span class='ocr_line' id='line_1_10' title="bbox 194 879 1575 937; baseline -0.002 -14"><span class='ocrx_word' id='word_1_86' title='bbox 194 890 363 924; x_wconf 78' lang='lat' dir='ltr'>menter</span> <span class='ocrx_word' id='word_1_87' title='bbox 412 880 665 924; x_wconf 81' lang='lat' dir='ltr'><strong>familiarem</strong></span> <span class='ocrx_word' id='word_1_88' title='bbox 680 917 695 936; x_wconf 78' lang='lat'><em>,</em></span> <span class='ocrx_word' id='word_1_89' title='bbox 736 881 868 925; x_wconf 86' lang='lat' dir='ltr'><strong>audes</strong></span> <span class='ocrx_word' id='word_1_90' title='bbox 916 880 995 924; x_wconf 88' lang='lat' dir='ltr'><strong>tibi</strong></span> <span class='ocrx_word' id='word_1_91' title='bbox 1036 880 1179 924; x_wconf 81' lang='lat' dir='ltr'><strong>dicere</strong></span> <span class='ocrx_word' id='word_1_92' title='bbox 1221 894 1308 923; x_wconf 91' lang='lat' dir='ltr'><strong>esse</strong></span> <span class='ocrx_word' id='word_1_93' title='bbox 1345 879 1575 937; x_wconf 83' lang='lat' dir='ltr'><strong>ignotum?</strong></span> 
     </span>
     <span class='ocr_line' id='line_1_11' title="bbox 194 948 1573 1007; baseline -0.001 -15"><span class='ocrx_word' id='word_1_94' title='bbox 194 952 244 992; x_wconf 85' lang='grc' dir='ltr'><strong>Α.</strong></span> <span class='ocrx_word' id='word_1_95' title='bbox 259 949 423 1001; x_wconf 87' lang='lat' dir='ltr'><strong>Quidni</strong></span> <span class='ocrx_word' id='word_1_96' title='bbox 441 948 783 992; x_wconf 77' lang='lat' dir='ltr'><strong>audeamPIllam</strong></span> <span class='ocrx_word' id='word_1_97' title='bbox 798 951 914 992; x_wconf 87' lang='lat' dir='ltr'><strong>enim</strong></span> <span class='ocrx_word' id='word_1_98' title='bbox 930 949 1070 1007; x_wconf 84' lang='lat' dir='ltr'><strong>legem</strong></span> <span class='ocrx_word' id='word_1_99' title='bbox 1089 949 1286 993; x_wconf 81' lang='lat' dir='ltr'><strong>amicitiae</strong></span> <span class='ocrx_word' id='word_1_100' title='bbox 1299 948 1573 1007; x_wconf 82' lang='lat' dir='ltr'><strong>justissimam</strong></span> 
     </span>
     <span class='ocr_line' id='line_1_12' title="bbox 196 1018 1575 1079; baseline -0.001 -18"><span class='ocrx_word' id='word_1_101' title='bbox 196 1033 285 1061; x_wconf 87' lang='lat' dir='ltr'><strong>esse</strong></span> <span class='ocrx_word' id='word_1_102' title='bbox 318 1019 526 1073; x_wconf 78' lang='lat' dir='ltr'><strong>arbitror,</strong></span> <span class='ocrx_word' id='word_1_103' title='bbox 550 1035 634 1079; x_wconf 87' lang='lat' dir='ltr'><strong>qua</strong></span> <span class='ocrx_word' id='word_1_104' title='bbox 663 1018 958 1077; x_wconf 72' lang='lat' dir='ltr'><strong>praescribitur</strong></span> <span class='ocrx_word' id='word_1_105' title='bbox 973 1053 983 1072; x_wconf 83' lang='lat'>,</span> <span class='ocrx_word' id='word_1_106' title='bbox 1011 1028 1060 1062; x_wconf 80' lang='lat' dir='ltr'><strong>ut</strong></span> <span class='ocrx_word' id='word_1_107' title='bbox 1078 1019 1188 1062; x_wconf 84' lang='lat' dir='ltr'><strong>sicut</strong></span> <span class='ocrx_word' id='word_1_108' title='bbox 1209 1034 1297 1062; x_wconf 91' lang='lat' dir='ltr'><strong>non</strong></span> <span class='ocrx_word' id='word_1_109' title='bbox 1328 1018 1494 1071; x_wconf 83' lang='lat' dir='ltr'><strong>minus,</strong></span> <span class='ocrx_word' id='word_1_110' title='bbox 1515 1018 1575 1060; x_wconf 84' lang='lat' dir='ltr'><strong>ita</strong></span> 
     </span>
     <span class='ocr_line' id='line_1_13' title="bbox 196 1087 1577 1149; baseline 0 -19"><span class='ocrx_word' id='word_1_111' title='bbox 196 1103 275 1131; x_wconf 89' lang='lat' dir='ltr'><strong>nec</strong></span> <span class='ocrx_word' id='word_1_112' title='bbox 309 1088 406 1146; x_wconf 88' lang='lat' dir='ltr'><strong>plus</strong></span> <span class='ocrx_word' id='word_1_113' title='bbox 429 1090 612 1149; x_wconf 86' lang='lat' dir='ltr'><strong>quisque</strong></span> <span class='ocrx_word' id='word_1_114' title='bbox 635 1090 821 1133; x_wconf 82' lang='lat' dir='ltr'><strong>amicum</strong></span> <span class='ocrx_word' id='word_1_115' title='bbox 840 1123 851 1142; x_wconf 84' lang='lat'>,</span> <span class='ocrx_word' id='word_1_116' title='bbox 891 1104 1022 1147; x_wconf 85' lang='lat' dir='ltr'><strong>quam</strong></span> <span class='ocrx_word' id='word_1_117' title='bbox 1055 1104 1098 1132; x_wconf 91' lang='lat' dir='ltr'><strong>se</strong></span> <span class='ocrx_word' id='word_1_118' title='bbox 1123 1089 1265 1147; x_wconf 89' lang='lat' dir='ltr'><strong>ipsum</strong></span> <span class='ocrx_word' id='word_1_119' title='bbox 1290 1087 1457 1145; x_wconf 78' lang='lat' dir='ltr'><strong>diligat.</strong></span> <span class='ocrx_word' id='word_1_120' title='bbox 1488 1090 1577 1130; x_wconf 84' lang='lat' dir='ltr'><strong>Ita-</strong></span> 
     </span>
     <span class='ocr_line' id='line_1_14' title="bbox 192 1156 1576 1217; baseline 0 -18"><span class='ocrx_word' id='word_1_121' title='bbox 192 1172 278 1215; x_wconf 83' lang='lat' dir='ltr'><strong>que</strong></span> <span class='ocrx_word' id='word_1_122' title='bbox 316 1172 417 1200; x_wconf 85' lang='lat' dir='ltr'><strong>eum</strong></span> <span class='ocrx_word' id='word_1_123' title='bbox 441 1159 745 1216; x_wconf 85' lang='lat' dir='ltr'><strong>memetipsum</strong></span> <span class='ocrx_word' id='word_1_124' title='bbox 766 1159 984 1215; x_wconf 67' lang='lat' dir='ltr'><strong>ignorem„</strong></span> <span class='ocrx_word' id='word_1_125' title='bbox 1010 1173 1095 1217; x_wconf 85' lang='lat' dir='ltr'><strong>qua</strong></span> <span class='ocrx_word' id='word_1_126' title='bbox 1132 1165 1275 1215; x_wconf 88' lang='lat' dir='ltr'><strong>potest</strong></span> <span class='ocrx_word' id='word_1_127' title='bbox 1297 1172 1320 1199; x_wconf 87' lang='lat' dir='ltr'>a</span> <span class='ocrx_word' id='word_1_128' title='bbox 1356 1172 1424 1199; x_wconf 87' lang='lat' dir='ltr'><strong>me</strong></span> <span class='ocrx_word' id='word_1_129' title='bbox 1461 1156 1576 1200; x_wconf 83' lang='lat' dir='ltr'><strong>affici</strong></span> 
     </span>
     <span class='ocr_line' id='line_1_15' title="bbox 193 1226 1576 1287; baseline 0 -18"><span class='ocrx_word' id='word_1_130' title='bbox 193 1226 455 1269; x_wconf 83' lang='lat' dir='ltr'><strong>contumelia</strong></span> <span class='ocrx_word' id='word_1_131' title='bbox 474 1262 485 1278; x_wconf 88' lang='lat'>‚</span> <span class='ocrx_word' id='word_1_132' title='bbox 519 1243 647 1287; x_wconf 86' lang='lat' dir='ltr'><strong>quem</strong></span> <span class='ocrx_word' id='word_1_133' title='bbox 678 1227 784 1270; x_wconf 85' lang='lat' dir='ltr'><strong>mihi</strong></span> <span class='ocrx_word' id='word_1_134' title='bbox 808 1242 897 1271; x_wconf 88' lang='lat' dir='ltr'><strong>esse</strong></span> <span class='ocrx_word' id='word_1_135' title='bbox 930 1227 1077 1270; x_wconf 80' lang='lat' dir='ltr'><strong>dixero</strong></span> <span class='ocrx_word' id='word_1_136' title='bbox 1099 1228 1298 1285; x_wconf 87' lang='lat' dir='ltr'><strong>ignotum</strong></span> <span class='ocrx_word' id='word_1_137' title='bbox 1313 1261 1323 1274; x_wconf 77' lang='grc'>,</span> <span class='ocrx_word' id='word_1_138' title='bbox 1347 1242 1446 1270; x_wconf 85' lang='lat' dir='ltr'><strong>cum</strong></span> <span class='ocrx_word' id='word_1_139' title='bbox 1467 1241 1576 1284; x_wconf 82' lang='lat' dir='ltr'><strong>prae-</strong></span> 
     </span>
     <span class='ocr_line' id='line_1_16' title="bbox 193 1296 1575 1356; baseline 0.001 -17"><span class='ocrx_word' id='word_1_140' title='bbox 193 1296 338 1339; x_wconf 67' lang='lat' dir='ltr'><strong>sertim</strong></span> <span class='ocrx_word' id='word_1_141' title='bbox 361 1299 377 1353; x_wconf 88' lang='lat'>(</span> <span class='ocrx_word' id='word_1_142' title='bbox 388 1307 436 1340; x_wconf 83' lang='lat' dir='ltr'><strong>ut</strong></span> <span class='ocrx_word' id='word_1_143' title='bbox 457 1297 617 1353; x_wconf 87' lang='lat' dir='ltr'><strong>credo)</strong></span> <span class='ocrx_word' id='word_1_144' title='bbox 641 1313 694 1340; x_wconf 90' lang='lat' dir='ltr'><strong>ne</strong></span> <span class='ocrx_word' id='word_1_145' title='bbox 717 1298 806 1356; x_wconf 90' lang='lat' dir='ltr'><strong>ipse</strong></span> <span class='ocrx_word' id='word_1_146' title='bbox 827 1296 1006 1356; x_wconf 86' lang='lat' dir='ltr'><strong>quidem</strong></span> <span class='ocrx_word' id='word_1_147' title='bbox 1030 1312 1072 1339; x_wconf 91' lang='lat' dir='ltr'><strong>se</strong></span> <span class='ocrx_word' id='word_1_148' title='bbox 1094 1297 1290 1341; x_wconf 79' lang='lat' dir='ltr'><strong>noverit?</strong></span> <span class='ocrx_word' id='word_1_149' title='bbox 1322 1299 1376 1339; x_wconf 81' lang='lat' dir='ltr'><strong>R.</strong></span> <span class='ocrx_word' id='word_1_150' title='bbox 1406 1296 1447 1340; x_wconf 92' lang='lat' dir='ltr'><strong>Si</strong></span> <span class='ocrx_word' id='word_1_151' title='bbox 1473 1311 1575 1354; x_wconf 84' lang='lat' dir='ltr'><strong>ergo</strong></span> 
     </span>
     <span class='ocr_line' id='line_1_17' title="bbox 193 1365 1576 1425; baseline 0.001 -17"><span class='ocrx_word' id='word_1_152' title='bbox 193 1366 270 1408; x_wconf 85' lang='lat' dir='ltr'><strong>ista</strong></span> <span class='ocrx_word' id='word_1_153' title='bbox 293 1382 393 1425; x_wconf 84' lang='lat' dir='ltr'><strong>quae</strong></span> <span class='ocrx_word' id='word_1_154' title='bbox 415 1368 520 1411; x_wconf 84' lang='lat' dir='ltr'><strong>seire</strong></span> <span class='ocrx_word' id='word_1_155' title='bbox 541 1368 603 1410; x_wconf 79' lang='lat' dir='ltr'><strong>vis</strong></span> <span class='ocrx_word' id='word_1_156' title='bbox 620 1403 630 1421; x_wconf 90' lang='lat'>,</span> <span class='ocrx_word' id='word_1_157' title='bbox 657 1383 706 1409; x_wconf 84' lang='lat' dir='ltr'><strong>ex</strong></span> <span class='ocrx_word' id='word_1_158' title='bbox 728 1382 779 1410; x_wconf 87' lang='lat' dir='ltr'><strong>eo</strong></span> <span class='ocrx_word' id='word_1_159' title='bbox 803 1376 904 1410; x_wconf 88' lang='lat' dir='ltr'><strong>sunt</strong></span> <span class='ocrx_word' id='word_1_160' title='bbox 933 1382 1090 1424; x_wconf 80' lang='lat' dir='ltr'><strong>genere</strong></span> <span class='ocrx_word' id='word_1_161' title='bbox 1111 1381 1211 1425; x_wconf 83' lang='lat' dir='ltr'><strong>quae</strong></span> <span class='ocrx_word' id='word_1_162' title='bbox 1245 1365 1489 1409; x_wconf 86' lang='lat' dir='ltr'><strong>intellectus</strong></span> <span class='ocrx_word' id='word_1_163' title='bbox 1508 1381 1576 1409; x_wconf 83' lang='lat' dir='ltr'><strong>as-</strong></span> 
     </span>
     <span class='ocr_line' id='line_1_18' title="bbox 191 1435 1572 1494; baseline 0 -17"><span class='ocrx_word' id='word_1_164' title='bbox 191 1436 387 1493; x_wconf 85' lang='lat' dir='ltr'><strong>sequitur</strong></span> <span class='ocrx_word' id='word_1_165' title='bbox 404 1470 414 1489; x_wconf 82' lang='lat'>,</span> <span class='ocrx_word' id='word_1_166' title='bbox 447 1452 546 1479; x_wconf 78' lang='lat' dir='ltr'><strong>curn</strong></span> <span class='ocrx_word' id='word_1_167' title='bbox 569 1437 756 1480; x_wconf 85' lang='lat' dir='ltr'><strong>dicerem</strong></span> <span class='ocrx_word' id='word_1_168' title='bbox 787 1436 1064 1494; x_wconf 84' lang='lat' dir='ltr'><strong>impudenter</strong></span> <span class='ocrx_word' id='word_1_169' title='bbox 1083 1445 1124 1478; x_wconf 86' lang='lat' dir='ltr'><strong>te</strong></span> <span class='ocrx_word' id='word_1_170' title='bbox 1146 1435 1258 1479; x_wconf 84' lang='lat' dir='ltr'><strong>velle</strong></span> <span class='ocrx_word' id='word_1_171' title='bbox 1276 1438 1414 1478; x_wconf 81' lang='lat' dir='ltr'><strong>Deum</strong></span> <span class='ocrx_word' id='word_1_172' title='bbox 1437 1437 1545 1479; x_wconf 83' lang='lat' dir='ltr'><strong>scire</strong></span> <span class='ocrx_word' id='word_1_173' title='bbox 1561 1470 1572 1490; x_wconf 87' lang='lat'>‚</span> 
     </span>
     <span class='ocr_line' id='line_1_19' title="bbox 192 1505 1576 1564; baseline 0 -16"><span class='ocrx_word' id='word_1_174' title='bbox 192 1520 290 1548; x_wconf 84' lang='lat' dir='ltr'><strong>cum</strong></span> <span class='ocrx_word' id='word_1_175' title='bbox 315 1505 522 1564; x_wconf 76' lang='lat' dir='ltr'><strong>Alypium</strong></span> <span class='ocrx_word' id='word_1_176' title='bbox 561 1508 722 1550; x_wconf 74' lang='lat' dir='ltr'><strong>nescias</strong></span> <span class='ocrx_word' id='word_1_177' title='bbox 741 1541 751 1561; x_wconf 80' lang='grc'>,</span> <span class='ocrx_word' id='word_1_178' title='bbox 787 1522 875 1549; x_wconf 88' lang='lat' dir='ltr'><strong>non</strong></span> <span class='ocrx_word' id='word_1_179' title='bbox 906 1507 1095 1549; x_wconf 78' lang='lat' dir='ltr'><strong>debuisti</strong></span> <span class='ocrx_word' id='word_1_180' title='bbox 1130 1507 1237 1549; x_wconf 90' lang='lat' dir='ltr'><strong>mihi</strong></span> <span class='ocrx_word' id='word_1_181' title='bbox 1259 1522 1432 1550; x_wconf 87' lang='lat' dir='ltr'><strong>coenam</strong></span> <span class='ocrx_word' id='word_1_182' title='bbox 1454 1515 1576 1549; x_wconf 80' lang='lat' dir='ltr'><strong>tuam</strong></span> 
     </span>
     <span class='ocr_line' id='line_1_20' title="bbox 193 1572 1573 1634; baseline 0 -17"><span class='ocrx_word' id='word_1_183' title='bbox 193 1584 236 1618; x_wconf 89' lang='lat' dir='ltr'><strong>et</strong></span> <span class='ocrx_word' id='word_1_184' title='bbox 256 1575 403 1618; x_wconf 83' lang='lat' dir='ltr'><strong>lunam</strong></span> <span class='ocrx_word' id='word_1_185' title='bbox 435 1576 628 1634; x_wconf 86' lang='lat' dir='ltr'><strong>proferre</strong></span> <span class='ocrx_word' id='word_1_186' title='bbox 652 1592 729 1634; x_wconf 90' lang='lat' dir='ltr'><strong>pro</strong></span> <span class='ocrx_word' id='word_1_187' title='bbox 752 1575 906 1628; x_wconf 86' lang='lat' dir='ltr'><strong>simili,</strong></span> <span class='ocrx_word' id='word_1_188' title='bbox 933 1576 967 1618; x_wconf 90' lang='lat' dir='ltr'><strong>si</strong></span> <span class='ocrx_word' id='word_1_189' title='bbox 988 1576 1082 1618; x_wconf 82' lang='lat' dir='ltr'><strong>haec</strong></span> <span class='ocrx_word' id='word_1_190' title='bbox 1097 1609 1108 1628; x_wconf 84' lang='lat'>‚</span> <span class='ocrx_word' id='word_1_191' title='bbox 1134 1583 1183 1617; x_wconf 86' lang='lat' dir='ltr'><strong>ut</strong></span> <span class='ocrx_word' id='word_1_192' title='bbox 1205 1572 1374 1627; x_wconf 82' lang='lat' dir='ltr'><strong>dixisti,</strong></span> <span class='ocrx_word' id='word_1_193' title='bbox 1401 1574 1456 1617; x_wconf 83' lang='lat' dir='ltr'><strong>ad</strong></span> <span class='ocrx_word' id='word_1_194' title='bbox 1474 1590 1573 1618; x_wconf 84' lang='lat' dir='ltr'><strong>sen-</strong></span> 
     </span>
     <span class='ocr_line' id='line_1_21' title="bbox 191 1645 542 1703; baseline 0 -15"><span class='ocrx_word' id='word_1_195' title='bbox 191 1660 284 1688; x_wconf 89' lang='lat' dir='ltr'><strong>snm</strong></span> <span class='ocrx_word' id='word_1_196' title='bbox 309 1645 542 1703; x_wconf 87' lang='lat' dir='ltr'><strong>pertinent.</strong></span> 
     </span>
    </p>
   </div>
  </div>
 </body>
</html>
