1871 3162
5 1837 12 1842 Ι
2 1719 5 1820 .----
2 1633 5 1702 ,-
2 1610 4 1614 ,
2 1533 4 1546 -

542 314 865 347 εοΝῈΕεεΙοΝυΜ
882 334 893 355 ,
928 316 1011 344 LIB.
1052 317 1112 344 v1.
1429 306 1512 346 117

127 395 265 442 naret,
286 400 365 430 nec
381 385 591 446 conjicere
607 398 828 439 noveram,
847 398 927 428 nec
948 390 1150 443 expertus
1172 394 1290 427 eram
1307 399 1317 427 ε
1341 395 1422 426 nec
1439 383 1514 428 ille

126 458 289 503 sciebat
314 465 443 502 aestus
465 471 605 511 meos,
631 470 710 499 nec
737 453 908 500 foveam
938 452 1120 513 periculi
1142 452 1243 496 mei.
1269 453 1368 497 Non
1394 453 1511 497 enim

124 543 317 588 quaerere
340 528 394 572 ab
418 543 468 571 eo
490 536 686 586 poteram
707 526 829 585 quod
849 524 1052 570 volebam
1069 524 1181 567 sicut
1198 522 1416 577 volebam,
1442 537 1512 567 se-

125 597 406 642 cludentibus
427 612 496 641 me
514 598 569 641 ab
586 598 677 656 ejus
693 611 794 641 aure
812 605 942 656 atque
964 610 1038 639 ore
1061 593 1244 638 catervis
1261 593 1514 652 negotioso-

124 683 222 712 rum
251 668 496 722 hominum,
537 682 726 727 quorum
762 665 1089 710 infirmitatibus
1125 663 1356 708 serviebat.
1402 664 1516 708 Cum

123 738 283 798 quibus
318 737 496 798 quando
529 753 620 782 non.
652 746 770 791 erat,
813 736 934 796 quod
968 751 1043 795 per
1072 734 1279 793 exiguum
1311 733 1518 794 temporis

122 818 228 864 erat,
264 817 338 852 aut
366 823 522 868 corpus
552 808 773 852 reficiebat
805 806 1052 851 necessariis
1081 804 1401 860 sustentaculis,
1439 813 1516 848 aut

121 879 306 924 lectione
325 879 535 922 animum.
559 877 644 922 Sed
665 893 767 922 cum
786 877 977 936 legebat,
1004 876 1121 921 oculi
1142 875 1419 920 ducebantur
1437 890 1515 934 per

121 951 313 1010 paginas,
339 959 382 994 et
403 965 477 994 cor
499 949 771 994 intellectum
800 949 1055 1004 rimabatur,
1080 963 1165 993 vox
1186 956 1331 992 autem
1361 955 1404 990 et
1430 945 1519 990 lin-

121 1037 204 1079 gua
238 1020 535 1080 quiescebant.
566 1023 688 1079 Saepe
710 1035 812 1064 cum
832 1018 1101 1073 adessemus,
1122 1023 1229 1073 (non
1252 1017 1370 1061 enim
1393 1025 1514 1060 veta-

120 1092 248 1135 batur
280 1092 512 1150 quisquam
540 1090 727 1148 ingredi,
757 1099 834 1134 aut
856 1091 894 1133 ei
923 1091 1171 1134 venientem
1205 1088 1398 1132 nuntiari
1424 1102 1518 1131 mos

120 1163 230 1217 erat)
257 1161 316 1204 sic
332 1176 433 1204 eum
450 1161 666 1217 legentem
683 1159 872 1203 vidimus
889 1159 1035 1213 tacite,
1053 1167 1096 1202 et
1114 1157 1238 1202 aliter
1254 1172 1484 1217 nunquam
1504 1176 1515 1202 :

120 1232 404 1291 sedentesque
427 1231 474 1274 in
502 1230 712 1274 diuturno
735 1229 932 1284 silentio,
953 1229 1071 1288 (quis
1094 1228 1211 1271 enim
1233 1237 1322 1271 tam
1345 1227 1517 1273 intento

121 1318 211 1346 esse
229 1302 352 1346 oneri
374 1300 603 1359 auderet?)
620 1300 968 1354 discedebamus,
984 1309 1028 1344 et
1042 1299 1397 1359 conjectabamus
1415 1314 1518 1344 eum

121 1388 254 1433 parvo
278 1373 369 1432 ipso
386 1381 597 1431 tempore,
618 1371 738 1431 quod
756 1371 1009 1431 reparandae
1026 1371 1163 1415 menti
1185 1386 1274 1414 suae
1291 1371 1519 1415 nancisce-

123 1445 268 1498 batur,
292 1441 492 1487 feriatum
519 1443 574 1486 ab
597 1443 780 1502 strepitu
802 1457 1028 1486 causarum
1051 1441 1306 1497 alienarum,
1333 1441 1451 1485 nolle
1469 1442 1517 1486 in

121 1513 239 1558 aliud
262 1514 454 1563 avocari3
491 1522 534 1557 et
563 1528 715 1557 cavere
742 1511 922 1557 fortasse
947 1527 1002 1556 ne
1025 1510 1227 1556 auditore
1244 1527 1450 1571 suspenso
1473 1520 1516 1556 et

119 1585 303 1637 intento,
322 1584 355 1626 si
373 1599 460 1643 qua
478 1583 702 1627 obscurius
720 1583 931 1642 posuisset
944 1582 1017 1626 ille
1030 1597 1161 1642 quem
1179 1582 1357 1640 legeret,
1378 1581 1511 1626 etiam

119 1670 331 1714 exponere
347 1670 517 1699 necesse
533 1663 665 1712 esset,
686 1664 761 1698 aut
784 1654 839 1698 de
854 1654 1073 1713 aliquibus
1090 1652 1408 1697 difficilioribus
1425 1652 1510 1696 dis-

118 1737 289 1786 ceptare
304 1728 634 1787 quaestionibus,
654 1736 784 1786 atque
798 1726 900 1770 huic
918 1725 1037 1785 operi
1053 1724 1322 1784 temporibus
1339 1725 1512 1784 impen-

117 1798 187 1851 sis,
214 1798 355 1840 minus
373 1813 504 1856 quam
525 1797 657 1841 vellet
678 1797 952 1841 voluminum
978 1795 1220 1846 evolveret3
1258 1811 1511 1855 quanquam

118 1877 159 1911 et
182 1883 308 1911 causa
330 1867 551 1910 servandae
573 1868 705 1921 vocis,
731 1882 830 1926 quae
852 1867 915 1910 illi
933 1865 1137 1911 facillime
1159 1865 1505 1922 obtundebatur,

119 1946 287 1996 poterat
304 1952 393 1980 csse
411 1937 565 1995 justior
581 1937 710 1980 tacite
727 1935 915 1994 legendi.
931 1936 1136 1989 Quolibet
1152 1947 1296 1982 tamen
1310 1937 1452 1981 animo
1465 1935 1511 1981 id

117 2016 276 2066 ageret,
298 2007 414 2051 bono
433 2007 584 2065 utiquc
600 2005 673 2049 ille
690 2006 755 2050 vir
773 2006 941 2064 agebat.

173 2080 248 2121 IV.
286 2077 369 2120 Sed
388 2085 504 2121 certe
521 2076 628 2119 mihi
647 2075 765 2119 nulla
785 2076 972 2120 dabatur
993 2076 1116 2136 copia
1138 2076 1382 2121 sciscitandi
1406 2093 1506 2138 quae

117 2149 344 2208 cupiebam
370 2147 425 2191 de
450 2157 538 2191 tam
566 2156 714 2191 sancto
737 2146 914 2192 oraculo
943 2157 1035 2203 tuo,
1063 2157 1238 2207 pectore
1260 2147 1392 2204 illius,
1427 2149 1510 2194 nisi

117 2235 218 2263 cum
249 2218 415 2278 aliquid
446 2218 633 2262 breviter
662 2227 770 2262 esset
803 2217 1088 2263 audiendum.
1109 2221 1255 2264 AEstus
1278 2228 1423 2264 autem
1445 2219 1510 2263 illi

117 2290 200 2333 mei
233 2289 422 2333 otiosum
454 2303 556 2332 eum
588 2287 714 2333 valde
746 2290 815 2333 cui
839 2288 1178 2334 refunderentur
1205 2290 1503 2350 requirebant,

117 2376 196 2405 nec
219 2375 414 2419 unquam
436 2360 730 2404 inveniebant.
758 2362 815 2403 Et
831 2375 932 2404 eum
957 2360 1134 2421 quidem
1156 2361 1200 2404 in
1223 2360 1387 2420 populo
1407 2376 1506 2406 ver-

117 2431 221 2474 bum
244 2429 435 2474 veritatis
459 2439 575 2474 recte
598 2438 857 2474 tractantem
880 2431 999 2474 omni
1021 2430 1090 2475 die
1113 2430 1332 2475 dominico
1356 2430 1506 2476 audie-

118 2501 240 2556 bam,
266 2509 308 2543 et
330 2500 465 2558 magis
487 2500 712 2560 magisque
734 2500 841 2544 mihi
862 2501 1219 2556 confirmabatur,
1242 2516 1392 2547 omnes
1406 2517 1505 2547 ver-

118 2579 311 2614 sutarum
341 2570 660 2615 calumniarum
690 2569 843 2626 nodos,
877 2586 986 2631 quos
1008 2570 1070 2615 illi
1094 2571 1345 2631 deceptores
1367 2575 1503 2617 nostri

120 2641 318 2687 adversus
347 2641 514 2686 divinos
548 2642 680 2686 libros
716 2642 1016 2698 innectebant,
1041 2657 1164 2701 posse
1190 2642 1379 2688 dissolvi.
1422 2644 1501 2686 Ubi
