1871 3162
315 227 342 266 6
738 236 773 266 s.
808 235 1039 266 maus-nm
1068 235 1251 266 zmscon

314 409 1686 429 mmmmmmmmmmwwwwwwmmm

823 544 1036 595 CAPUT
1075 546 1160 593 IV.

421 703 519 748 Dee·
535 704 767 764 majestas
784 712 830 748 et
845 703 1167 766 perfectiones
1185 700 1564 762 z'nexplz‘eablies.

372 865 447 906 IV.
473 864 585 914 an
602 876 645 905 es
663 876 787 919 ergo,
813 865 926 906 Deus
946 866 1098 907 meus?
1114 862 1221 923 quid
1240 878 1361 921 rogo,
1378 863 1458 906 nisi
1480 861 1688 906 Dominus

314 934 450 976 Deus?
464 931 565 984 Quis
579 931 693 974 enim
708 932 915 975 Dominus
926 934 1353 991 praeterDominum?
1367 936 1455 976 Aut
1467 932 1562 991 quis
1575 934 1688 975 Deus

314 1011 468 1060 praeter
491 1004 628 1044 Deum
650 1003 900 1044 nostrum1?
929 1004 1105 1045 Summe
1121 1037 1132 1056 ,
1157 1003 1319 1061 optime
1335 1037 1346 1056 ,
1370 1001 1684 1060 potentissime,

310 1070 740 1128 omnipotentissime,
758 1070 1149 1114 misericordissime
1165 1080 1208 1114 et
1219 1071 1450 1130 justissime
1462 1105 1472 1124 ,
1496 1069 1689 1112 secretis-

309 1141 414 1184 sime
431 1149 474 1184 et
489 1140 831 1198 praesentissime,
848 1140 1136 1199 pulcherrime
1149 1150 1190 1184 et
1205 1140 1449 1193 fortissime,
1467 1138 1630 1183 stabilis
1646 1148 1689 1182 et

312 1208 757 1268 incomprehensibilis
769 1244 779 1263 ,
794 1209 1075 1253 immutabilis
1089 1219 1262 1253 mutans
1281 1211 1440 1262 omnia,
1460 1223 1687 1267 nunquam

310 1295 471 1331 novus,
490 1294 716 1337 nunquam
739 1287 884 1333 vetus,
908 1279 1120 1322 innovans
1137 1279 1281 1323 omnia
1299 1287 1341 1322 et
1360 1278 1403 1321 in
1429 1286 1688 1322 vetustatem

308 1349 550 1408 perducens
581 1348 789 1406 superbos
819 1357 862 1391 et
893 1348 1118 1405 nesciunt,
1152 1363 1319 1407 semper
1349 1363 1495 1405 agens,
1522 1362 1690 1405 semper

309 1419 496 1479 quietus,
521 1418 724 1476 colligens
745 1428 788 1461 et
803 1434 891 1462 non
913 1434 1058 1477 egens,
1077 1429 1250 1477 portans
1265 1430 1308 1463 et
1329 1419 1512 1478 implens
1534 1428 1577 1462 et
1593 1434 1690 1477 pro-

309 1498 474 1547 tegens,
499 1504 647 1532 creans
662 1498 704 1531 et
721 1488 914 1532 nutriens
931 1498 974 1532 et
989 1489 1228 1546 perficiens,
1245 1503 1443 1549 quaerens
1463 1503 1562 1532 cum
1581 1488 1690 1531 nihil

309 1558 419 1602 desit
433 1558 527 1602 tibi.
549 1562 694 1612 Amas,
715 1572 794 1601 nec
815 1567 993 1614 aestuas,
1017 1556 1141 1612 zelas,
1158 1567 1200 1602 et
1223 1574 1398 1602 securus
1415 1573 1458 1602 es
1475 1578 1486 1613 3
1506 1558 1689 1616 poenitet

309 1638 368 1683 te,
394 1638 436 1672 et
458 1644 546 1672 non
564 1627 705 1685 doles,
724 1628 929 1682 irasceris,
950 1637 993 1671 et
1014 1628 1273 1688 tranquillus
1296 1644 1361 1685 es,
1385 1643 1513 1687 opera
1532 1637 1686 1682 mutas,

308 1714 389 1743 nec
416 1708 558 1742 mutas
578 1698 833 1755 consilium,
857 1698 1008 1757 recipis
1029 1698 1149 1759 quod
1177 1699 1366 1754 invenis,
1391 1708 1434 1742 et
1463 1713 1688 1758 nunquam

308 1769 507 1826 amisisti,
532 1784 758 1828 nunquam
775 1769 915 1827 inops,
936 1778 978 1812 et
992 1767 1149 1826 gaudes
1166 1768 1320 1825 lucris3
1340 1784 1572 1828 nunquam
1590 1784 1690 1812 ava-

306 1854 394 1892 rus,
420 1848 462 1882 et
478 1853 628 1882 usuras
644 1838 788 1896 exigis.
812 1840 1153 1896 supererogatur
1169 1839 1249 1882 tibi
1267 1848 1316 1882 ut
1332 1839 1490 1882 debeas
1501 1874 1512 1893 ,
1531 1848 1575 1882 et
1596 1839 1696 1898 quis

310 1909 438 1952 nabet
475 1907 716 1967 quidquam
739 1923 828 1951 non
850 1909 1006 1950 tuum?
1026 1907 1188 1951 Reddis
1205 1908 1353 1952 debita
1378 1907 1490 1951 nulli
1509 1907 1687 1962 debens,

307 1978 442 2022 donas
464 1978 610 2021 debita
632 1977 739 2021 nihil
760 1978 959 2036 perdens.
988 1979 1044 2020 Et
1061 1978 1167 2036 quid
1184 1978 1391 2032 diximus,
1414 1981 1527 2021 Deus
1549 1993 1686 2032 meus,

305 2048 393 2092 vita
415 2062 525 2101 mea,
542 2046 729 2090 dulcedo
750 2062 844 2090 mea
861 2056 1007 2090 sancta
1022 2048 1040 2089 Ρ
1058 2050 1145 2090 Aut
1168 2047 1275 2106 quid
1291 2047 1395 2091 dicit
1413 2047 1568 2107 aliquis
1591 2064 1687 2092 cum

305 2117 359 2162 de
380 2127 423 2161 te
465 2117 600 2161 dicit?
623 2120 679 2161 Et
699 2132 764 2161 vae
792 2117 1033 2161 tacentibus
1055 2116 1109 2161 de
1138 2126 1203 2176 te3
1249 2119 1456 2178 quoniam
1483 2119 1688 2179 loquaces

305 2196 417 2231 muti
437 2195 554 2231 sunt.

351 2285 366 2302 ¹
385 2283 466 2315 Psal.
487 2293 564 2318 xvn.
580 2283 633 2315 32.
