1871 3162
493 255 547 281 DF..
578 254 905 285 CATECHIZANDIS
937 259 1132 287 nunnius.
1415 256 1497 296 525

125 315 297 375 rarique
326 315 548 375 laetantur,
584 319 692 365 dum
729 335 893 367 errores
923 337 1023 369 suos
1054 323 1255 371 humanis
1282 330 1499 378 erroribus

122 395 323 444 pascunt.

181 458 391 503 XXXIII.
416 459 567 519 Neque
602 469 708 505 tunc
730 475 832 507 sane
852 461 1088 509 defuerunt
1105 464 1237 524 justi,
1263 470 1338 526 qui
1359 472 1500 516 Deum

122 527 192 585 pie
225 538 491 589 quaererent,
531 539 575 575 et
615 533 862 592 superbiam
898 535 1061 580 diaboli
1106 535 1328 582 vincerent
1342 574 1352 594 ‚
1389 542 1500 587 cives

121 596 236 643 illius
257 609 417 644 sanctae
432 601 615 646 civitatis
629 636 640 656 ‚
670 618 779 663 quos
801 604 930 662 Regis
951 605 1017 649 sui
1034 605 1193 650 Christi
1209 616 1393 653 ventura
1413 611 1500 654 hu-

121 668 278 714 militas
292 686 369 730 per
390 671 598 730 Spiritum
615 672 802 718 revelata
820 674 1000 719 sanavit.
1026 678 1090 719 Ex
1106 677 1265 735 quibus
1280 679 1501 725 Abraham

119 740 216 798 pius
236 749 280 784 et
295 740 434 786 fidelis
455 743 533 786 Dei
555 758 702 787 servus
724 743 885 788 electus
903 747 990 789 est¹
1004 779 1015 799 ‚
1039 746 1109 789 cui
1129 746 1502 795 demonstraretur

78 827 83 832 ·
119 820 434 855 sacramentum
454 811 552 855 Filii
574 813 676 867 Dei,
700 822 750 856 ut
773 823 948 872 propter
969 815 1257 861 imitationem
1278 819 1379 862 fidei
1403 836 1500 865 om-

119 895 194 923 nes
216 880 364 924 fideles
385 882 580 925 omnium
610 882 803 939 gentium
836 883 914 927 filii
946 886 1037 944 ejus
1070 884 1205 930 futuri
1233 888 1496 935 dicerentur.

118 951 185 993 Ex
206 949 282 994 illo
302 960 428 994 natus
445 959 509 995 est
529 952 718 1011 populus
733 987 744 1007 ,
768 969 791 996 a
809 969 897 1012 quo
919 970 1032 998 unus
1054 958 1166 1000 Deus
1187 973 1314 1003 verus
1337 961 1501 1004 colere-

119 1028 217 1076 tur,
243 1021 318 1080 qui
338 1019 441 1065 fecit
476 1021 637 1065 coelum
668 1031 889 1067 etterram
918 1043 926 1068 :
952 1041 1051 1068 cum
1085 1037 1254 1071 eaeterae
1276 1039 1423 1086 gentes
1445 1033 1500 1076 si—

118 1089 322 1135 mulacris
339 1100 382 1135 et
404 1091 628 1136 daemoniis
646 1093 870 1137 servirent.
895 1096 945 1138 In
963 1110 1014 1138 eo
1031 1095 1159 1154 plane
1176 1098 1340 1156 populo
1359 1101 1500 1146 multo

117 1161 360 1206 evidentius
381 1161 529 1207 futura
542 1161 734 1207 Ecclesia
752 1163 936 1221 figurata
953 1175 1030 1209 est.
1054 1169 1158 1210 Erat
1180 1168 1295 1211 enim
1313 1169 1373 1213 ibi
1394 1171 1501 1215 mul-

116 1231 261 1276 titudo
294 1232 503 1283 carnalis,
544 1248 643 1292 quae
678 1242 853 1292 propter
876 1233 1058 1278 visibilia
1089 1236 1299 1282 beneficia
1331 1239 1501 1284 colebat

115 1304 270 1346 Deum.
295 1305 430 1347 Erant
446 1303 508 1347 ibi
526 1312 671 1347 autem
689 1304 815 1363 pauci
832 1303 1028 1348 futuram
1049 1307 1243 1366 requiem
1262 1310 1500 1368 cogitantes

114 1381 159 1417 et
170 1372 390 1417 coelestem
405 1374 586 1432 patriam
599 1374 883 1433 requirentes,
896 1375 1054 1434 quibus
1069 1377 1372 1435 prophetando
1386 1395 1500 1424 reve-

113 1441 288 1487 labatur
309 1442 457 1487 futura
474 1442 694 1487 humilitas
713 1444 804 1498 Dei,
827 1444 957 1502 Regis
979 1453 1023 1487 et
1044 1446 1219 1490 Domini
1240 1449 1375 1492 nostri
1397 1452 1419 1493 J
1425 1466 1501 1494 esu

112 1512 288 1567 Christi,
305 1521 356 1556 ut
370 1527 445 1571 per
459 1528 552 1555 eam
570 1513 701 1555 fidem
716 1513 771 1556 ab
785 1514 902 1556 omni
915 1515 1115 1572 superbia
1130 1525 1172 1559 et
1187 1525 1357 1562 tumore
1376 1535 1500 1564 sana-

114 1592 279 1627 rentur.
306 1585 474 1627 Horum
496 1591 762 1636 sanctorum,
782 1583 857 1641 qui
880 1595 1192 1641 praecesserunt
1210 1596 1403 1646 tempore
1427 1607 1500 1635 na-

113 1653 327 1698 tivitatem
344 1652 534 1707 Domini,
552 1667 641 1696 non
657 1651 799 1695 solum
818 1666 975 1706 sermo,
1000 1653 1075 1696 sed
1097 1655 1223 1698 etiam
1242 1657 1328 1700 vita
1343 1667 1386 1702 et
1399 1676 1498 1704 con-

107 1723 227 1783 jugia
246 1732 289 1767 et
302 1723 379 1767 filii
401 1731 443 1767 et
456 1721 568 1766 facta
588 1722 815 1781 prophetia
834 1721 917 1766 fuit
937 1723 1068 1782 hujus
1082 1726 1303 1782 temporis,
1319 1744 1407 1787 quo
1423 1746 1499 1788 per

111 1792 245 1838 fidem
265 1793 471 1852 passionis
492 1792 653 1837 Christi
674 1807 727 1835 ex
749 1791 951 1849 gentihus
973 1804 1262 1852 congregatur
1284 1797 1492 1843 Ecclesia.

112 1866 193 1907 Per
215 1862 312 1907 illos
334 1871 504 1907 sanctos
529 1861 796 1906 Patriarchas
820 1870 863 1905 et
888 1863 1125 1920 Prophetas
1147 1865 1308 1909 carnali
1331 1869 1496 1927 populo

112 1933 259 1989 Israel,
285 1935 361 1994 qui
386 1942 532 1992 postea
554 1933 682 1977 etiam
711 1932 852 1976 Judaei
874 1932 1078 1992 appellati
1102 1945 1219 1990 sunt,
1250 1947 1293 1981 et
1315 1939 1495 1993 visibilia

110 2005 320 2050 beneficia
339 2004 697 2049 ministrabantur
718 2019 817 2063 quae
839 2003 1067 2048 carnaliter
1083 2022 1104 2049 a
1122 2007 1308 2052 Domino
1322 2009 1494 2054 deside-

110 2075 289 2130 rabant,
315 2084 358 2119 et
374 2073 656 2119 coercitiones
677 2088 908 2132 poenarum
927 2074 1217 2133 corporalium
1235 2079 1394 2137 quibus
1418 2097 1495 2139 pro

112 2154 307 2205 tempore
329 2154 615 2200 terrerentur,
637 2145 748 2188 sicut
771 2158 921 2188 eorum
945 2144 1118 2189 duritiae
1137 2152 1417 2205 congruebat.
1438 2154 1495 2196 Et

110 2215 156 2260 in
176 2216 244 2260 his
260 2225 406 2260 tamen
428 2215 629 2260 omnibus
651 2215 856 2272 mysteria
877 2213 1084 2273 spiritalia
1112 2216 1464 2275 significabantur
1479 2257 1490 2277 ,

110 2300 210 2345 quae
233 2284 288 2328 ad
309 2286 530 2331 Christum
549 2294 593 2329 et
613 2283 849 2329 Ecclesiam
869 2284 1136 2343 pertinerent
1162 2306 1170 2331 :
1198 2289 1320 2347 cujus
1342 2292 1494 2335 Eccle-

110 2356 182 2400 siae
217 2356 411 2400 membra
433 2365 557 2400 erant
579 2355 708 2399 etiam
730 2354 793 2398 illi
824 2355 979 2409 sancti,
1012 2357 1207 2415 quamvis
1236 2358 1281 2401 in
1305 2360 1384 2404 hac
1407 2362 1493 2406 vita

111 2426 273 2470 fuerint
303 2435 402 2470 ante
436 2442 568 2486 quam
592 2426 833 2470 secundum
864 2442 1038 2470 carnem
1060 2428 1255 2471 Christus
1283 2433 1492 2478 Dominus

109 2507 367 2543 nasceretur.
395 2500 491 2557 Ipse
509 2498 621 2542 enirn
645 2497 895 2556 unigenitus
918 2498 993 2541 Dei
1013 2501 1043 2540 F
1049 2497 1146 2542 ilius
1162 2534 1172 2553 ,
1199 2501 1385 2545 Verbum
1409 2507 1491 2548 Pa-

159 2591 170 2607 1
187 2587 265 2618 Gen.
283 2594 340 2615 xn.

273 2648 440 2678 CXXXII.
1256 2643 1305 2678 :34
