1871 3162
680 160 691 206 '.
707 162 732 207 ,ς

273 225 293 263 1
301 223 353 263 38
680 232 684 236 “
699 233 758 279 S„
769 233 1001 266 Ausus-rim
1031 235 1214 265 nrrscorr

272 431 1651 450 mmmmmmmmwmmmwummwmmm

756 577 973 626 CAPUT
1030 579 1168 626 XVI.

384 744 559 789 Mortis
581 751 627 789 et
636 742 816 805 judicii
834 751 1012 789 metam
1033 758 1279 802 nunquam
1302 740 1534 802 deposuit.

332 926 496 969 XXVI.
536 927 631 968 TIBI
658 923 779 979 laus,
815 923 894 969 tibi
926 924 1084 982 gloria,
1116 922 1215 968 fons
1246 919 1653 966 misericordiarum.

275 997 368 1053 Ego
389 995 547 1039 fiebam
566 994 779 1049 miserior,
802 1003 846 1038 et
866 1003 915 1038 tu
936 993 1237 1053 propinquior.
1262 991 1424 1036 Aderat
1439 992 1527 1051 jam
1541 992 1656 1050 jam-

274 1080 362 1125 que
383 1065 559 1110 dextera
576 1074 652 1109 tua
668 1073 845 1124 raptura
866 1079 937 1108 me
954 1063 1009 1107 de
1030 1078 1158 1107 coeno
1172 1097 1183 1117 ‚
1204 1071 1247 1106 et
1269 1062 1473 1106 ablutura
1494 1076 1563 1105 me
1578 1096 1590 1116 ‚
1615 1071 1658 1106 et

273 1135 544 1195 ignorabam.
568 1137 657 1180 Nec
679 1150 748 1178 me
776 1134 1008 1179 revocabat
1025 1148 1050 1177 a
1070 1131 1356 1192 profundiore
1379 1131 1658 1190 voluptatum

273 1203 513 1250 carnalium
534 1205 704 1264 gurgite
721 1239 731 1259 ,
755 1203 836 1248 nisi
857 1212 997 1247 metus
1019 1202 1170 1247 mortis
1186 1212 1230 1247 et
1247 1201 1384 1246 futuri
1400 1201 1552 1261 judicii
1573 1202 1654 1257 tui,

272 1276 349 1335 qui
370 1291 448 1335 per
468 1275 607 1319 varias
624 1275 802 1334 quidem
827 1274 1074 1332 opiniones,
1097 1287 1325 1332 nunquam
1346 1282 1494 1316 tamen
1515 1287 1656 1316 reces-

272 1348 326 1391 sit
340 1347 395 1390 de
418 1355 591 1405 pectore
608 1360 720 1405 meo.
752 1347 809 1389 Et
830 1344 1106 1404 disputabam
1127 1358 1228 1387 cum
1253 1343 1400 1386 amicis
1421 1343 1526 1400 meis
1550 1342 1657 1400 Aly-

271 1417 344 1476 pio
365 1425 409 1460 et
429 1415 638 1462 Nebridio
654 1414 723 1459 'de
743 1415 903 1459 finibus
925 1414 1144 1459 bonorum
1163 1422 1206 1457 et
1228 1403 1469 1468 malorum}
1491 1413 1657 1472 Epicu-

272 1503 370 1531 rum
395 1496 676 1546 accepturum
711 1485 842 1530 fuisse
863 1485 1053 1544 palmam
1074 1485 1120 1527 in
1152 1484 1297 1528 animo
1320 1498 1418 1527 meo
1435 1518 1447 1539 ‚
1471 1483 1553 1527 nisi
1575 1499 1657 1542 ego

271 1557 550 1602 credidissem
571 1566 670 1616 post
688 1565 874 1600 mortem
892 1564 1050 1599 restare
1072 1554 1228 1598 animae
1245 1554 1379 1597 vitam
1395 1588 1406 1608 ‚
1431 1563 1474 1598 et
1496 1562 1657 1598 tractus

271 1629 543 1683 meritorum,
563 1627 684 1687 quod
701 1627 917 1686 Epicurus
936 1624 1112 1670 credere
1133 1624 1288 1669 noluit.
1309 1627 1366 1668 Et
1385 1625 1654 1684 quaerebam,

270 1699 304 1743 si
325 1714 513 1743 essemus
542 1696 809 1742 immortales
831 1706 874 1740 et
904 1697 949 1739 in
971 1705 1180 1755 perpetua
1208 1694 1400 1753 corporis
1430 1694 1657 1754 voluptate

271 1770 362 1814 sine
389 1768 480 1813 ullo
505 1768 742 1812 amissionis
766 1777 930 1811 terrore
950 1767 1192 1811 viveremus
1207 1800 1218 1820 ,
1242 1780 1320 1809 cur
1349 1781 1439 1810 non
1467 1780 1657 1809 essemus

270 1840 387 1885 beati
405 1875 418 1895 ,
442 1848 518 1884 aut
539 1838 648 1900 quid
669 1838 788 1883 aliud
817 1838 1144 1898 quaereremus?
1165 1836 1366 1882 Nesciens
1393 1835 1581 1895 idipsum
1600 1835 1656 1880 ad

271 1925 473 1970 magnam
494 1910 706 1954 miseriam
726 1909 960 1968 pertinere,
985 1907 1106 1968 quod
1127 1907 1186 1951 ita
1208 1906 1430 1951 demersus
1451 1915 1495 1950 et
1515 1921 1655 1950 caecus

267 1982 455 2040 cogitare
475 1996 566 2025 non
600 1995 772 2040 possem
795 1979 946 2023 lumen
975 1979 1211 2022 honestatis
1239 1986 1283 2021 et
1307 1976 1437 2036 gratis
1459 1977 1653 2036 amplec-

267 2050 412 2096 tendae
434 2049 771 2110 pulchritudinis
787 2084 798 2104 ‚
833 2063 966 2109 quam
988 2063 1078 2092 non
1096 2047 1214 2091 videt
1235 2047 1387 2092 oculus
1413 2047 1574 2098 carnis,
1608 2056 1654 2091 et

266 2122 437 2165 videtur
454 2136 506 2165 ex
528 2121 699 2164 intimo.
726 2122 814 2165 Nec
835 2117 1162 2163 considerabam
1184 2117 1310 2162 miser
1327 2152 1337 2172 ,
1359 2132 1409 2161 ex
1433 2133 1519 2176 qua
1539 2133 1651 2162 vena

268 2193 375 2236 mihi
397 2201 611 2244 manaret,
643 2190 766 2251 quod
790 2191 870 2234 ista
886 2190 976 2249 ipsa
993 2224 1004 2243 ,
1030 2188 1150 2232 foeda
1172 2197 1318 2232 tamen
1333 2222 1344 2242 ‚
1371 2203 1472 2232 curn
1504 2189 1652 2232 amicis

269 2262 455 2308 dulciter
480 2261 786 2319 conferebam3
816 2276 897 2305 nec
923 2275 1012 2304 esse
1034 2259 1125 2303 sine
1158 2259 1306 2303 amicis
1326 2268 1523 2317 poteram
1551 2259 1653 2304 bea-

269 2342 340 2377 tus
355 2368 366 2387 ,
404 2333 532 2376 etiam
560 2331 801 2376 secundum
835 2345 1006 2374 sensum
1045 2343 1176 2389 quern
1217 2338 1321 2373 tunc
1357 2328 1572 2372 habebam
1606 2329 1652 2372 in

270 2400 544 2462 quantalibet
565 2401 789 2445 affluentia
814 2399 1053 2444 carnalium
1088 2397 1381 2457 voluptatum.
1415 2400 1533 2450 Quos
1566 2399 1653 2442 uti-

270 2487 356 2532 que
379 2472 535 2516 amicos
554 2472 682 2530 gratis
699 2470 935 2530 diligebam
955 2505 966 2525 ‚
991 2469 1266 2529 vicissimque
1288 2468 1344 2512 ab
1366 2468 1424 2512 eis
1448 2483 1517 2512 me
1533 2467 1652 2526 diligi

272 2541 400 2600 gratis
440 2541 695 2585 sentiebam.
728 2542 764 2584 O
802 2549 1013 2584 tortuosas
1049 2539 1165 2582 vias!
1197 2540 1274 2581 Vae
1310 2538 1464 2581 animae
1499 2537 1650 2581 audaci
