1871 3162
586 259 936 300 conrssssmnmvr,
971 262 1053 288 Lm.
1089 263 1154 288 111.
1496 251 1549 291 55

170 327 244 372 illo
266 326 424 371 saeculo
440 324 606 370 licuisse
623 327 747 386 justis
768 325 932 385 aliquid
947 360 959 380 ,
979 324 1100 386 quod
1119 326 1200 369 isto
1220 340 1310 369 non
1342 325 1441 369 licet
1453 327 1548 385 jus-

169 399 221 441 tis
242 418 252 454 3
274 406 317 441 et
337 396 438 455 quia
454 395 536 440 illis
559 396 678 440 aliud
700 397 905 456 praecepit
927 399 1063 451 Deus,
1087 396 1175 440 istis
1197 393 1315 439 aliud
1336 410 1415 454 pro
1436 405 1550 451 tem-

168 465 388 524 poralibus
420 465 579 520 causis,
604 481 704 509 cum
723 465 865 510 eidem
887 465 1065 525 justitiae
1089 465 1265 524 utrique
1291 464 1515 509 servierint
1539 484 1549 511 ε

167 549 267 579 cum
288 535 335 578 in
351 550 441 579 uno
462 535 663 590 homine,
686 544 729 579 et
749 535 795 578 in
811 551 902 580 uno
929 535 999 579 die
1015 570 1027 590 ‚
1051 544 1094 579 et
1115 536 1159 578 in
1181 534 1278 578 unis
1300 533 1468 578 aedibus
1484 535 1552 578 vi-

166 604 299 649 deant
320 604 439 649 aliud
473 604 544 648 alii
577 605 774 650 membro
796 619 1034 663 congruere
1049 639 1060 659 ,
1087 613 1130 648 et
1153 603 1271 648 aliud
1288 605 1550 663 jamdudum

165 674 356 728 licuisse,
380 683 477 733 post
503 675 655 718 horam
692 690 782 719 non
803 674 933 719 licere
952 677 967 716 ἐ
994 672 1205 734 quiddam
1226 674 1272 717 in
1292 672 1367 718 illo
1390 673 1552 732 angulo

164 745 354 804 permitti
370 753 444 788 aut
462 744 634 804 juberi,
661 745 781 804 quod
802 745 847 789 in
868 745 948 789 isto
963 746 1080 805 juste
1099 752 1272 789 vetetur
1293 753 1337 788 et
1357 744 1548 789 vindice-

163 823 251 858 tur.
275 813 501 873 Numquid
512 814 677 874 justitia
701 814 816 858 varia
837 823 900 859 est
917 824 960 859 et
973 813 1226 859 mutabilis?
1251 812 1336 859 Sed
1354 822 1550 873 tempora

163 884 322 944 quibus
343 883 568 943 praesidet,
593 899 683 928 non
712 885 872 943 pariter
894 894 1029 943 eunt,
1059 894 1258 944 tempora
1284 885 1401 928 enim
1430 894 1547 930 sunt.

162 955 369 998 Homines
390 964 535 998 autem
553 970 742 1015 quorum
760 956 846 999 vita
868 971 996 1014 super
1013 965 1172 999 terram
1194 955 1335 999 brevis
1353 963 1432 1009 est,
1448 956 1550 1015 quia

160 1039 287 1068 sensu
309 1040 399 1068 non
423 1024 571 1069 valent
601 1040 748 1068 causas
770 1034 1000 1069 contexere
1033 1023 1291 1068 saeculorum
1324 1024 1519 1083 priorum
1535 1059 1547 1080 ,

160 1093 430 1154 aliarumque
452 1095 649 1153 gentium
669 1109 776 1154 quas
798 1095 964 1153 experti
986 1109 1076 1138 non
1092 1103 1210 1148 sunt,
1233 1108 1335 1137 cum
1358 1093 1424 1137 his
1442 1108 1549 1153 quas

161 1165 326 1223 experti
348 1173 450 1207 sunt
474 1183 483 1209 ε
510 1165 556 1207 in
579 1179 668 1208 uno
690 1173 844 1222 autem·
858 1179 1039 1222 corpore
1056 1198 1067 1218 ‚
1092 1163 1162 1208 vel
1184 1162 1280 1218 die,
1305 1163 1375 1208 vel
1396 1163 1545 1218 domo,

160 1233 285 1278 facile
305 1242 485 1293 possunt
502 1234 649 1277 videre
666 1233 774 1293 quid
788 1234 859 1278 cui
875 1234 1074 1277 membro
1087 1268 1097 1287 ,
1115 1233 1277 1294 quibus
1294 1234 1543 1289 momentis,

157 1304 318 1364 quibus
335 1304 532 1364 partibus
550 1305 812 1363 personis-ve
829 1313 1059 1363 congruat,
1076 1305 1122 1348 in
1139 1303 1224 1348 illis
1237 1302 1542 1360 offenduntur,

157 1375 222 1419 his
246 1375 455 1419 serviunt.

213 1447 335 1489 XIV.
346 1447 448 1488 Haec
462 1459 543 1503 ego
557 1454 664 1488 tunc
674 1444 933 1499 nesciebam,
953 1453 996 1488 et
1009 1459 1098 1488 non
1115 1444 1410 1499 advertebam,
1426 1453 1470 1488 et
1481 1443 1547 1488 fe-

155 1515 326 1558 riebant
345 1514 541 1574 undique
559 1515 638 1558 ista
656 1513 803 1558 oculos
820 1528 937 1557 meos
948 1548 958 1567 ,
974 1522 1018 1556 et
1030 1528 1119 1557 non
1133 1513 1348 1557 videbam.
1368 1517 1424 1557 Et
1438 1529 1544 1558 can-

155 1585 300 1628 tabam
315 1585 524 1639 carmina,
539 1594 582 1627 et
599 1600 688 1628 non
707 1584 814 1627 mihi
831 1583 992 1628 licebat
1009 1599 1171 1642 ponere
1185 1583 1339 1642 pedem
1355 1583 1544 1643 quemli-

156 1655 230 1699 bet
245 1653 431 1698 ubilibet
445 1690 455 1709 ,
470 1654 543 1698 sed
558 1655 602 1697 in
620 1654 702 1698 alio
716 1663 847 1714 atque
862 1654 946 1698 alio
959 1663 1098 1698 metro
1111 1654 1234 1698 aliter
1248 1663 1378 1714 atque
1391 1654 1514 1698 aliter
1528 1676 1540 1713 3

155 1734 197 1768 et
209 1726 251 1768 in
271 1740 360 1769 uno
381 1725 528 1784 aliquo
550 1741 676 1769 versu
692 1740 781 1769 non
803 1725 1006 1769 omnibus
1022 1724 1127 1769 locis
1145 1725 1347 1768 eumdem
1365 1725 1538 1783 pedem.

154 1797 211 1837 Et
233 1810 298 1838 ars
319 1795 408 1853 ipsa
443 1810 529 1854 qua
550 1795 757 1838 canebam
778 1829 789 1849 ,
823 1810 913 1838 non
935 1795 1127 1838 habebat
1161 1793 1280 1838 aliud
1301 1794 1432 1849 alibi,
1463 1795 1540 1839 sed

154 1866 298 1908 omnia
315 1863 459 1908 simul.
482 1867 538 1908 Et
553 1880 641 1908 non
662 1865 866 1909 intuebar
883 1866 1091 1924 justitiam
1109 1866 1180 1910 cui
1202 1865 1412 1909 servirent
1434 1865 1540 1909 boni

153 1943 196 1977 et
213 1935 348 1978 sancti
365 1934 584 1989 homines,
608 1933 738 1992 longe
761 1934 1040 1980 excellentius
1062 1945 1193 1994 atque
1212 1935 1439 1979 sublimius
1459 1936 1540 1980 ha-

154 2005 256 2048 bere
273 2004 402 2048 simul
415 2005 561 2048 omnia
583 2020 684 2064 quae
707 2005 927 2064 praecepit,
954 2014 998 2048 et
1019 2005 1141 2049 nulla
1158 2021 1208 2049 ex
1224 2014 1347 2064 parte
1361 2006 1534 2061 variari,

154 2084 198 2119 et
214 2083 361 2118 tamen
380 2074 507 2118 variis
529 2075 796 2133 temporibus
818 2089 907 2118 non
930 2075 1074 2119 omnia
1096 2074 1224 2119 simul
1241 2110 1250 2129 ,
1271 2074 1345 2118 sed
1363 2076 1537 2134 propria

153 2144 487 2189 distribuentem
505 2160 554 2189 ac
576 2145 915 2205 praecipientem.
937 2147 993 2189 Et
1014 2145 1385 2204 reprehendebam
1400 2160 1539 2190 caecus

152 2215 245 2274 pios
266 2224 424 2273 patres,
446 2229 536 2259 non
555 2214 694 2259 solum
714 2216 826 2259 sicut
843 2218 956 2259 Deus
972 2216 1148 2276 juberet
1165 2225 1296 2275 atque
1311 2215 1538 2275 inspiraret

153 2294 325 2330 utentes
345 2286 632 2345 praesentibus
648 2321 660 2342 ,
682 2301 834 2331 verum
855 2301 1034 2346 quoque
1054 2286 1166 2331 sicut
1186 2290 1300 2332 Deus
1329 2286 1540 2331 revelaret

154 2355 303 2400 futura
324 2356 680 2415 praenuntiantes.
