1871 3162
609 305 958 344 conrssssmmnw,
993 306 1077 334 Lm.
1112 307 1174 333 VI.
1495 297 1578 335 123

202 370 255 414 ad
270 384 463 414 securam
480 369 674 414 laetitiam
692 371 936 430 pervenire,
957 385 1046 430 quo
1068 385 1146 414 nos
1164 368 1390 414 mendicus
1406 369 1480 413 ille
1491 372 1580 430 jam

200 440 495 499 praecessisset,
512 455 738 500 nunquam
755 439 935 485 fortasse
951 440 1055 484 illuc
1073 448 1295 483 venturos
1317 441 1447 492 Quod
1465 441 1580 483 enim

193 511 283 569 jam
315 510 388 553 ille
418 510 610 569 pauculis
631 519 674 554 et
693 510 968 555 emendicatis
1001 509 1238 553 nummulis
1265 510 1447 568 adeptus
1469 518 1576 564 erat,

198 581 254 624 ad
273 581 357 624 hoc
373 595 452 638 ego
473 589 562 624 tam
589 581 842 625 aerumnosis
873 579 1139 624 anfractibus
1157 588 1201 623 et
1221 578 1474 623 circuitibus
1490 594 1583 622 am-

197 649 388 704 biebam,
405 651 460 693 ad
472 649 667 694 laetitiam
682 651 842 695 scilicet
854 650 1101 709 temporalis
1112 649 1340 693 felicitatis.
1354 650 1451 693 Non
1467 649 1580 691 enim

195 734 346 763 verum
384 720 590 777 gaudium
627 721 830 774 habebat,
866 720 941 764 sed
976 729 1019 764 et
1053 734 1132 777 ego
1164 718 1248 762 illis
1271 718 1581 763 ambitionibus

195 789 336 834 multo
349 790 497 834 falsius
510 792 776 851 quaerebam.
790 794 847 835 Et
860 799 975 835 certe
989 789 1063 834 ille
1075 789 1320 843 laetabatur,
1337 804 1417 848 ego
1431 789 1582 832 anxius

195 874 334 916 eram,
359 875 533 904 securus
556 860 644 915 ille,
671 875 751 918 ego
774 860 984 919 trepidus.
1015 863 1070 903 Et
1093 859 1126 902 si
1150 859 1379 918 quisquam
1397 873 1582 917 percon-

193 938 358 973 taretur
378 944 463 982 me,
491 939 638 973 utrum
662 929 837 973 mallem
859 928 1052 973 exultare
1069 944 1124 972 an
1148 936 1368 985 metuere,
1402 943 1581 986 respon-

192 999 356 1054 derem,
381 999 587 1043 exultare.
614 1003 778 1044 Rursus
798 1001 831 1044 si
852 1001 1162 1058 interrogaret,
1189 1008 1337 1042 utrum
1361 1013 1430 1041 me
1449 998 1582 1041 talem

193 1068 367 1112 mallem
400 1069 538 1129 qualis
562 1068 656 1122 ille,
685 1085 740 1113 an
762 1068 901 1128 qualis
923 1084 1005 1127 ego
1029 1078 1134 1112 tunc
1156 1083 1314 1125 essem,
1345 1083 1415 1111 me
1436 1069 1578 1126 ipsum

192 1140 304 1182 curis
326 1140 641 1196 timoribusque
664 1137 914 1182 confectum
935 1139 1155 1196 eligerem,
1180 1137 1256 1181 sed
1275 1138 1578 1196 perversitate:

191 1207 409 1267 numquid
441 1208 646 1251 veritate?
673 1210 824 1266 Neque
847 1207 961 1250 enim
984 1221 1035 1250 eo
1059 1222 1127 1249 me
1150 1221 1404 1265 praeponere
1420 1206 1486 1250 illi
1508 1205 1583 1250 de-

192 1278 370 1332 bebam,
397 1293 485 1338 quo
508 1278 678 1322 doctior
694 1292 838 1334 eram,
863 1277 1070 1336 quoniam
1088 1292 1179 1321 non
1195 1276 1297 1321 inde
1320 1277 1579 1336 gaudebam,

192 1349 266 1393 sed
288 1348 458 1407 placere
478 1348 580 1393 inde
602 1348 853 1408 quaerebam
877 1348 1154 1406 hominibus,
1181 1364 1270 1392 non
1292 1357 1341 1392 ut
1362 1364 1434 1392 eos
1452 1350 1582 1393 doce·
1631 1393 1641 1397 A

191 1435 299 1475 rem,
319 1419 394 1463 sed
415 1429 587 1464 tantum
609 1429 660 1463 ut
680 1419 908 1479 placerem.
933 1423 1163 1479 Propterea
1183 1429 1226 1464 et
1242 1428 1292 1463 tu
1315 1419 1471 1464 baculo
1490 1419 1579 1464 dis-

191 1490 365 1550 ciplinae
387 1499 475 1534 tuae
498 1489 802 1549 confringebas
824 1506 917 1541 ossa
934 1506 1044 1534 mea.

250 1564 307 1606 X.
342 1561 566 1606 Recedant
580 1577 681 1620 ergo
699 1562 751 1606 ab
769 1562 911 1605 anima
930 1577 1024 1605 mea
1041 1561 1118 1621 qui
1133 1560 1287 1605 dicunt
1307 1562 1347 1604 ei
1365 1581 1374 1606 ι
1396 1564 1582 1606 Interest

192 1632 310 1676 unde
326 1632 423 1692 quis
443 1632 644 1692 gaudeat.
670 1632 901 1677 Gaudebat
922 1631 1148 1676 mendicus
1165 1630 1238 1675 ille
1254 1631 1508 1687 vinolentia,
1532 1641 1581 1676 tu

193 1701 381 1761 gaudere
414 1703 616 1762 cupiebas
650 1702 801 1761 gloria.
837 1705 932 1756 Qua
956 1702 1107 1761 gloria,
1138 1702 1337 1756 Domine,
1363 1718 1463 1762 quae
1492 1718 1580 1747 non

192 1782 255 1817 est
276 1773 321 1816 in
341 1774 415 1817 tei)
434 1775 543 1817 Nam
573 1773 682 1817 sicut
714 1772 825 1816 illud
859 1788 1010 1816 verum
1036 1771 1245 1830 gaudium
1268 1788 1357 1816 non
1390 1782 1498 1827 erat,
1521 1773 1580 1817 ita

195 1858 276 1886 nec
302 1843 375 1886 illa
409 1858 508 1887 vera
532 1842 689 1901 gloria,
712 1852 755 1887 et
784 1842 966 1902 amplius
988 1842 1186 1886 vertebat
1207 1851 1397 1886 mentem
1419 1858 1576 1887 meam.

195 1915 253 1956 Et
283 1911 356 1956 ille
384 1912 473 1971 ipsa
506 1922 635 1956 nocte
657 1912 902 1970 digesturus
925 1921 1016 1956 erat
1040 1913 1293 1956 ebrietatem
1316 1927 1460 1970 suam,
1501 1928 1581 1971 ego

194 1998 295 2027 eum
318 1997 411 2026 mea
430 1982 690 2027 dormieram
707 1991 749 2026 et
769 1997 1053 2036 surrexeram,
1071 1991 1114 2026 et
1132 1981 1397 2026 dormiturus
1419 1991 1462 2026 et
1484 1998 1581 2027 sur-

195 2062 392 2097 recturus
415 2068 549 2106 eram,
574 2053 673 2096 vide
695 2061 804 2112 quot
825 2053 993 2096 diebus.
1020 2055 1202 2097 Interest
1225 2067 1323 2096 vero
1345 2052 1463 2096 unde
1485 2054 1580 2111 quis

196 2122 406 2181 gaudeat:
433 2123 549 2180 scio,
573 2132 617 2166 et
646 2122 853 2181 gaudium
888 2122 977 2182 spei
1014 2121 1154 2166 fidelis
1185 2121 1581 2182 incomparabiliter

197 2193 328 2237 distat
350 2194 405 2237 ab
427 2192 501 2237 illa
521 2193 739 2250 vanitate,
764 2193 840 2237 sed
856 2202 900 2236 et
916 2202 1021 2237 tunc
1043 2192 1232 2237 distabat
1252 2193 1366 2237 inter
1383 2208 1475 2238 nos.
1502 2193 1580 2237 Ni·

199 2263 356 2306 mirum
369 2262 532 2322 quippe
545 2262 617 2306 ille
632 2260 796 2307 felicior
809 2271 916 2316 erat,
933 2278 1022 2307 non
1040 2271 1212 2307 tantum
1230 2262 1350 2323 quod
1364 2262 1582 2308 hilaritate

199 2331 561 2392 perfundebatur,
594 2347 695 2376 cum
730 2346 809 2390 ego
841 2332 954 2376 curis
983 2333 1267 2389 eviscerarer,
1301 2332 1581 2377 verumetiam

199 2402 319 2463 quod
333 2401 404 2446 ille
422 2403 534 2446 bene
549 2402 742 2462 optando
754 2402 1038 2462 acquisiverat
1054 2403 1221 2457 vinum,
1237 2418 1315 2461 ego
1330 2402 1580 2448 mentiendo

198 2473 445 2531 quaerebam
461 2474 664 2532 typhum.
685 2473 779 2517 Dixi
801 2483 907 2517 tunc
929 2474 1065 2518 multa
1083 2474 1127 2517 in
1142 2475 1221 2517 hac
1239 2475 1451 2518 sententia
1474 2475 1580 2518 cha-

198 2542 254 2586 ris
278 2542 396 2596 meis,
421 2551 463 2586 et
484 2558 595 2602 saepe
614 2542 893 2587 advertebam
916 2543 961 2586 in
982 2543 1048 2586 his
1068 2543 1292 2603 quomodo
1313 2545 1418 2588 mihi
1445 2553 1577 2599 esset,

199 2622 242 2656 et
262 2613 535 2657 inveniebam
554 2613 666 2657 male
689 2613 794 2657 mihi
816 2628 921 2669 esse,
946 2623 989 2658 et
1010 2613 1213 2658 dolebam
1236 2624 1278 2659 et
1297 2614 1579 2673 conduplica-
