1871 3162
603 197 953 233 com-Essmivuu,
988 197 1072 223 Lm.
1110 197 1170 223 1x.
1480 187 1564 225 207

184 375 534 393 mmmmm
541 375 608 391 m}

894 372 1563 391 mmmmmmmmmn

721 504 935 553 CAPUT
972 506 1031 550 V.

391 657 700 704 Ambrosiam
727 657 930 704 consulit
950 657 1070 719 qaid
1089 656 1364 722 legendum.

247 816 372 859 XIII.
409 818 689 860 memm
705 817 889 875 peractis
911 816 1265 873 vindemialibus,
1286 826 1337 861 ut
1352 816 1577 861 scholasti-

188 884 246 928 cis
265 885 352 928 suis
373 884 718 930 Mediolanenses
739 886 1013 931 venditorem
1033 887 1270 931 verborum
1286 886 1418 931 alium
1434 887 1581 946 provi-

189 953 359 1009 derent,
383 955 503 1014 quod
523 964 566 999 et
587 955 668 999 tibi
689 970 768 1012 ego
790 956 947 1001 servire
970 955 1239 1012 delegissem,
1264 966 1308 996 et
1328 956 1392 996 illi
1408 950 1578 1011 profes-

190 1024 298 1066 sioni
333 1039 423 1082 prae
462 1023 720 1067 difficultate
757 1022 948 1082 spirandi
983 1038 1031 1066 ac
1068 1021 1220 1066 dolore
1257 1023 1441 1081 pectoris
1488 1037 1579 1065 non

190 1093 450 1137 sufficerem.
487 1096 545 1138 Et
579 1094 795 1139 insinuavi
832 1109 908 1153 per
945 1093 1109 1138 litteras
1140 1093 1322 1137 antistiti
1357 1102 1451 1147 tuo,
1486 1093 1580 1136 viro

191 1172 341 1207 sancto
358 1163 588 1208 Ambrosio
603 1164 803 1222 pristinos
820 1179 983 1208 errores
998 1178 1131 1217 meos,
1157 1172 1200 1207 et
1220 1178 1409 1222 praesens
1427 1172 1581 1207 votum

192 1248 355 1287 meum,
380 1242 430 1277 ut
451 1242 648 1277 moneret
669 1233 775 1293 quid
796 1234 1070 1293 potissimum
1085 1233 1192 1277 mihi
1212 1232 1266 1277 de
1280 1233 1402 1277 libris
1421 1234 1505 1278 tuis
1522 1232 1582 1276 le-

194 1302 386 1362 gendum
423 1313 548 1359 esset,
588 1319 676 1363 quo
713 1303 1004 1364 percipiendae
1036 1313 1171 1348 tantae
1208 1304 1357 1363 gratiae
1393 1304 1582 1364 paratior

175 1374 422 1434 ‘aptiorque
444 1375 609 1419 fierem.
634 1379 690 1420 At
710 1374 784 1419 ille
801 1377 925 1435 jussit
948 1379 1102 1420 Isaiam
1120 1376 1376 1435 prophetam
1395 1396 1407 1432 3
1431 1374 1580 1430 credo,

193 1444 314 1503 quod
343 1461 434 1504 prae
466 1446 631 1490 caeteris
659 1447 885 1505 Evangelii
906 1447 1280 1507 revocationisque
1298 1447 1504 1491 Gentium
1527 1447 1582 1490 sit

195 1515 512 1574 praenuntiator
544 1515 747 1574 apertior.
781 1518 1095 1561 Verumtamen
1123 1533 1203 1577 ego
1233 1518 1417 1577 primam
1454 1518 1584 1575 hujus

194 1585 426 1630 lectionem
447 1601 536 1630 non
559 1584 815 1642 intelligens,
840 1594 1072 1644 totumque
1097 1589 1224 1628 talem
1242 1588 1474 1643 arbitrans,
1502 1586 1586 1631 dis-

197 1656 278 1700 tuli
297 1656 582 1716 repetendum
604 1656 874 1701 exercitatior
891 1656 937 1700 in
954 1655 1174 1701 dominico
1194 1654 1384 1714 eloquio.

204 1833 1585 1851 mmummmmmmwwmfflmmmmm

735 1967 953 2014 CAPUT
998 1968 1086 2014 Vl.

267 2118 541 2165 Mediolani
563 2120 836 2179 baptizatur
854 2135 963 2164 cum
984 2118 1165 2180 Alypio
1188 2129 1234 2164 et
1254 2119 1533 2166 Adeodato.

270 2279 391 2321 XIV.
428 2280 535 2321 INDE
556 2277 634 2320 ubi
662 2285 832 2336 tempus
862 2277 1053 2332 advenit,
1088 2293 1177 2336 quo
1203 2293 1272 2322 me
1302 2293 1464 2322 nomen
1496 2278 1600 2323 dare

216 2357 450 2407 oporteret,
473 2347 620 2392 relicto
638 2363 754 2402 rure,
775 2348 1073 2393 Mediolanum
1097 2349 1396 2393 remeavimus.
1431 2349 1602 2394 Placuit

218 2428 260 2462 et
283 2418 441 2477 Alypio
464 2419 627 2463 renasci
650 2419 693 2462 in
714 2428 754 2462 te
777 2434 964 2474 mecum,
985 2422 1075 2479 jam
1093 2418 1248 2463 induto
1265 2418 1511 2463 humilitate
1532 2435 1601 2464 sa-

219 2490 451 2533 cramentis
485 2490 569 2533 tuis
601 2503 807 2547 congrua,
841 2497 883 2533 et
905 2488 1136 2534 fortissimo
1158 2488 1362 2535 domitori
1393 2492 1598 2550 corporis,
