1871 3162
599 257 943 295 CONFESSIONUM,
980 259 1060 285 LIB.
1098 261 1127 284 1.
1516 254 1542 290 9

173 323 322 381 gilans.
350 323 443 366 Hoc
464 322 579 365 enim
601 321 655 364 de
676 337 745 366 me
766 323 872 367 mihi
898 323 1138 367 indicatum
1159 332 1244 378 est,
1278 333 1321 367 et
1348 326 1510 371 credidi
1530 362 1542 384 ‚

171 393 375 452 quoniam
393 392 451 436 sic
476 391 671 436 videmus
688 401 731 436 et
751 392 855 437 alios
876 393 1062 438 infantes
1089 413 1097 438 :
1115 408 1216 437 nam
1237 394 1318 438 ista
1345 410 1440 438 mea
1456 411 1545 441 non

169 463 361 506 memini.
386 465 443 506 Et
464 477 562 506 ecce
579 461 785 521 paulatim
803 464 1040 507 sentiebam
1060 463 1136 507 ubi
1154 479 1304 518 essem,
1328 474 1371 508 et
1391 464 1548 509 volun-

170 540 277 576 tates
297 548 412 576 meas
433 531 631 576 volebam
653 533 880 576 ostendere
902 533 960 576 eis
988 548 1065 592 per
1093 549 1201 593 quos
1233 534 1543 593 implerentur,

169 612 212 647 et
233 619 321 648 non
344 613 537 663 poteram
556 624 566 661 3
591 604 691 664 quia
724 604 810 647 illae
833 604 949 648 intus
969 613 1091 648 erant
1111 639 1122 658 ,
1142 605 1247 649 foris
1277 614 1421 649 autem
1443 605 1507 649 illi
1532 640 1542 661 ,

168 689 248 718 nec
266 674 357 718 ullo
371 689 449 718 suo
471 689 597 718 sensu
612 674 815 719 valebant
829 675 1006 719 introire
1025 675 1071 718 in
1087 675 1274 719 animam
1288 691 1442 719 meam.
1466 680 1546 720 Ita-

169 760 253 805 que
268 745 485 804 jactabam
507 745 702 788 membra
727 753 769 788 et
782 760 924 799 voces,
943 745 1061 802 signa
1073 745 1227 789 similia
1247 746 1545 791 voluntatibus

169 817 272 860 meis
292 851 303 870 ‚
328 832 465 876 pauca
492 833 590 877 quae
618 826 839 876 poteram,
876 817 1019 877 qualia
1051 827 1269 877 poteram,
1307 834 1396 863 non
1431 820 1544 863 enim

170 896 291 930 erant
311 887 401 931 veri
423 887 589 931 similia.
616 890 787 931 Etcum
805 888 912 930 mihi
934 903 1023 932 non
1043 888 1424 947 obtemperabatur
1441 924 1451 943 ‚
1476 889 1546 933 vel

168 972 254 1001 non
277 957 522 1012 intellecto,
558 957 626 1001 vel
649 972 703 1001 ne
737 958 930 1012 obesset,
963 958 1221 1017 indignabar
1247 975 1334 1003 non
1362 959 1545 1004 subditis

169 1027 422 1087 majoribus,
464 1037 506 1071 et
541 1027 686 1072 liberis
723 1043 812 1072 non
849 1020 1153 1083 servientibus,
1189 1038 1231 1072 et
1264 1044 1332 1072 me
1370 1029 1424 1073 de
1461 1029 1545 1074 illis

169 1098 313 1142 flendo
340 1098 630 1142 vindicabam.
654 1099 774 1142 Tales
789 1113 877 1141 esse
891 1097 1077 1142 infantes
1097 1097 1229 1142 didici
1251 1114 1359 1157 quos
1382 1100 1544 1143 discere

166 1167 305 1226 potui,
323 1176 364 1210 et
378 1183 446 1210 me
462 1167 591 1210 talem
610 1168 741 1210 fuisse
758 1168 893 1225 magis
907 1167 1014 1210 mibi
1032 1168 1112 1225 ipsi
1129 1168 1431 1212 indicaverunt
1448 1184 1544 1213 nes-

166 1239 325 1281 cientes
342 1270 355 1291 ,
379 1251 509 1296 quam
532 1237 711 1280 scientes
728 1237 960 1281 nutritores
981 1238 1081 1280 mei.
1459 1235 1468 1240 ”

228 1309 304 1350 ΙΧ.
329 1309 387 1351 Et
408 1321 507 1350 ecce
530 1304 711 1350 infantia
730 1321 824 1349 mea
839 1306 942 1350 olim
959 1316 1127 1350 mortua
1146 1316 1208 1350 est
1222 1342 1232 1361 ‚
1259 1316 1301 1350 et
1323 1322 1403 1365 ego
1425 1307 1538 1352 vivo.

170 1381 232 1421 Tu
248 1386 408 1430 autem,
425 1376 623 1430 Domine,
642 1375 717 1434 qui
729 1384 772 1418 et
788 1391 957 1434 semper
976 1376 1102 1430 vivis,
1123 1385 1165 1419 et
1181 1376 1288 1419 nihil
1301 1377 1484 1420 moritur
1499 1377 1543 1422 in

164 1457 206 1492 te
224 1482 235 1502 ‚
275 1446 482 1507 quoniam
504 1455 602 1489 ante
624 1446 860 1504 primordia
893 1444 1149 1490 saeculorum
1168 1481 1178 1501 ‚
1210 1455 1252 1490 et
1286 1456 1385 1490 ante
1413 1462 1543 1492 omne

163 1518 284 1578 quod
306 1516 374 1560 vel
392 1525 490 1560 ante
512 1515 597 1560 dici
619 1524 760 1574 potest
775 1550 785 1570 ,
811 1524 860 1559 tu
883 1531 925 1559 es
943 1550 953 1569 ‚
980 1524 1022 1559 et
1044 1519 1158 1559 Deus
1180 1531 1222 1559 es
1246 1518 1542 1577 Dominusque

164 1588 359 1632 omnium
382 1603 481 1647 quae
509 1587 660 1630 creasti
682 1605 690 1630 :
717 1595 760 1630 et
782 1585 897 1645 apud
921 1596 964 1630 te
985 1602 1127 1629 rerum
1147 1587 1342 1630 omnium
1364 1587 1543 1631 instabi-

164 1657 271 1701 lium
292 1666 407 1701 stant
428 1672 568 1701 causae
587 1677 597 1713 3
630 1665 673 1700 et
690 1671 833 1700 rerum
851 1657 1048 1700 omnium
1080 1656 1358 1700 mutabilium
1379 1657 1541 1701 immu-

163 1727 314 1771 tabiles
345 1735 523 1770 manent
559 1726 766 1785 origines3
801 1735 843 1769 et
873 1727 1070 1770 omnium
1105 1726 1468 1770 irrationabilium
1499 1737 1542 1772 et

160 1797 463 1857 temporalium
496 1798 767 1856 sempiternae
788 1797 942 1840 vivunt
964 1797 1162 1840 rationes.
1184 1798 1261 1840 Dic
1295 1797 1400 1840 mihi
1434 1813 1539 1857 sup-

159 1868 259 1927 plici
278 1877 375 1921 tuo,
400 1870 514 1911 Deus
529 1903 543 1922 ,
564 1876 607 1911 et
628 1867 865 1911 misericors
887 1868 1041 1911 misero
1056 1876 1132 1911 tuo
1148 1863 1252 1924 (dic
1264 1867 1370 1910 mihi
1392 1877 1539 1912 utrum

153 1939 241 1997 jam
265 1936 390 1980 alicui
407 1937 522 1979 aetati
541 1952 647 1979 meae
666 1946 848 1980 mortuae
865 1938 1113 1980 successerit
1134 1936 1315 1982 infantia
1333 1954 1428 1981 mea
1453 1954 1461 1978 τ
1484 1954 1539 1981 an

158 2007 230 2051 illa
249 2015 312 2050 est
329 2022 459 2065 quam
479 2007 542 2063 egi
559 2007 670 2049 intra
692 2006 852 2050 viscera
874 2007 1021 2050 matris
1043 2010 1180 2050 meae?
1201 2011 1309 2051 Nam
1331 2017 1374 2051 et
1395 2008 1449 2051 de
1466 2007 1538 2050 illa

158 2078 261 2121 mihi
285 2093 372 2121 non
396 2077 505 2119 nihil
530 2075 768 2120 indicatum
783 2087 861 2131 est,
883 2086 925 2120 et
942 2086 1215 2136 praegnantes
1232 2078 1322 2136 ipse
1343 2077 1432 2121 vidi
1456 2076 1539 2120 foe-

156 2149 308 2191 minas.
335 2146 448 2200 Quid
471 2156 570 2189 ante
590 2147 703 2190 hanc
725 2146 851 2190 etiam
866 2181 876 2201 ,
902 2146 1089 2191 dulcedo
1110 2162 1204 2191 mea
1227 2151 1362 2201 Deus,
1393 2146 1537 2191 fui-ne

156 2217 314 2262 alicubi
331 2252 341 2271 ,
368 2226 441 2260 aut
474 2216 658 2276 aliquis?
678 2219 786 2260 Nam
807 2216 902 2276 quis
927 2217 1032 2260 mihi
1062 2217 1177 2260 dicat
1208 2217 1313 2272 ista,
1345 2234 1432 2262 non
1455 2219 1535 2261 ha-

155 2287 238 2331 beo
253 2322 263 2341 ‚
289 2302 367 2330 nec
383 2295 503 2346 pater
525 2301 605 2330 nec
621 2295 757 2329 mater
774 2296 1037 2345 potuerunt,
1058 2302 1138 2330 nec
1163 2286 1343 2330 aliorum
1366 2289 1536 2347 experi-

154 2367 368 2410 mentum,
388 2372 468 2399 nec
483 2356 688 2399 memoria
701 2371 809 2400 mea.
829 2356 1056 2400 Anirrides
1071 2372 1138 2400 me
1150 2357 1229 2401 ista
1246 2367 1530 2415 quaerentem,

154 2436 285 2486 teque
303 2425 356 2470 de
380 2426 464 2470 hoc
486 2425 606 2485 quod
627 2426 754 2480 novi,
782 2425 951 2470 laudari
972 2442 994 2469 a
1012 2441 1080 2470 me
1091 2427 1240 2486 jubeS‚
1265 2436 1310 2471 et
1338 2428 1535 2472 confiteri

153 2511 222 2540 me
243 2495 351 2539 tibi?

210 2569 266 2610 X.
299 2566 519 2611 Confiteor
540 2566 643 2620 tibi,
667 2566 850 2610 Domine
878 2565 979 2610 coeli
1008 2575 1050 2610 et
1078 2575 1226 2622 terrae,
1260 2566 1433 2612 laudem
1463 2568 1532 2611 di-
