1871 3162
318 228 400 266 546
744 243 774 267 s.
814 241 1042 267 AUGUsTmI
1075 240 1253 268 nuscum

314 304 532 347 Abraham
555 301 791 346 secundum
821 317 993 346 carnem
1014 337 1025 357 ,
1050 317 1181 362 quam
1197 304 1448 363 assumpsit,
1472 311 1522 347 ut
1539 318 1685 349 omnes

309 374 441 417 etiam
460 372 536 416 filii
551 382 693 416 essent
714 373 919 427 Abrahae,
940 374 1014 433 qui
1040 372 1172 416 fidem
1194 375 1285 433 ejus
1320 374 1621 431 imitarentur,
1643 383 1688 418 et

310 444 369 487 sic
392 452 456 487 est
477 442 640 487 factum
664 462 672 486 :
708 452 836 486 natus
858 451 922 486 est
948 444 1143 488 Christus
1157 443 1212 487 de
1230 445 1365 489 Maria
1381 444 1563 502 virgine,
1588 459 1688 499 quae

311 529 361 557 ex
382 512 459 558 illo
481 528 635 572 genere
656 512 755 556 fuit.
793 511 1058 556 Praedictum
1077 522 1139 556 est
1154 529 1230 572 per
1249 515 1486 573 Prophetas
1507 512 1629 572 quod
1643 513 1690 556 in

311 599 439 629 cruce
456 598 657 642 passurus
672 583 849 627 essetab
863 583 1016 627 eodem
1032 582 1196 642 populo
1215 586 1238 627 J
1244 584 1484 639 udaeorum,
1495 582 1551 628 de
1567 584 1691 642 cujus

314 668 470 713 genere
503 653 743 696 secundum
781 667 953 696 carnem
985 653 1216 709 veniebat,
1255 663 1299 696 et
1327 654 1387 697 sic
1415 662 1475 697 est
1507 651 1687 697 sactum.

315 722 579 766 Praedictum
593 730 655 764 est
672 722 792 780 quod
807 731 1124 766 resurrecturus
1142 731 1272 778 esset,
1292 723 1521 766 resurrexit
1539 731 1606 767 :et
1626 737 1693 766 se-

314 793 509 836 cundum
531 792 621 849 ipsa
643 791 850 849 praedicta
873 793 1188 850 Prophetarum
1218 793 1410 837 ascendit
1437 795 1481 836 in
1505 792 1689 847 coelum,

314 870 356 904 et
394 861 615 920 discipulis
657 861 742 904 suis
780 862 986 919 Spiritum
1021 869 1220 906 sanctum
1259 863 1392 907 misit.
1433 862 1695 907 Praedictum

316 940 380 974 est
414 946 503 974 non
530 930 668 973 solum
700 946 722 973 a
757 931 983 988 Prophetis
1003 965 1013 984 ,
1047 929 1120 974 sed
1158 932 1284 974 etiam
1308 932 1361 974 ab
1394 933 1486 990 ipso
1509 932 1696 976 Domino

316 1004 418 1045 Jesu
449 1002 636 1055 Christo,
663 1001 784 1060 quod
820 999 1013 1044 Ecclesia
1033 1002 1123 1059 ejus
1156 1015 1232 1059 per
1264 1001 1513 1045 universum
1547 1001 1698 1045 orbem

316 1080 533 1115 terrarum
552 1081 659 1114 esset
678 1070 842 1123 futura,
869 1085 946 1128 per
967 1079 1213 1113 sanctorum
1241 1071 1445 1126 martyria
1468 1070 1698 1128 passiones·

314 1157 401 1200 que
425 1141 722 1196 disseminata,
743 1148 785 1182 et
812 1148 914 1182 tunc
937 1138 1209 1197 praedictum,
1237 1139 1415 1197 quando
1442 1140 1585 1183 adhuc
1613 1154 1697 1184 no-

316 1226 417 1255 men
437 1212 527 1270 ejus
543 1219 585 1254 et
607 1210 768 1254 latebat
781 1218 944 1268 gentes,
961 1219 1004 1252 et
1025 1209 1103 1253 ubi
1124 1217 1278 1254 notum
1299 1218 1391 1253 erat
1410 1208 1694 1254 irridebatur:

316 1289 360 1324 et
382 1289 527 1324 tamen
549 1281 594 1323 in
616 1280 851 1323 virtutibus
870 1278 1177 1323 miraculorum
1196 1280 1302 1339 ejus,
1323 1280 1410 1323 sive
1437 1295 1536 1339 quae
1561 1294 1639 1338 per
1657 1294 1700 1324 se

319 1351 424 1409 ipse,
451 1350 537 1393 sive
573 1365 671 1408 quae
694 1364 770 1408 per
810 1364 953 1393 servos
975 1364 1073 1392 suos
1105 1347 1229 1403 fecit,
1256 1347 1363 1392 dum
1385 1349 1703 1392 annuntiantur

321 1421 416 1464 haec
438 1428 481 1464 et
502 1419 757 1473 creduntur,
776 1420 866 1479 jam
888 1418 1087 1464 videmus
1109 1418 1229 1479 quod
1251 1418 1510 1478 praedictum
1528 1427 1591 1462 est
1614 1433 1704 1462 esse

324 1489 591 1547 completum
609 1524 620 1544 ,
645 1504 854 1549 regesque
877 1490 992 1547 ipsos
1024 1498 1150 1532 terrae
1167 1523 1178 1542 ,
1214 1490 1288 1546 qui
1323 1497 1449 1532 antea
1471 1503 1706 1548 perseque-

323 1560 485 1603 bantur
506 1559 787 1613 Christianos,
807 1561 896 1617 jam
919 1558 1078 1602 Christi
1100 1558 1267 1601 nomini
1287 1559 1555 1616 subjugatos.
1585 1561 1704 1602 Prae-

323 1627 488 1671 dictum
513 1637 577 1670 est
598 1628 730 1672 etiam
747 1627 867 1681 quod
887 1628 1117 1671 schismata
1149 1635 1193 1669 et
1221 1627 1405 1670 haereses
1427 1642 1478 1670 ex
1509 1628 1600 1686 ejus
1620 1630 1706 1672 Ec-

321 1695 448 1739 clesia
479 1702 620 1737 essent
657 1693 839 1736 exiturae
858 1726 869 1745 ‚
895 1701 938 1736 et
959 1692 1041 1736 sub
1063 1693 1154 1752 ejus
1183 1696 1360 1738 nomine
1397 1712 1472 1754 per
1506 1696 1603 1742 loca
1629 1698 1707 1742 ubi

320 1771 493 1823 possent
510 1797 521 1816 ‚
547 1777 692 1816 suam,
724 1776 813 1806 non
835 1761 1022 1816 Christi,
1048 1762 1231 1819 gloriam
1251 1764 1529 1823 quaesiturae,
1559 1775 1603 1811 et
1625 1767 1706 1812 ista

324 1832 543 1892 completa
559 1840 677 1875 sunt.

383 1904 497 1946 LIV.
533 1900 757 1961 Numquid
779 1915 881 1960 ergo
904 1900 978 1945 illa
1013 1916 1113 1961 quae
1145 1911 1308 1946 restant
1342 1918 1433 1948 non
1466 1913 1569 1949 sunt
1599 1919 1707 1951 ven-

329 1974 456 2018 tura?
484 1971 766 2017 Manifestum
788 1980 851 2015 est
873 1971 971 2031 quia
995 1972 1106 2017 sicut
1139 1972 1220 2016 ista
1242 1972 1449 2032 praedicta
1469 1985 1704 2032 venerunt,

327 2044 385 2087 sic
415 2043 544 2086 etiam
575 2041 650 2086 illa
679 2051 861 2086 ventura
901 2051 1003 2085 sunt
1034 2060 1042 2086 :
1077 2057 1367 2103 quaecumque
1404 2044 1706 2091 tribulationes

326 2114 543 2173 justorum
569 2111 712 2156 adhuc
744 2120 929 2169 restant,
945 2120 988 2156 et
1003 2111 1154 2171 judicii
1175 2112 1280 2168 dies,
1298 2114 1374 2173 qui
1393 2115 1609 2173 separabit
1618 2130 1708 2160 om-

333 2197 407 2226 nes
427 2181 583 2240 impios
607 2197 631 2225 a
654 2181 778 2240 justis
809 2182 856 2225 in
874 2181 1186 2226 resurrectione
1213 2192 1487 2228 mortuorum
1511 2203 1520 2228 ε
1544 2193 1588 2228 et
1618 2200 1707 2230 non

334 2251 474 2296 solum
499 2265 570 2295 eos
593 2250 668 2310 qui
687 2259 789 2294 sunt
809 2259 928 2295 extra
949 2249 1201 2307 Ecclesiam,
1227 2251 1303 2296 sed
1323 2253 1452 2297 etiam
1473 2254 1606 2312 ipsius
1622 2257 1709 2299 Ec-

334 2320 472 2365 clesiae
499 2319 642 2379 paleas
657 2354 668 2374 ,
693 2335 800 2379 quas
823 2329 993 2379 oportet
1007 2335 1146 2380 usque
1162 2322 1218 2366 ad
1234 2322 1505 2368 novissimam
1524 2324 1710 2369 ventila—

336 2390 499 2434 tionem
523 2390 827 2448 patientissime
840 2390 1040 2446 sufferat,
1065 2391 1120 2435 ad
1136 2392 1280 2450 ignem
1294 2391 1493 2437 debitum
1509 2408 1709 2452 segrega-

338 2459 417 2502 bit.
433 2460 518 2511 Qui
527 2469 670 2504 autem
682 2459 864 2504 irrident
874 2462 1245 2515 resurrectionem,
1263 2471 1464 2520 putantes
1477 2463 1596 2522 quod
1607 2479 1707 2510 caro

338 2528 417 2573 ista
445 2532 546 2586 quia
567 2531 788 2587 putrescit,
810 2545 1030 2588 resurgere
1051 2546 1141 2576 non
1162 2540 1319 2591 potest,
1345 2532 1399 2577 ad
1422 2548 1573 2592 poenas
1588 2535 1634 2578 in
1657 2549 1706 2578 ea
