1871 3162
529 269 584 296 ΒΕ
615 266 943 298 εΑΤΕεΗιΖΑΝυιε
976 271 1172 298 RUDIBUS.
1451 258 1531 298 531

158 332 259 377 data
286 347 367 392 pax
394 341 457 378 est
487 333 704 387 Ecclesiae,
730 333 925 393 quamvis
945 333 1209 392 temporalis,
1248 334 1539 394 tranquillitas

159 403 407 463 temporalis
428 403 484 447 ad
498 403 772 448 aedificandas
790 404 1038 463 spiritaliter
1053 403 1204 449 domos
1221 414 1262 449 et
1279 405 1539 464 plantandos

158 475 307 518 hortos
334 482 376 517 et
395 474 556 517 vineas.
591 476 700 518 Nam
723 483 766 517 et
788 489 886 519 ecce
911 483 952 518 te
974 474 1105 519 modo
1127 489 1204 533 per
1224 474 1354 518 istum
1376 490 1541 520 sermo-

159 559 261 587 nem
288 542 553 587 aedificamus
580 553 709 604 atque
737 544 998 603 plantamus.
1032 548 1089 589 Et
1109 546 1192 590 hoc
1220 544 1271 587 fit
1297 559 1373 602 per
1398 554 1541 590 totum

160 615 311 659 orbem
344 623 557 658 terrarum
594 631 694 659 cum
732 630 838 674 pace
869 626 1017 673 regum
1037 615 1400 669 Christianorum,
1431 616 1543 660 sicut

159 684 275 728 idem
297 684 402 729 dicit
422 685 656 745 Apostolus
675 705 683 730 :
706 705 726 728 «
746 686 823 729 Dei
845 685 1120 743 agricultura,
1143 686 1221 730 Dei
1238 685 1468 731 aedificatio
1484 701 1547 731 es-

161 772 182 796 »
217 755 313 798 158¹.
331 772 352 796 ))

217 826 472 869 XXXVIII.
507 827 564 868 Et
595 834 692 883 post
722 840 860 870 annos
895 825 1075 885 quidem
1108 825 1404 886 septuaginta,
1437 841 1549 887 quos

161 895 341 952 mystice
354 895 687 954 prophetaverat
704 896 929 951 Jeremias,
950 906 999 940 ut
1016 897 1149 940 finem
1167 906 1415 956 temporum
1431 912 1567 956 prae-7

159 966 382 1023 figuraret,
419 974 565 1009 tamen
593 978 641 1009 ut
664 966 753 1024 ipsa
776 966 913 1023 figura
943 966 1248 1025 integraretur,
1278 966 1393 1012 facta
1414 976 1479 1012 est
1502 967 1549 1012 in

160 1034 399 1078 Jerusalem
432 1035 646 1079 restitutio
674 1035 970 1080 aedificationis
1003 1037 1156 1095 templi
1189 1036 1316 1081 Dei22
1348 1038 1425 1082 sed
1446 1038 1550 1097 quia

160 1113 300 1148 totum
330 1104 516 1162 figurate
546 1105 770 1163 agebatur,
797 1121 887 1150 non
910 1114 1001 1149 erat
1021 1106 1145 1150 firma
1177 1122 1260 1165 pax
1294 1122 1343 1151 ac
1374 1107 1552 1152 libertas

160 1174 330 1219 reddita
363 1174 542 1219 Judaeis.
583 1178 736 1236 Itaque
772 1185 919 1235 postea
954 1192 978 1220 a
1008 1177 1215 1222 Romanis
1236 1177 1339 1222 victi
1362 1187 1479 1234 sunt,
1511 1186 1554 1222 et

160 1245 378 1290 tributarii
401 1244 520 1289 facti.
546 1248 611 1290 Ex
638 1245 713 1290 illo
744 1262 845 1290 sane
868 1256 1061 1306 tempore
1083 1262 1135 1291 ex
1157 1263 1245 1307 quo
1267 1257 1425 1292 terram
1447 1263 1554 1307 pro-

161 1315 372 1360 missionis
395 1325 672 1375 acceperunt,
695 1325 736 1360 et
753 1332 874 1375 reges
891 1315 1052 1361 habere
1070 1328 1316 1377 coeperunt,
1337 1334 1392 1363 ne
1408 1318 1454 1362 in
1477 1317 1556 1363 ali-

161 1401 251 1446 quo
268 1401 421 1444 regum
441 1401 621 1430 suorum
637 1387 906 1446 completum
924 1402 1014 1432 esse
1031 1387 1345 1433 arbitrarentur
1358 1386 1480 1448 quod
1496 1389 1556 1432 eis

157 1455 370 1500 liberator
388 1457 588 1501 Christus
606 1457 957 1515 promittebatur,
979 1458 1167 1517 apertius
1185 1473 1261 1518 per
1278 1457 1436 1503 multas
1451 1473 1557 1517 pro-

74 1568 89 1582 ,
160 1526 331 1586 phetias
346 1527 631 1586 prophetatus
651 1535 713 1571 est
726 1527 934 1583 Christas‚
958 1544 1048 1573 non
1065 1528 1207 1573 solum
1230 1529 1285 1573 ab
1302 1530 1395 1588 ipso
1416 1524 1557 1575 David.

160 1597 207 1640 in
242 1595 356 1640 libro
394 1596 682 1651 Psalmorum‚
724 1595 801 1641 sed
839 1597 970 1641 etiam
994 1614 1017 1642 a
1042 1599 1208 1642 caeteris
1244 1606 1288 1642 et
1317 1599 1483 1657 magnis
1512 1608 1557 1644 et

161 1667 318 1712 sanctis
335 1666 579 1726 Prophetis,
601 1682 740 1727 usque
761 1667 817 1711 ad
838 1676 1010 1726 tempus
1032 1668 1291 1727 captivitatis
1312 1670 1359 1713 in
1373 1668 1558 1727 Babylo-

161 1737 307 1782 niam:
332 1745 376 1781 et
396 1736 444 1781 in
464 1736 555 1796 ipsa
578 1735 828 1796 captivitate
855 1736 1036 1781 fuerunt
1057 1738 1304 1797 Prophetae,
1339 1739 1416 1799 qui
1447 1754 1555 1784 ven-

162 1817 313 1854 turum
336 1807 574 1852 Dominum
609 1809 756 1851 Jesum
793 1806 1017 1852 Christum
1049 1806 1326 1852 liberatorem
1357 1809 1553 1854 omnium

161 1879 489 1940 prophetarent.
522 1881 580 1922 Et
596 1887 878 1937 posteaquam
896 1878 1110 1937 templum
1132 1879 1354 1923 transactis
1375 1888 1553 1939 septua-

165 1950 285 2010 ginta
307 1949 430 1994 annis
451 1949 697 1993 restitutum
721 1959 799 2004 est,
826 1957 964 1993 tantas
987 1963 1204 2008 pressuras
1225 1958 1269 1994 et
1289 1949 1554 1995 calamitates

165 2036 188 2065 a
208 2020 382 2078 regibus
408 2019 605 2079 gentium
638 2019 779 2063 Judaei
811 2018 999 2078 perpessi
1027 2028 1146 2074 sunt,
1181 2027 1231 2063 ut
1262 2019 1555 2079 intelligerent

164 2092 364 2136 nondum
380 2091 545 2136 venisse
562 2088 856 2145 liberatorem,
877 2105 1008 2150 quem
1026 2105 1115 2134 non
1137 2090 1384 2149 spiritaliter
1400 2090 1538 2135 libera

164 2171 315 2207 turum
344 2161 663 2220 intelligebant,
683 2161 758 2206 sed
776 2177 854 2221 pro
869 2160 1128 2207 liberatione
1149 2161 1310 2207 carnali
1331 2161 1552 2207 desiderau

166 2234 289 2278 bant.

215 2333 224 2350 ¹
253 2339 266 2360 1
287 2328 358 2361 Cor.
376 2338 426 2369 ιιι,
443 2337 475 2369 9.
492 2333 555 2350 —2
570 2328 688 2360 Jerem.
710 2337 783 2368 xxv,
802 2335 854 2368 12,
875 2330 910 2360 et
926 2337 1014 2368 xnx,
1036 2339 1088 2360 ιο.
