1871 3162
256 209 340 249 540
693 224 728 253 s.
763 223 993 257 mensum
1026 227 1207 257 muscom

254 287 319 330 his
332 287 585 346 corporibus
599 288 784 335 reddant
795 291 991 336 homines
1005 292 1217 338 factorum
1232 309 1410 339 suorum
1424 295 1633 340 rationem

251 358 298 402 in
319 359 478 418 quibus
499 375 548 404 ea
564 361 782 419 fecerunt3
808 371 851 406 et
869 363 914 406 in
936 364 1001 408 his
1024 375 1272 409 mereantur
1289 375 1364 412 aut
1389 376 1634 411 commuta-

253 429 414 473 tionem
447 430 634 477 coelestis
664 433 1000 493 incorruptionis
1031 451 1110 494 pro
1145 437 1305 480 meritis
1338 437 1523 497 pietatis,
1559 447 1634 482 aut

251 501 578 560 corruptibilem
595 504 783 562 eorporis
800 504 1094 549 conditionem
1108 521 1186 564 pro
1198 507 1358 550 meritis
1375 507 1631 566 iniquitatis,

250 586 340 616 non
373 576 638 632 quae‘morte
670 573 876 630 solvatur,
902 575 975 620 sed
998 592 1097 636 quae
1120 577 1342 622 materiam
1364 578 1634 636 sempiternis

250 642 475 688 doloribus
491 645 699 703 praebeat.

310 716 490 759 XLVII.
526 718 649 774 Fuge
669 730 769 773 ergo
794 731 871 775 per
887 717 1156 762 immobilem
1183 717 1313 762 fidem
1333 727 1376 763 et
1397 733 1536 763 mores
1555 719 1635 764 bo-

250 799 344 839 nos,
362 784 481 842 fuge,
501 783 650 841 frater,
669 785 741 829 illa
764 795 995 842 tormenta,
1018 789 1093 832 ubi
1111 805 1190 834 nec
1208 799 1391 835 tortores
1407 789 1633 843 deficiunt,

249 869 329 899 nec
351 855 454 899 torti
476 856 749 914 moriuntur3
774 857 935 916 quibus
956 858 1045 901 sine
1068 859 1154 902 fine
1174 875 1286 904 mors
1305 870 1382 915 est,
1409 876 1496 904 non
1515 875 1637 919 posse

248 925 295 968 in
328 926 590 971 cruciatibus
624 928 746 971 mori.
775 930 831 971 Et
852 928 1077 972 exardesce
1104 943 1250 972 amore
1272 939 1403 988 atque
1425 931 1637 974 desiderio

249 997 523 1055 sempiternae
535 997 636 1041 vitae
648 1006 913 1051 sanctorum,
931 998 1008 1041 ubi
1022 994 1101 1042 nec
1117 1014 1297 1057 operosa
1314 999 1395 1043 erit
1413 1000 1541 1053 actio,
1558 1015 1638 1043 nec

247 1067 417 1127 requies
432 1066 645 1112 desidiosa
666 1087 673 1112 :
691 1067 783 1111 laus
806 1068 887 1111 erit
904 1069 980 1111 Dei
1001 1069 1091 1112 sine
1114 1069 1304 1124 fastidio⁷
1321 1070 1412 1113 sine
1430 1069 1605 1114 defectu
1626 1089 1634 1114 :

247 1137 421 1182 nullum
437 1139 483 1183 in
504 1139 650 1183 animo
677 1137 880 1193 taedium,
902 1139 1049 1183 nullus
1071 1138 1195 1184 labor
1216 1142 1259 1184 in
1283 1156 1463 1199 corpore
1482 1162 1492 1197 3
1517 1139 1637 1184 nulla

246 1207 503 1268 indigentia,
523 1226 603 1254 nec
631 1219 702 1253 tua
730 1210 797 1253 cui
829 1209 1049 1253 subveniri
1076 1209 1312 1264 desideres,
1344 1225 1424 1254 nec
1448 1211 1638 1269 proximi

245 1280 317 1324 cui
336 1280 564 1325 subvenire
585 1280 775 1325 festines.
800 1283 962 1325 Omnes
984 1280 1148 1325 deliciae
1171 1284 1284 1325 Deus
1306 1282 1387 1325 erit
1409 1290 1451 1325 et
1467 1281 1637 1325 satietas

245 1360 405 1396 sanetae
423 1351 606 1397 civitatis
623 1353 668 1396 in
690 1352 765 1397 illo
785 1362 827 1396 et
844 1352 898 1397 de
918 1351 995 1396 illo
1017 1352 1231 1411 sapienter
1254 1352 1469 1412 beateque
1485 1353 1637 1396 viven-

245 1422 313 1465 tis,
332 1423 586 1466 Efliciemur
601 1422 732 1477 enim,
758 1423 869 1467 sicut
892 1423 947 1467 ab
968 1422 1043 1467 illo
1066 1423 1325 1482 promissum
1348 1438 1570 1481 speramus
1594 1432 1637 1466 et

245 1502 541 1551 expectamus,
564 1493 751 1554 aequales
769 1493 944 1551 Angelis
967 1494 1043 1536 Dei
1058 1496 1089 1546 ²,
1116 1502 1157 1536 et
1177 1508 1277 1536 eum
1300 1493 1359 1536 eis
1381 1493 1541 1551 pariter
1562 1492 1635 1536 illa

248 1563 456 1608 Trinitate
487 1563 763 1622 perfruemur
779 1565 866 1622 jam
895 1578 972 1622 per
993 1563 1195 1622 speciem,
1227 1563 1272 1605 in
1301 1579 1389 1620 qua
1412 1577 1531 1606 nunc
1560 1579 1636 1622 per

245 1633 378 1674 fidem
411 1631 728 1674 ambulamus2.
764 1631 992 1675 Credimus
1016 1632 1130 1674 enim
1154 1631 1275 1691 quod
1297 1647 1384 1675 non
1409 1632 1604 1677 videmus
1621 1669 1632 1688 ‚

245 1709 294 1744 ut
312 1700 412 1759 ipsis
433 1700 595 1743 meritis
613 1700 714 1743 fidei
732 1701 863 1743 etiam
885 1700 1032 1743 videre
1053 1700 1173 1759 qnod
1191 1701 1407 1745 credimus
1429 1711 1472 1745 et
1493 1704 1635 1746 inhae-

245 1786 338 1814 rere
361 1785 632 1814 mereamur:
659 1780 707 1814 ut
730 1769 1023 1829 aequalilatem
1048 1772 1182 1815 Patris
1201 1781 1244 1816 et
1263 1771 1359 1816 Filii
1381 1782 1423 1816 et
1452 1774 1635 1832 Spiritus

243 1840 396 1895 sancti,
432 1850 475 1884 et
508 1841 639 1899 ipsius
664 1840 881 1884 Trinitatis
904 1841 1131 1895 unitatem,
1161 1842 1383 1901 quomodo
1420 1844 1506 1887 sint
1540 1845 1636 1889 haec

243 1912 323 1956 tria
340 1927 454 1955 unus
473 1915 602 1965 Deus,
627 1927 716 1955 non
728 1912 816 1970 jam
839 1912 980 1956 verbis
1003 1911 1104 1956 fidei
1121 1923 1163 1956 et
1185 1914 1477 1971 strepentibus
1499 1914 1634 1972 sylla-

244 1983 310 2026 bis
325 1998 624 2041 personemus,
648 1982 721 2026 sed
738 1982 1105 2041 contemplatione
1123 1984 1349 2042 purissima
1368 1994 1410 2028 et
1425 1984 1633 2030 ardentis-

244 2053 348 2096 sima
363 2054 407 2095 in
424 2052 499 2097 illo
517 2053 687 2096 silentio
705 2053 970 2097 sorbeamus.

301 2125 505 2167 XLVIII.
542 2126 646 2167 Haec
667 2132 766 2167 tene
789 2124 869 2166 fixa
893 2124 937 2166 in
961 2123 1091 2167 eorde
1122 2133 1213 2178 tuo,
1245 2134 1288 2168 et
1316 2125 1468 2168 invoca
1493 2128 1630 2169 Deum

243 2193 314 2238 eui
336 2193 490 2245 credi&
515 2202 565 2237 ut
586 2202 759 2237 tueatur
781 2202 823 2237 te
848 2193 1049 2237 adversus
1078 2193 1337 2237 tentationes
1370 2192 1531 2238 diaboli
1554 2214 1562 2239 :
1589 2205 1630 2240 et

245 2273 335 2308 esto
363 2275 532 2317 cautus,
563 2279 618 2307 ne
649 2264 729 2307 tibi
759 2263 934 2306 aliunde
957 2264 1090 2307 hostis
1116 2262 1188 2306 ille
1215 2263 1440 2321 subrepat,
1476 2265 1551 2323 qui
1575 2265 1629 2309 ad

245 2335 444 2379 solatium
461 2333 916 2378 malevolentissimum
933 2334 1221 2378 damnationis
1234 2350 1338 2387 suae,
1355 2350 1454 2377 cum
1470 2336 1629 2394 quibus

245 2406 475 2450 damnetur
492 2405 685 2465 inquirit.
702 2408 796 2450 Non
814 2405 927 2449 enim
940 2421 1017 2464 per
1033 2420 1104 2448 eos
1116 2405 1227 2448 solos
1244 2405 1319 2463 qui
1333 2405 1627 2449 Christianum

245 2492 406 2522 nomen
424 2478 626 2531 oderunt,
648 2487 689 2521 et
711 2476 862 2521 dolent
884 2491 934 2521 eo
957 2476 1132 2520 nomine
1152 2485 1411 2534 occupatum
1435 2492 1524 2520 csse
1554 2492 1626 2520 or-

294 2568 302 2585 ¹
331 2564 407 2594 Luc.
430 2573 481 2594 xx.
503 2562 554 2594 36.
571 2579 610 2585 —
629 2569 640 2584 ²
661 2571 680 2594 2
700 2564 773 2594 Cor.
791 2573 823 2601 v,
844 2572 873 2602 7.
