1871 3162
552 218 925 253 soLiLonouuM‚
961 215 1043 243 ΜΒ.
1082 222 1127 245 11.
1450 207 1530 247 4:17

156 281 386 325 litudinem
422 296 470 325 ac
491 280 885 326 dissimilitudinem
907 280 1037 325 simul
1058 282 1251 337 efficere,
1282 293 1331 327 ut
1369 285 1534 345 aliquid

156 351 316 396 falsum
333 360 448 395 recte
464 350 730 404 nominetur,
749 365 880 409 quam
897 351 1003 394 mihi
1020 350 1232 395 evadendi
1253 354 1367 397 viam
1386 352 1537 398 dabis?

159 423 396 466 Instabitur
436 422 550 465 enim
578 421 860 466 nihilominus
885 431 934 466 ut
959 422 1104 466 omnia
1130 420 1236 465 falsa
1259 438 1347 467 esse
1375 439 1540 468 renun-

163 491 284 546 tiem,
309 492 472 551 quippe
496 492 640 536 omnia
662 491 836 535 sibimet
851 526 862 545 ‚
888 501 941 536 ut
965 507 1094 551 supra
1115 491 1284 536 dictum
1307 501 1393 547 est,
1419 503 1462 537 et
1484 495 1541 538 si-

159 561 277 605 milia
292 562 482 621 quadam
503 577 554 605 ex
567 571 689 621 parte
706 597 718 617 ,
738 571 781 606 et
798 562 1016 606 dissimilia
1034 562 1325 621 reperiuntur.
1346 566 1544 608 Restaret

160 641 210 676 ut
230 631 340 675 nihil
361 631 479 675 aliud
495 631 654 676 falsum
672 647 761 676 esse
783 632 972 676 dicerem
986 667 997 686 ,
1023 632 1104 676 nisi
1121 631 1242 692 quod
1262 632 1386 676 aliter
1400 648 1444 676 se
1465 633 1546 676 ha-

160 702 281 745 heret
313 711 444 762 atque
467 702 707 757 videretur,
733 703 779 745 ni
808 717 978 746 vererer
997 701 1072 745 illa
1094 712 1159 747 tot
1196 712 1410 757 monstra,
1445 719 1545 763 quae

163 786 230 815 me
244 771 413 815 dudum
431 773 674 831 enavigasse
690 772 945 816 arbitrabar.
963 775 1072 818 Nam
1095 788 1146 817 eo
1163 788 1337 817 rursum
1360 773 1547 833 repellor

161 843 371 900 vertigine
393 844 613 902 inopinata
630 878 640 897 ‚
666 853 716 887 ut
736 859 888 887 verum
910 843 955 887 id
977 859 1067 887 esse
1090 843 1229 888 dicam
1243 879 1254 899 ‚
1279 844 1400 904 quod
1423 844 1481 888 ita
1504 860 1548 888 se

162 914 294 957 habet
310 922 359 956 ut
378 913 565 957 videtur.
588 916 652 957 Ex
667 929 755 973 quo
769 915 905 958 confit
918 914 1009 958 sine
1026 915 1250 973 cognitore
1268 913 1377 958 nihil
1396 930 1548 958 verum

163 999 252 1028 esse
273 999 396 1042 posse
423 1003 432 1028 ;
453 985 530 1027 ubi
554 985 660 1027 mihi
676 984 951 1043 naufragium
974 986 1018 1028 in
1042 985 1228 1044 scopulis
1250 984 1550 1029 occultissimis

164 1052 493 1097 formidandum
506 1064 590 1108 est,
613 1054 688 1112 qui
711 1053 801 1097 veri
815 1065 916 1098 sunt
938 1055 1102 1098 etiamsi
1123 1055 1385 1099 nesciantur.
1413 1058 1502 1098 Aut
1517 1055 1550 1098 si

164 1139 315 1166 verum
334 1139 421 1167 esse
439 1125 483 1167 id
497 1123 616 1183 quod
630 1133 694 1167 est
707 1124 870 1179 dixero,
887 1123 1042 1167 falsum
1056 1139 1144 1168 non
1157 1139 1246 1168 esse
1261 1125 1429 1183 uspiam
1449 1140 1552 1169 con-

166 1192 368 1237 cludetur
391 1209 478 1252 quo
504 1194 564 1236 vis
588 1203 874 1252 repugnante.
901 1197 1055 1254 Itaque
1088 1194 1274 1238 redeunt
1295 1194 1359 1237 illi
1391 1204 1521 1239 aestus
1539 1229 1549 1246 ,

167 1279 247 1308 nec
261 1265 502 1324 quidquam
519 1273 637 1308 tanta
652 1265 857 1323 patientia
875 1280 1094 1309 morarum
1112 1274 1286 1309 tuarum
1304 1266 1553 1325 processisse

167 1350 236 1378 me
261 1335 401 1378 video.

216 1506 262 1521 ῑὶἱ
270 1507 336 1522 tm!
341 1507 410 1522 νὶὶιὶἱ
416 1507 619 1523 νυῑὶῑνῑδὶὶιῑὶ
626 1508 762 1524 ΣὪΊῚΜἋ
769 1509 977 1524 νυὶἢωνῑὶωννὶ
982 1509 1048 1524 &vu
1054 1507 1478 1524 UWWVQMMWUMMRW
1483 1507 1552 1523 Ml!

683 1655 898 1702 CAPPT
944 1656 1027 1701 ix.

298 1806 632 1869 Qeccdficlsum
656 1843 665 1859 ,
687 1806 806 1866 quid
818 1807 988 1867 fallax
1007 1817 1052 1852 et
1074 1807 1192 1866 qaid
1209 1807 1441 1853 mendax.

236 1971 353 2012 xvi.
374 1971 426 2011 R.
453 1971 659 2011 ATTENDE
678 1967 822 2026 potius
839 2002 849 2021 ‚
875 1982 977 2010 nam
1001 1966 1124 2010 nullo
1149 1967 1278 2011 modo
1303 1967 1349 2011 in
1370 1968 1564 2012 animum

179 2038 384 2082 inducam
405 2036 565 2081 frustra
587 2053 664 2081 nos
683 2036 890 2080 auxilium
913 2035 1111 2080 divinum
1133 2036 1400 2096 implorasse.
1424 2038 1564 2082 Video

180 2108 296 2152 enim
320 2108 494 2152 tentatis
508 2116 722 2173 quantum
741 2107 962 2165 potuimus
981 2107 1183 2151 omnibus
1206 2108 1364 2164 rebus,
1385 2124 1474 2153 non
1494 2125 1565 2153 re-

181 2179 385 2223 mansisse
407 2176 528 2237 quod
546 2174 730 2241 fallum
716 2193 813 2237 jure
833 2177 1017 2232 dicatur,
1038 2178 1116 2221 nisi
1140 2178 1260 2238 quod
1282 2189 1358 2223 aut
1380 2195 1424 2223 se
1441 2180 1568 2239 fingit
1598 2169 1642 2214 -ί
1662 2186 1671 2200 ·-
1727 2193 1734 2201 =
1771 2185 1774 2192 ‘

182 2266 271 2294 esse
293 2250 413 2310 quod
430 2265 519 2294 non
539 2259 626 2301 est,
648 2257 722 2293 aut
745 2250 924 2293 omnino
943 2265 1031 2293 esse
1054 2249 1195 2294 tendit
1209 2260 1251 2294 et
1270 2266 1360 2295 non
1382 2260 1460 2295 est.
1483 2251 1567 2296 Sed

183 2320 296 2364 illud
318 2320 512 2379 superius
534 2319 629 2363 falsi
665 2335 800 2378 genus
816 2355 826 2375 ‚
852 2320 921 2364 vel
946 2319 1074 2364 fallax
1098 2322 1226 2364 etiam
1244 2356 1254 2375 ,
1285 2320 1355 2365 vel
1379 2321 1568 2365 mendax

185 2402 262 2434 est.
289 2393 397 2435 Nam
428 2390 558 2434 fallax
590 2390 635 2433 id
668 2400 782 2434 recte
811 2390 991 2445 dicitur,
1017 2391 1137 2451 quod
1171 2392 1304 2436 habet
1334 2392 1568 2452 quemdam

187 2461 365 2505 fallendi
396 2462 632 2520 appetitum
647 2497 656 2515 ‚
680 2463 756 2521 qui
779 2460 869 2505 sine
901 2462 1041 2505 anima
1063 2461 1245 2520 intelligi
1283 2479 1372 2508 non
1398 2473 1539 2524 potest
1554 2499 1563 2517 ⁷

188 2531 262 2576 sed
280 2532 434 2591 partim
452 2532 620 2577 ratione
640 2533 710 2587 fit,
731 2532 889 2591 partim
912 2541 1090 2588 natura3
1117 2533 1303 2588 ratione,
1330 2534 1375 2578 in
1398 2536 1566 2579 anima-
