1871 3162
578 242 924 278 CONFESSIONUM,
959 243 1040 268 ΜΒ.
1078 243 1138 268 xi.
1464 234 1547 272 309

168 321 352 364 prfesens
367 306 420 349 de
442 306 598 351 futuris
615 307 869 364 expectatio.
900 307 941 350 Si
964 307 1056 350 haec
1074 307 1365 364 permittimur
1383 308 1542 364 dicere,

171 379 246 420 tria
280 387 470 435 tempora
499 377 643 430 video,
666 378 893 436 fateorque
930 378 1008 421 tria
1037 387 1152 421 sunt.
1197 378 1367 422 Dicatur
1390 380 1544 425 etiam:

170 450 379 506 Tempora
396 456 498 491 sunt
515 448 610 501 tria,
622 448 904 506 praeteritum,
919 463 1118 507 praesens,
1136 457 1180 491 et
1197 449 1419 505 futurum,
1438 450 1549 494 sicut

168 518 363 561 abutitur
382 519 671 571 consuetudo,
697 517 867 562 dicatur
894 537 902 562 ε
921 533 1019 562 ecce
1034 534 1122 562 non
1142 534 1264 573 curo,
1287 533 1367 563 nec
1381 521 1547 573 resisto,

166 603 246 631 nec
274 588 545 646 reprehendo
567 609 578 645 3
603 588 709 631 dum
733 598 878 632 tamen
910 588 1178 646 intelligatur
1209 590 1330 649 quod
1361 588 1548 644 dicitur,

169 673 310 717 neque
338 658 382 701 id
418 658 538 718 quod
572 658 770 703 futurum
800 668 888 713 est,
912 674 1002 703 esse
1032 661 1152 719 jam,
1182 675 1326 719 neque
1357 660 1402 703 id
1432 660 1552 720 quod

166 729 432 787 praeteritum
456 739 534 774 est.
561 733 704 774 Pauca
721 739 824 774 sunt
846 730 962 774 enim
981 746 1080 790 quae
1102 732 1275 790 proprie
1293 731 1517 791 loquimur
1532 767 1543 785 ,

167 799 287 855 plura
308 816 396 844 non
414 801 610 859 proprie3
634 800 708 845 sed
727 802 972 859 agnoscitur
990 803 1098 862 quid
1120 801 1320 846 velimus.

167 979 733 997 mmwuvmwn⁴M1wuvmwwu
738 982 1548 999 kumxmwmmxmmmmwvxmxmmmm

682 1113 759 1159 CA
771 1113 898 1160 PFT
937 1115 1075 1160 XXI.

451 1265 703 1327 Quomodo
728 1278 913 1328 tempus
935 1267 1078 1314 liceat
1098 1271 1271 1315 metiri.

224 1429 409 1471 XXVII.
439 1430 534 1470 ὓιΧι
563 1442 665 1486 ergo
682 1427 814 1486 paulo
837 1437 961 1483 ante,
983 1427 1104 1488 quod
1124 1430 1430 1488 praetereuntia
1450 1439 1557 1475 tem-

164 1513 268 1557 pora
292 1499 510 1553 metimur,
529 1507 578 1542 ut
595 1498 806 1557 possimus
819 1497 962 1542 dicere
980 1499 1166 1557 duplum
1184 1514 1273 1542 esse
1285 1501 1369 1544 hoc
1387 1510 1555 1560 tempo-

166 1569 221 1612 ris
242 1568 295 1611 ad
318 1567 428 1611 illud
447 1568 652 1627 simplum
669 1603 679 1622 ,
706 1577 780 1611 aut
800 1577 971 1611 tantum
992 1569 1075 1612 hoc
1102 1578 1317 1628 quantum
1344 1570 1477 1625 illud,
1509 1582 1553 1616 ct

165 1639 197 1681 si
220 1637 324 1698 quid
345 1637 461 1681 aliud
478 1637 532 1680 de
554 1637 750 1696 partibus
775 1648 1020 1696 temporum
1041 1653 1270 1696 possumus
1299 1641 1551 1685 renuntiare

164 1708 399 1752 metiendo.
432 1709 665 1763 Quocirca,
686 1718 736 1752 ut
757 1709 973 1763 dicebam,
1005 1712 1312 1768 praetereuntia
1344 1712 1551 1756 metimur

166 1789 376 1837 tempora.
404 1782 459 1822 Et
474 1779 506 1822 si
527 1780 621 1837 quis
644 1779 748 1821 mihi
767 1779 883 1823 dicat
903 1798 912 1823 :
940 1778 1065 1823 Unde
1087 1781 1196 1824 scis?
1215 1781 1546 1840 Respondeam,

168 1850 263 1894 Scio
279 1851 380 1908 quia
403 1850 625 1903 metimur,
648 1864 728 1892 nec
760 1850 899 1893 metiri
919 1865 1018 1909 quae
1047 1865 1136 1894 non
1169 1861 1271 1895 sunt
1302 1867 1546 1910 possumus,

166 1930 208 1964 ct
232 1936 318 1964 non
340 1930 441 1963 sunt
476 1920 693 1979 praeterita
735 1918 807 1975 vel
834 1919 997 1963 futura.
1026 1923 1216 1964 Praesens
1245 1937 1348 1966 vero
1381 1932 1553 1982 tempus

165 1990 388 2049 quomodo
407 1990 626 2043 metimur,
652 1989 830 2048 quando
850 2005 939 2033 non
956 1990 1090 2034 habet
1111 1992 1324 2050 spatium?
1345 1994 1553 2037 Metimur

166 2076 267 2118 ergo
285 2076 384 2104 cum
408 2060 597 2118 praeterit
614 2080 624 2115 3
644 2074 744 2103 cum
767 2068 911 2103 autern
929 2062 1198 2119 praeterierit,
1217 2078 1307 2107 non
1320 2065 1547 2109 metimur:

166 2131 273 2191 quid
295 2132 410 2174 enim
434 2131 663 2174 metiamur
683 2166 694 2184 ,
720 2146 810 2174 non
833 2132 928 2174 erit.
954 2131 1038 2176 Sed
1056 2133 1174 2176 unde
1208 2143 1251 2177 et
1272 2150 1358 2194 qua
1391 2145 1433 2179 et
1463 2152 1551 2195 quo

167 2202 385 2260 praeterit,
411 2216 510 2245 cum
535 2200 767 2244 metimur?
790 2200 925 2256 unde,
951 2201 1031 2246 nisi
1054 2218 1103 2245 ex
1125 2202 1310 2248 futuro?
1332 2221 1416 2264 qua
1437 2241 1446 2260 ,
1473 2207 1553 2250 nisi

167 2287 244 2331 per
267 2273 487 2329 praesens?
509 2286 620 2330 quo,
641 2271 721 2314 nisi
737 2271 782 2314 in
805 2273 1104 2330 praeteritum?
1125 2275 1188 2316 Ex
1211 2273 1284 2317 illo
1307 2290 1409 2333 ergo
1431 2275 1548 2335 quod

168 2343 365 2386 nondum
388 2351 449 2384 est
470 2357 547 2400 per
570 2340 680 2384 illud
695 2341 815 2401 quod
829 2343 966 2400 spatio
982 2351 1112 2397 caret,
1138 2343 1183 2386 in
1201 2343 1308 2387 iliud
1324 2345 1442 2403 quod
1459 2347 1545 2405 jam

167 2428 255 2455 non
279 2421 355 2455 est.
380 2411 495 2464 Quid
514 2422 656 2455 autem
680 2414 907 2466 metimur,
933 2413 1013 2456 nisi
1036 2421 1206 2471 tempus
1224 2415 1267 2455 in
1292 2413 1437 2473 aliquo
1458 2431 1547 2474 spa-

169 2483 256 2525 tio?
278 2484 428 2541 Neque
452 2483 563 2525 enim
587 2481 769 2526 dicimus
791 2482 964 2541 simpla,
991 2493 1033 2526 et
1057 2482 1187 2542 dupin
1210 2505 1220 2540 3
1251 2493 1293 2527 ct
1321 2485 1469 2543 tripla,
1506 2498 1546 2529 ct

168 2552 348 2612 ⁴vequalia
370 2587 380 2603 ,
407 2562 446 2596 et
473 2553 506 2595 si
539 2548 644 2611 quid
669 2554 750 2597 hoc
776 2552 906 2597 modo
942 2552 983 2596 in
1013 2562 1207 2611 tempore
1232 2554 1439 2610 dicimus,
1468 2558 1546 2599 nisi
