1871 3162
217 216 298 256 364
643 226 675 255 S.
713 227 941 256 Aucusrim
975 228 1152 256 eviscovi

276 296 355 339 III.
381 294 497 347 Quid
519 303 561 338 te
584 295 822 354 promeruit
837 295 1032 339 materies
1053 293 1307 354 corporalis,
1323 300 1372 336 ut
1389 299 1497 337 esset
1515 291 1598 335 sal-

215 374 302 409 tem
324 384 343 407 «
371 364 600 409 Invisibilis
621 374 665 410 et
684 366 997 424 incomposita?
1022 384 1041 407 »
1068 365 1175 419 Quia
1196 379 1340 425 neque
1359 364 1442 409 hoc
1464 373 1594 418 esset,

214 435 296 479 nisi
322 435 424 495 quia
448 436 585 481 fecisti
605 451 698 479 eam
719 455 727 480 :
749 435 935 496 ideoque
957 444 1022 490 te,
1053 437 1153 496 quia
1175 451 1264 481 non
1291 444 1405 490 erat,
1426 450 1598 495 prome-

216 508 298 550 reri
320 516 369 551 ut
386 517 495 552 esset
516 523 605 552 non
624 516 807 567 poterat.
828 509 917 551 Aut
933 506 1041 566 quid
1062 516 1104 551 te
1125 507 1364 566 promeruit
1377 506 1598 551 inchoatio

215 586 422 621 creaturae
454 578 682 637 spiritalis,
708 587 758 622 ut
789 576 941 621 saltem
974 578 1198 622 tenebrosa
1230 578 1420 622 fluitaret
1453 576 1600 621 similis

215 647 393 705 abysso,
420 649 484 691 tui
506 647 718 692 dissimilis
735 683 745 702 ,
768 648 849 692 nisi
873 663 948 706 per
970 647 1086 691 idem
1116 648 1300 692 verbum
1325 656 1600 691 convertere-

216 727 287 761 tur
311 716 364 761 ad
386 717 500 761 idem
531 734 554 762 a
576 733 664 778 quo
689 716 800 762 facta
823 726 906 772 est,
932 726 1061 778 atque
1087 718 1141 762 ab
1174 733 1225 761 eo
1257 716 1500 761 illuminata
1526 716 1601 759 lux

217 788 357 841 fieret,
384 788 580 846 quamvis
616 803 705 831 non
733 787 974 847 aequaliter,
1005 798 1148 832 tamen
1184 785 1417 833 conformis
1450 787 1602 831 formae

220 857 377 917 aequali
394 858 500 901 tibi?
515 858 634 903 Sicut
656 858 772 902 enim
794 859 965 916 corpori
979 874 1067 902 non
1085 860 1167 903 hoc
1182 867 1245 902 est
1260 873 1349 902 esse
1366 858 1486 918 quod
1503 857 1602 916 pul-

180 982 183 992 Ι
220 928 376 971 chrum
398 943 510 982 esse,
537 928 728 988 alioquin
757 927 952 971 deforme
970 943 1058 971 esse
1087 943 1175 972 non
1197 937 1339 987 posset
1360 947 1367 972 ς
1392 929 1452 971 ita
1473 928 1602 971 etiam

219 1008 363 1043 creato
385 999 578 1058 spiritui,
605 1015 693 1042 non
714 999 757 1042 id
786 1007 849 1042 est
871 998 1034 1053 vivere,
1060 999 1179 1058 quod
1201 999 1415 1058 sapienter
1434 998 1598 1048 vivere,

220 1067 411 1128 alioquin
444 1067 857 1113 incommutabiliter
878 1077 1060 1127 saperet.
1089 1072 1259 1113 Bonum
1289 1077 1435 1112 autem
1454 1066 1518 1110 illi
1540 1076 1603 1111 est

220 1139 381 1182 haerere
420 1138 499 1182 tibi
531 1153 714 1197 semper,
753 1153 808 1182 ne
838 1137 958 1198 quod
993 1137 1175 1197 adeptus
1205 1148 1268 1182 est
1305 1138 1599 1191 conversione,

221 1209 440 1253 aversione
458 1208 606 1253 lumen
625 1209 817 1264 amittat,
838 1218 881 1253 et
903 1208 1122 1253 relabatur
1143 1209 1188 1252 in
1209 1209 1341 1253 vitam
1364 1208 1602 1252 tenebrosae

221 1279 374 1336 abysso
401 1279 598 1323 similem.
624 1281 731 1323 Nam
754 1288 797 1323 et
819 1295 896 1323 nos
918 1279 994 1339 qui
1015 1279 1255 1323 secundum
1279 1279 1463 1322 animam
1486 1293 1603 1322 crea·

221 1358 317 1392 tura
339 1349 537 1408 spiritalis
552 1364 723 1404 sumus,
749 1349 885 1393 aversi
909 1365 930 1393 a
955 1358 997 1393 te
1014 1358 1160 1393 nostro
1175 1349 1339 1392 lumine
1356 1383 1366 1403 ,
1382 1349 1427 1392 in
1452 1363 1499 1391 ea
1517 1348 1603 1392 vita

222 1420 386 1464 fuimus
416 1419 650 1480 aliquando
686 1421 922 1476 tenehrae2,
954 1429 996 1464 et
1028 1420 1072 1463 in
1104 1419 1293 1479 reliquiis
1332 1419 1604 1463 obscuritatis

222 1500 382 1535 nostrae
403 1490 651 1535 laboramus
666 1526 676 1545 ,
702 1491 840 1535 donec
868 1491 999 1534 simus
1017 1491 1179 1550 justitia
1202 1499 1276 1533 tua
1297 1489 1343 1533 in
1366 1490 1505 1533 Unico
1527 1499 1603 1532 tuo

223 1561 336 1604 sicut
358 1571 526 1605 montes
551 1562 642 1605 Dei.
670 1563 778 1606 Nam
799 1560 961 1620 judicia
985 1569 1059 1605 tua
1082 1559 1264 1614 fuimus,
1289 1560 1396 1604 sicut
1425 1560 1603 1616 abyssus

220 1631 359 1674 multa
379 1632 410 1674 3.

271 1746 279 1762 ¹
301 1742 461 1781 Gen.1‚1.
485 1757 523 1763 ψ-
540 1748 551 1762 ²
573 1740 685 1782 Ephes.
701 1751 733 1781 v,
752 1740 782 1772 8.
805 1756 845 1762 —-
874 1738 884 1761 3
906 1739 988 1771 Psal.
1011 1749 1107 1780 xxxv,
1128 1749 1158 1780 7.
