1871 3162
572 297 920 337 CONFESSIONUM‚
954 299 1038 326 LIB.
1071 300 1149 327 vn.
1344 288 1345 294 ’
1470 289 1551 329 147

177 380 280 424 ergo
307 365 508 409 timemus
538 373 581 407 et
610 378 810 408 cavemus
837 363 958 422 quod
978 378 1069 408 non
1089 363 1179 407 est?
1199 364 1288 407 Aut
1309 363 1343 406 si
1370 363 1557 408 inaniter

176 435 399 488 timemus,
424 443 540 478 certe
566 433 636 478 vel
657 434 787 478 timor
814 433 904 492 ipse
922 433 1086 477 malum
1109 441 1173 477 est
1188 467 1200 488 ‚
1223 447 1313 492 quo
1345 433 1556 477 incassum

176 502 442 559 stimulatur,
463 512 506 546 et
523 503 792 547 excruciatur
813 518 901 547 cor.
928 505 985 547 Et
1016 511 1139 547 tanto
1171 502 1342 561 gravius
1362 502 1526 546 malum
1543 537 1555 558 ‚

173 583 339 634 quanto
360 589 449 618 non
471 583 532 617 est
553 572 675 632 quod
700 574 932 617 timeamus
946 608 957 627 ‚
978 582 1021 617 et
1042 574 1261 617 timemus.
1289 572 1460 617 Idcirco
1485 582 1560 617 aut

176 653 240 688 est
261 644 424 687 malum
448 643 567 703 quod
585 644 785 687 timemus
800 678 810 696 ,
834 652 908 686 aut
928 643 1012 687 hoc
1034 642 1201 686 malum
1224 652 1288 687 est
1308 644 1411 702 quia
1433 643 1563 686 time-

179 729 289 757 mus.
330 713 452 757 Unde
480 723 543 757 est
573 714 727 771 igitur,
758 714 964 773 quoniam
993 716 1105 757 Deus
1138 712 1240 757 fecit
1271 714 1365 757 haec
1388 714 1532 757 omnia
1551 748 1562 768 ,

180 785 321 828 bonus
352 784 498 828 bona?
519 784 658 842 Majus
680 783 856 842 quidem
878 792 921 825 et
950 798 1170 826 summum
1196 784 1378 836 bonum,
1399 784 1568 828 minora

180 854 282 897 fecit
317 855 432 897 bona
460 869 468 893 :
502 852 576 896 sed
605 862 753 896 tamen
793 865 838 895 et
864 867 1013 896 creans
1046 862 1088 896 et
1116 862 1285 907 creata,
1318 854 1433 897 bona
1466 862 1569 897 sunt

183 924 344 968 omnia.
371 922 496 967 Unde
520 932 583 967 est
596 921 793 966 malum?
819 925 887 966 An
909 922 1028 965 unde
1046 922 1150 966 fecit
1173 937 1246 977 ea,
1272 923 1470 967 materies
1493 923 1534 967 al
1546 921 1553 962 »Ϊ

180 1010 265 1055 qua
282 994 394 1038 mala
411 999 532 1048 erat‘,
559 1003 603 1037 et
626 992 832 1038 formavit
855 1002 985 1052 atque
1007 992 1225 1037 ordinavit
1246 1008 1363 1050 eam3
1382 993 1457 1037 sed
1479 994 1575 1037 reli-

178 1065 274 1123 quit
295 1064 460 1123 aliquid
476 1063 522 1106 in
543 1062 617 1106 illa
636 1098 646 1117 ‚
671 1062 792 1122 quod
815 1063 861 1105 in
880 1063 1048 1106 bonum
1063 1078 1152 1106 non
1168 1064 1468 1107 converteret?
1485 1066 1576 1109 Cur

182 1142 226 1177 et
246 1134 357 1177 boc?
392 1136 461 1176 An
478 1133 695 1190 impotens
727 1140 818 1174 erat
840 1140 977 1176 totam
999 1140 1166 1174 vertere
1199 1141 1242 1175 et
1277 1142 1568 1189 commutare,

181 1212 229 1247 ut
252 1202 363 1247 nihil
386 1201 489 1246 mali
504 1210 770 1255 remaneret,
788 1216 889 1244 cum
912 1201 965 1244 sit
988 1201 1133 1245 omnia
1148 1205 1330 1260 potens?
1351 1207 1574 1250 Postremo

182 1289 261 1318 cur
275 1273 378 1316 inde
397 1270 563 1331 aliquid
580 1269 722 1315 facere
739 1270 900 1325 voluit,
926 1287 975 1315 ac
992 1287 1080 1315 non
1099 1273 1243 1331 potius
1265 1273 1415 1318 eadem
1435 1276 1572 1319 omni-

184 1343 379 1405 potentia
401 1342 529 1397 fecit,
564 1351 614 1386 ut
644 1341 764 1386 nulla
782 1351 891 1386 esset
912 1342 1119 1387 omnino?
1141 1347 1230 1388 Aut
1262 1360 1365 1390 vero
1394 1346 1573 1391 existere

184 1422 355 1473 poterat
376 1421 527 1456 contra
549 1413 640 1471 ejus
671 1412 971 1456 voluntatem?
992 1416 1083 1457 Aut
1111 1413 1145 1457 si
1176 1423 1338 1459 aeterna
1360 1425 1466 1471 erat,
1494 1433 1573 1461 cur

184 1495 273 1530 tam
300 1484 375 1528 diu
392 1498 469 1543 per
503 1482 673 1527 infinita
698 1492 812 1527 retro
839 1484 974 1542 spatia
1000 1492 1247 1543 temporum
1271 1485 1330 1529 sic
1353 1501 1447 1531 eam
1475 1488 1573 1533 sivit

184 1570 290 1609 esse,
315 1570 364 1598 ac
389 1562 508 1598 tanto
520 1561 618 1612 post
631 1552 795 1612 placuit
813 1552 977 1613 aliquid
997 1568 1048 1596 ex
1064 1569 1111 1598 ea
1136 1555 1307 1599 facere?
1324 1559 1413 1601 Aut
1429 1558 1520 1617 jam
1538 1546 1573 1603 si

186 1624 352 1685 aliquid
371 1624 514 1668 subito
531 1623 670 1668 voluit
692 1637 816 1681 agere
832 1644 843 1681 3
867 1623 951 1667 hoc
973 1623 1116 1681 potius
1133 1634 1279 1683 ageret
1295 1627 1572 1686 omnipotens

186 1705 236 1739 ut
257 1694 330 1739 illa
348 1710 438 1739 non
459 1702 589 1749 esset,
620 1702 751 1753 atque
771 1693 861 1753 ipse
883 1693 999 1738 solus
1021 1703 1130 1739 esset
1151 1704 1295 1740 totum
1311 1731 1322 1752 ‚
1346 1713 1500 1743 verum
1527 1709 1570 1745 et

187 1780 405 1810 summum
429 1773 472 1808 et
510 1764 731 1808 infinitum
763 1765 945 1808 bonum.
968 1767 1057 1808 Aut
1084 1765 1118 1809 si
1138 1780 1229 1810 non
1259 1777 1350 1812 erat
1379 1769 1491 1813 bene
1520 1779 1570 1814 ut

188 1852 276 1880 non
300 1834 465 1894 aliquid
488 1834 590 1878 boni
610 1834 740 1878 etiam
760 1832 1068 1891 fabricaretur,
1094 1845 1138 1880 et
1158 1836 1366 1883 conderet
1392 1841 1468 1900 qui
1489 1841 1569 1885 bo-

188 1921 269 1950 nus
293 1913 385 1949 erat
401 1939 412 1959 ‚
436 1904 508 1947 illa
535 1903 704 1948 su'blata
726 1913 769 1948 et
787 1904 841 1948 ad
859 1905 1047 1949 nihilum
1069 1907 1241 1952 redacta
1257 1910 1435 1954 materia
1469 1928 1569 1972 quae

187 1975 301 2020 mala
322 1983 434 2029 erat,
475 1975 636 2018 bonam
670 1975 760 2033 ipse
788 1975 1032 2020 institueret
1054 1976 1172 2021 unde
1206 1980 1350 2024 omnia
1382 1992 1564 2027 crearet.

187 2049 284 2092 Non
306 2045 422 2089 enim
448 2053 557 2088 esset
588 2044 888 2104 omnipotens,
919 2046 954 2089 si
985 2045 1173 2091 condere
1194 2063 1284 2093 non
1316 2060 1458 2109 posset
1487 2052 1568 2097 ali-

188 2117 294 2177 quid
327 2116 455 2170 boni,
501 2116 580 2160 nisi
616 2131 664 2159 ea
682 2151 693 2170 ‚
734 2131 868 2176 quam
884 2117 976 2176 ipse
1014 2133 1103 2162 non
1123 2119 1378 2166 condiderat
1392 2157 1403 2178 ‚
1441 2124 1568 2185 adju-

190 2195 368 2231 varetur
395 2185 589 2230 materia.
627 2185 742 2229 Talia
770 2186 998 2231 volvebam
1022 2198 1198 2247 pectore
1225 2191 1402 2247 misero,
1432 2193 1570 2252 ingra-

191 2256 338 2301 vidato
374 2255 485 2299 curis
512 2256 839 2300 mordacissimis
854 2256 908 2300 de
929 2257 1085 2301 timore
1108 2260 1275 2315 mortis,
1313 2270 1356 2305 et
1378 2277 1466 2307 non
1498 2264 1570 2309 in-

192 2336 321 2371 venta
346 2326 554 2370 veritate:
588 2326 798 2371 stabiliter
819 2337 965 2372 tamen
985 2329 1179 2374 haerebat
1206 2332 1250 2374 in
1278 2331 1408 2376 corde
1443 2350 1566 2391 meo,

193 2399 238 2441 in
257 2396 468 2441 catholica
489 2396 680 2440 Ecclesia
702 2396 808 2441 fides
829 2398 988 2442 Christi
1004 2399 1069 2443 tui
1090 2399 1262 2444 Domini
1279 2410 1322 2445 et
1344 2403 1574 2451 Salvatoris

196 2468 331 2512 nostri
349 2502 360 2522 ‚
396 2468 442 2510 in
471 2467 619 2511 multis
633 2467 812 2527 quidem
835 2467 978 2513 adhuc
991 2467 1188 2514 informis
1201 2505 1212 2525 ‚
1232 2480 1275 2515 et
1296 2481 1453 2531 praeter
1474 2475 1573 2521 doc—

197 2538 322 2583 trinae
343 2551 541 2581 normam
557 2537 733 2581 fluitans
757 2572 767 2593 ,
793 2536 869 2581 sed
890 2546 1035 2583 tamen
1058 2553 1153 2583 eam
1184 2555 1275 2585 non
1294 2541 1570 2605 relinquebat

199 2608 384 2664 animus,
398 2607 487 2653 imo
497 2606 543 2652 in
559 2605 649 2653 dies
660 2607 794 2667 magis
808 2607 1031 2669 magisque
1051 2608 1312 2658 imbibebat.

1335 2683 1400 2725 10.
