<?xml version="1.0" encoding="UTF-8"?>
<!DOCTYPE html PUBLIC "-//W3C//DTD XHTML 1.0 Transitional//EN"
    "http://www.w3.org/TR/xhtml1/DTD/xhtml1-transitional.dtd">
<html xmlns="http://www.w3.org/1999/xhtml" xml:lang="en" lang="en">
 <head>
  <title>
</title>
<meta http-equiv="Content-Type" content="text/html;charset=utf-8" />
  <meta name='ocr-system' content='tesseract 3.04.00' />
  <meta name='ocr-capabilities' content='ocr_page ocr_carea ocr_par ocr_line ocrx_word'/>
</head>
<body>
  <div class='ocr_page' id='page_1' title='image "./operaomniaaccura25auguuoft_0193.png"; bbox 0 0 1871 3162; ppageno 0'>
   <div class='ocr_carea' id='block_1_1' title="bbox 638 207 1604 254">
    <p class='ocr_par' dir='ltr' id='par_1_1' title="bbox 638 207 1604 254">
     <span class='ocr_line' id='line_1_1' title="bbox 638 207 1604 254; baseline -0.002 -6"><span class='ocrx_word' id='word_1_1' title='bbox 638 215 985 254; x_wconf 66' lang='lat' dir='ltr'>com-Essmnuu,</span> <span class='ocrx_word' id='word_1_2' title='bbox 1021 217 1102 245; x_wconf 74' lang='lat' dir='ltr'>Lm.</span> <span class='ocrx_word' id='word_1_3' title='bbox 1138 216 1233 246; x_wconf 85' lang='lat' dir='ltr'>vm.</span> <span class='ocrx_word' id='word_1_4' title='bbox 1521 207 1604 247; x_wconf 86' lang='lat'>183</span> 
     </span>
    </p>
   </div>
   <div class='ocr_carea' id='block_1_2' title="bbox 222 280 1618 903">
    <p class='ocr_par' dir='ltr' id='par_1_2' title="bbox 222 280 1618 903">
     <span class='ocr_line' id='line_1_2' title="bbox 230 280 1609 344; baseline 0 -18"><span class='ocrx_word' id='word_1_5' title='bbox 230 302 252 326; x_wconf 91' lang='lat'>»</span> <span class='ocrx_word' id='word_1_6' title='bbox 286 284 517 344; x_wconf 83' lang='lat' dir='ltr'>periculis?</span> <span class='ocrx_word' id='word_1_7' title='bbox 538 285 593 328; x_wconf 86' lang='lat' dir='ltr'>Et</span> <span class='ocrx_word' id='word_1_8' title='bbox 615 298 691 343; x_wconf 91' lang='lat' dir='ltr'>per</span> <span class='ocrx_word' id='word_1_9' title='bbox 712 291 821 343; x_wconf 91' lang='lat' dir='ltr'>quot</span> <span class='ocrx_word' id='word_1_10' title='bbox 838 281 1027 342; x_wconf 88' lang='lat' dir='ltr'>pericula</span> <span class='ocrx_word' id='word_1_11' title='bbox 1054 281 1306 340; x_wconf 87' lang='lat' dir='ltr'>pervenitur</span> <span class='ocrx_word' id='word_1_12' title='bbox 1328 280 1382 325; x_wconf 92' lang='lat' dir='ltr'>ad</span> <span class='ocrx_word' id='word_1_13' title='bbox 1405 283 1609 340; x_wconf 85' lang='lat' dir='ltr'>grandius</span> 
     </span>
     <span class='ocr_line' id='line_1_3' title="bbox 228 350 1609 414; baseline -0.001 -19"><span class='ocrx_word' id='word_1_14' title='bbox 228 372 250 396; x_wconf 89' lang='lat'>»</span> <span class='ocrx_word' id='word_1_15' title='bbox 285 353 558 414; x_wconf 85' lang='lat' dir='ltr'>periculum?</span> <span class='ocrx_word' id='word_1_16' title='bbox 581 355 638 397; x_wconf 92' lang='lat' dir='ltr'>Et</span> <span class='ocrx_word' id='word_1_17' title='bbox 660 352 836 412; x_wconf 90' lang='lat' dir='ltr'>quando</span> <span class='ocrx_word' id='word_1_18' title='bbox 870 352 983 395; x_wconf 89' lang='lat' dir='ltr'>istuc</span> <span class='ocrx_word' id='word_1_19' title='bbox 1005 351 1117 394; x_wconf 80' lang='lat' dir='ltr'>erit?</span> <span class='ocrx_word' id='word_1_20' title='bbox 1147 350 1322 394; x_wconf 85' lang='lat' dir='ltr'><strong>Amicus</strong></span> <span class='ocrx_word' id='word_1_21' title='bbox 1357 358 1501 393; x_wconf 89' lang='lat' dir='ltr'>autem</span> <span class='ocrx_word' id='word_1_22' title='bbox 1531 352 1609 394; x_wconf 91' lang='lat' dir='ltr'>Dei</span> 
     </span>
     <span class='ocr_line' id='line_1_4' title="bbox 230 419 1606 477; baseline -0.001 -13"><span class='ocrx_word' id='word_1_23' title='bbox 230 442 250 464; x_wconf 85' lang='lat'>»</span> <span class='ocrx_word' id='word_1_24' title='bbox 285 424 318 467; x_wconf 90' lang='lat' dir='ltr'>si</span> <span class='ocrx_word' id='word_1_25' title='bbox 343 422 521 467; x_wconf 88' lang='lat' dir='ltr'>voluero</span> <span class='ocrx_word' id='word_1_26' title='bbox 535 457 545 477; x_wconf 85' lang='lat'>‚</span> <span class='ocrx_word' id='word_1_27' title='bbox 571 437 670 466; x_wconf 90' lang='lat' dir='ltr'>ecce</span> <span class='ocrx_word' id='word_1_28' title='bbox 692 437 809 465; x_wconf 90' lang='lat' dir='ltr'>nunc</span> <span class='ocrx_word' id='word_1_29' title='bbox 828 422 900 465; x_wconf 92' lang='lat' dir='ltr'>fio.</span> <span class='ocrx_word' id='word_1_30' title='bbox 925 439 944 461; x_wconf 87' lang='lat'>»</span> <span class='ocrx_word' id='word_1_31' title='bbox 971 420 1084 464; x_wconf 78' lang='lat' dir='ltr'>Dixit</span> <span class='ocrx_word' id='word_1_32' title='bbox 1099 420 1199 473; x_wconf 80' lang='lat' dir='ltr'>hoc⁷</span> <span class='ocrx_word' id='word_1_33' title='bbox 1220 428 1262 462; x_wconf 91' lang='lat' dir='ltr'>et</span> <span class='ocrx_word' id='word_1_34' title='bbox 1284 419 1484 462; x_wconf 88' lang='lat' dir='ltr'>turbidus</span> <span class='ocrx_word' id='word_1_35' title='bbox 1506 434 1606 477; x_wconf 86' lang='lat' dir='ltr'>par-</span> 
     </span>
     <span class='ocr_line' id='line_1_5' title="bbox 225 488 1608 549; baseline -0.004 -12"><span class='ocrx_word' id='word_1_36' title='bbox 225 493 429 537; x_wconf 88' lang='lat' dir='ltr'>turitione</span> <span class='ocrx_word' id='word_1_37' title='bbox 451 508 574 537; x_wconf 84' lang='lat' dir='ltr'>novae</span> <span class='ocrx_word' id='word_1_38' title='bbox 609 492 730 545; x_wconf 86' lang='lat' dir='ltr'>vitae,</span> <span class='ocrx_word' id='word_1_39' title='bbox 770 490 958 535; x_wconf 77' lang='lat' dir='ltr'>reddidit</span> <span class='ocrx_word' id='word_1_40' title='bbox 979 490 1127 535; x_wconf 89' lang='lat' dir='ltr'>oculos</span> <span class='ocrx_word' id='word_1_41' title='bbox 1158 490 1344 549; x_wconf 82' lang='lat' dir='ltr'>paginiS,</span> <span class='ocrx_word' id='word_1_42' title='bbox 1371 499 1412 532; x_wconf 86' lang='lat' dir='ltr'>et</span> <span class='ocrx_word' id='word_1_43' title='bbox 1434 488 1608 547; x_wconf 84' lang='lat' dir='ltr'>legebat</span> 
     </span>
     <span class='ocr_line' id='line_1_6' title="bbox 226 559 1616 614; baseline -0.004 -8"><span class='ocrx_word' id='word_1_44' title='bbox 226 572 268 606; x_wconf 91' lang='lat' dir='ltr'>et</span> <span class='ocrx_word' id='word_1_45' title='bbox 296 562 548 606; x_wconf 81' lang='lat' dir='ltr'>mutabatur</span> <span class='ocrx_word' id='word_1_46' title='bbox 575 563 692 606; x_wconf 89' lang='lat' dir='ltr'>intus</span> <span class='ocrx_word' id='word_1_47' title='bbox 711 562 788 605; x_wconf 87' lang='lat' dir='ltr'>ubi</span> <span class='ocrx_word' id='word_1_48' title='bbox 811 571 860 605; x_wconf 88' lang='lat' dir='ltr'>tu</span> <span class='ocrx_word' id='word_1_49' title='bbox 887 560 1068 605; x_wconf 77' lang='lat' dir='ltr'>videbas</span> <span class='ocrx_word' id='word_1_50' title='bbox 1088 595 1098 614; x_wconf 85' lang='lat'>‚</span> <span class='ocrx_word' id='word_1_51' title='bbox 1119 569 1162 603; x_wconf 91' lang='lat' dir='ltr'>ct</span> <span class='ocrx_word' id='word_1_52' title='bbox 1189 559 1426 603; x_wconf 74' lang='lat' dir='ltr'>exuebatur</span> <span class='ocrx_word' id='word_1_53' title='bbox 1448 559 1616 602; x_wconf 91' lang='lat' dir='ltr'>mundo</span> 
     </span>
     <span class='ocr_line' id='line_1_7' title="bbox 223 629 1618 692; baseline -0.003 -16"><span class='ocrx_word' id='word_1_54' title='bbox 223 648 347 677; x_wconf 90' lang='lat' dir='ltr'>mens</span> <span class='ocrx_word' id='word_1_55' title='bbox 368 634 482 692; x_wconf 82' lang='lat' dir='ltr'>ejus,</span> <span class='ocrx_word' id='word_1_56' title='bbox 509 642 558 676; x_wconf 90' lang='lat' dir='ltr'>ut</span> <span class='ocrx_word' id='word_1_57' title='bbox 580 649 680 677; x_wconf 83' lang='lat' dir='ltr'>mox</span> <span class='ocrx_word' id='word_1_58' title='bbox 703 633 928 692; x_wconf 89' lang='lat' dir='ltr'>apparuit.</span> <span class='ocrx_word' id='word_1_59' title='bbox 960 634 1158 690; x_wconf 83' lang='lat' dir='ltr'><strong>Namque</strong></span> <span class='ocrx_word' id='word_1_60' title='bbox 1180 630 1284 673; x_wconf 90' lang='lat' dir='ltr'>dum</span> <span class='ocrx_word' id='word_1_61' title='bbox 1304 629 1409 688; x_wconf 85' lang='lat' dir='ltr'>legit</span> <span class='ocrx_word' id='word_1_62' title='bbox 1425 639 1468 673; x_wconf 91' lang='lat' dir='ltr'>et</span> <span class='ocrx_word' id='word_1_63' title='bbox 1484 629 1618 673; x_wconf 91' lang='lat' dir='ltr'>volvit</span> 
     </span>
     <span class='ocr_line' id='line_1_8' title="bbox 223 700 1614 762; baseline -0.003 -15"><span class='ocrx_word' id='word_1_64' title='bbox 223 703 382 748; x_wconf 90' lang='lat' dir='ltr'>fluctus</span> <span class='ocrx_word' id='word_1_65' title='bbox 405 703 545 748; x_wconf 90' lang='lat' dir='ltr'>cordis</span> <span class='ocrx_word' id='word_1_66' title='bbox 571 704 659 759; x_wconf 84' lang='lat' dir='ltr'>sui,</span> <span class='ocrx_word' id='word_1_67' title='bbox 684 704 914 748; x_wconf 88' lang='lat' dir='ltr'>infremuit</span> <span class='ocrx_word' id='word_1_68' title='bbox 943 700 1176 762; x_wconf 90' lang='lat' dir='ltr'>aliquando</span> <span class='ocrx_word' id='word_1_69' title='bbox 1202 710 1245 745; x_wconf 89' lang='lat' dir='ltr'>et</span> <span class='ocrx_word' id='word_1_70' title='bbox 1276 700 1501 755; x_wconf 85' lang='lat' dir='ltr'>discrevit,</span> <span class='ocrx_word' id='word_1_71' title='bbox 1536 701 1614 744; x_wconf 91' lang='lat' dir='ltr'>de-</span> 
     </span>
     <span class='ocr_line' id='line_1_9' title="bbox 223 772 1614 834; baseline -0.004 -16"><span class='ocrx_word' id='word_1_72' title='bbox 223 774 446 833; x_wconf 88' lang='lat' dir='ltr'>crevitque</span> <span class='ocrx_word' id='word_1_73' title='bbox 467 773 646 818; x_wconf 86' lang='lat' dir='ltr'>meliora</span> <span class='ocrx_word' id='word_1_74' title='bbox 661 795 671 831; x_wconf 76' lang='lat'>3</span> <span class='ocrx_word' id='word_1_75' title='bbox 688 774 870 834; x_wconf 87' lang='lat' dir='ltr'>jamque</span> <span class='ocrx_word' id='word_1_76' title='bbox 891 782 1008 828; x_wconf 82' lang='lat' dir='ltr'>tuus,</span> <span class='ocrx_word' id='word_1_77' title='bbox 1030 773 1090 816; x_wconf 86' lang='lat' dir='ltr'>ait</span> <span class='ocrx_word' id='word_1_78' title='bbox 1106 773 1246 816; x_wconf 90' lang='lat' dir='ltr'>amico</span> <span class='ocrx_word' id='word_1_79' title='bbox 1261 787 1366 830; x_wconf 77' lang='lat' dir='ltr'>suo3</span> <span class='ocrx_word' id='word_1_80' title='bbox 1390 773 1516 830; x_wconf 87' lang='lat' dir='ltr'>«Ego</span> <span class='ocrx_word' id='word_1_81' title='bbox 1527 772 1614 831; x_wconf 83' lang='lat' dir='ltr'>jam</span> 
     </span>
     <span class='ocr_line' id='line_1_10' title="bbox 222 842 1614 903; baseline 0.001 -18"><span class='ocrx_word' id='word_1_82' title='bbox 222 860 244 885; x_wconf 83' lang='lat'>»</span> <span class='ocrx_word' id='word_1_83' title='bbox 280 844 436 902; x_wconf 86' lang='lat' dir='ltr'>abrupi</span> <span class='ocrx_word' id='word_1_84' title='bbox 466 856 536 887; x_wconf 88' lang='lat' dir='ltr'>me</span> <span class='ocrx_word' id='word_1_85' title='bbox 559 844 613 887; x_wconf 88' lang='lat' dir='ltr'>ab</span> <span class='ocrx_word' id='word_1_86' title='bbox 636 842 709 887; x_wconf 87' lang='lat' dir='ltr'>illa</span> <span class='ocrx_word' id='word_1_87' title='bbox 731 858 806 903; x_wconf 91' lang='lat' dir='ltr'>spe</span> <span class='ocrx_word' id='word_1_88' title='bbox 829 852 974 888; x_wconf 89' lang='lat' dir='ltr'>nostra</span> <span class='ocrx_word' id='word_1_89' title='bbox 991 878 1002 898; x_wconf 86' lang='lat'><strong>‚</strong></span> <span class='ocrx_word' id='word_1_90' title='bbox 1036 851 1079 887; x_wconf 89' lang='lat' dir='ltr'>et</span> <span class='ocrx_word' id='word_1_91' title='bbox 1096 845 1187 887; x_wconf 92' lang='lat' dir='ltr'>Deo</span> <span class='ocrx_word' id='word_1_92' title='bbox 1208 843 1365 886; x_wconf 87' lang='lat' dir='ltr'>servire</span> <span class='ocrx_word' id='word_1_93' title='bbox 1386 843 1544 897; x_wconf 86' lang='lat' dir='ltr'>statui,</span> <span class='ocrx_word' id='word_1_94' title='bbox 1571 853 1614 888; x_wconf 94' lang='lat' dir='ltr'>et</span> 
     </span>
    </p>
   </div>
   <div class='ocr_carea' id='block_1_3' title="bbox 216 913 1610 2079">
    <p class='ocr_par' dir='ltr' id='par_1_3' title="bbox 216 913 1610 2079">
     <span class='ocr_line' id='line_1_11' title="bbox 223 913 1610 972; baseline -0.001 -16"><span class='ocrx_word' id='word_1_95' title='bbox 223 931 245 956; x_wconf 71' lang='lat' dir='ltr'>n</span> <span class='ocrx_word' id='word_1_96' title='bbox 279 914 363 958; x_wconf 89' lang='lat' dir='ltr'>hoc</span> <span class='ocrx_word' id='word_1_97' title='bbox 388 929 438 957; x_wconf 81' lang='lat' dir='ltr'>ex</span> <span class='ocrx_word' id='word_1_98' title='bbox 459 914 564 958; x_wconf 88' lang='lat' dir='ltr'>hora</span> <span class='ocrx_word' id='word_1_99' title='bbox 583 913 666 958; x_wconf 89' lang='lat' dir='ltr'>hac</span> <span class='ocrx_word' id='word_1_100' title='bbox 689 913 734 957; x_wconf 92' lang='lat' dir='ltr'>in</span> <span class='ocrx_word' id='word_1_101' title='bbox 757 913 956 958; x_wconf 91' lang='lat' dir='ltr'>hocloco</span> <span class='ocrx_word' id='word_1_102' title='bbox 974 913 1214 971; x_wconf 83' lang='lat' dir='ltr'>aggredior.</span> <span class='ocrx_word' id='word_1_103' title='bbox 1245 915 1302 957; x_wconf 92' lang='lat' dir='ltr'>Te</span> <span class='ocrx_word' id='word_1_104' title='bbox 1323 913 1357 956; x_wconf 92' lang='lat' dir='ltr'>si</span> <span class='ocrx_word' id='word_1_105' title='bbox 1379 913 1496 972; x_wconf 86' lang='lat' dir='ltr'>piget</span> <span class='ocrx_word' id='word_1_106' title='bbox 1517 913 1610 956; x_wconf 86' lang='lat' dir='ltr'>imi-</span> 
     </span>
     <span class='ocr_line' id='line_1_12' title="bbox 222 981 1609 1041; baseline 0.001 -17"><span class='ocrx_word' id='word_1_107' title='bbox 222 1000 244 1024; x_wconf 83' lang='lat'>»</span> <span class='ocrx_word' id='word_1_108' title='bbox 282 983 376 1038; x_wconf 84' lang='lat' dir='ltr'>tari,</span> <span class='ocrx_word' id='word_1_109' title='bbox 398 981 488 1027; x_wconf 89' lang='lat' dir='ltr'>noli</span> <span class='ocrx_word' id='word_1_110' title='bbox 510 982 1020 1041; x_wconf 84' lang='lat' dir='ltr'>adversari.»Respondit</span> <span class='ocrx_word' id='word_1_111' title='bbox 1034 982 1123 1037; x_wconf 90' lang='lat' dir='ltr'>ille,</span> <span class='ocrx_word' id='word_1_112' title='bbox 1139 981 1360 1025; x_wconf 86' lang='lat' dir='ltr'>adhaerere</span> <span class='ocrx_word' id='word_1_113' title='bbox 1377 997 1420 1025; x_wconf 86' lang='lat' dir='ltr'>se</span> <span class='ocrx_word' id='word_1_114' title='bbox 1444 983 1609 1026; x_wconf 88' lang='lat' dir='ltr'>socium</span> 
     </span>
     <span class='ocr_line' id='line_1_13' title="bbox 220 1052 1608 1113; baseline -0.001 -16"><span class='ocrx_word' id='word_1_115' title='bbox 220 1062 355 1097; x_wconf 86' lang='lat' dir='ltr'>tantae</span> <span class='ocrx_word' id='word_1_116' title='bbox 377 1053 587 1097; x_wconf 87' lang='lat' dir='ltr'>mercedis</span> <span class='ocrx_word' id='word_1_117' title='bbox 608 1063 830 1113; x_wconf 81' lang='lat' dir='ltr'>tantaeque</span> <span class='ocrx_word' id='word_1_118' title='bbox 854 1052 1034 1096; x_wconf 88' lang='lat' dir='ltr'>militiae.</span> <span class='ocrx_word' id='word_1_119' title='bbox 1062 1056 1117 1096; x_wconf 91' lang='lat' dir='ltr'>Et</span> <span class='ocrx_word' id='word_1_120' title='bbox 1140 1052 1267 1096; x_wconf 89' lang='lat' dir='ltr'>ambo</span> <span class='ocrx_word' id='word_1_121' title='bbox 1290 1053 1380 1111; x_wconf 84' lang='lat' dir='ltr'>jam</span> <span class='ocrx_word' id='word_1_122' title='bbox 1404 1052 1468 1096; x_wconf 91' lang='lat' dir='ltr'>tui</span> <span class='ocrx_word' id='word_1_123' title='bbox 1499 1052 1608 1096; x_wconf 82' lang='lat' dir='ltr'>aedi-</span> 
     </span>
     <span class='ocr_line' id='line_1_14' title="bbox 219 1121 1609 1182; baseline 0 -15"><span class='ocrx_word' id='word_1_124' title='bbox 219 1124 410 1167; x_wconf 86' lang='lat' dir='ltr'>ficabant</span> <span class='ocrx_word' id='word_1_125' title='bbox 445 1123 598 1166; x_wconf 87' lang='lat' dir='ltr'>turrim</span> <span class='ocrx_word' id='word_1_126' title='bbox 628 1132 805 1181; x_wconf 81' lang='lat' dir='ltr'>sumptu</span> <span class='ocrx_word' id='word_1_127' title='bbox 827 1123 987 1166; x_wconf 86' lang='lat' dir='ltr'>idoneo</span> <span class='ocrx_word' id='word_1_128' title='bbox 1010 1121 1283 1182; x_wconf 89' lang='lat' dir='ltr'>relinquendi</span> <span class='ocrx_word' id='word_1_129' title='bbox 1301 1123 1445 1166; x_wconf 90' lang='lat' dir='ltr'>omnia</span> <span class='ocrx_word' id='word_1_130' title='bbox 1468 1137 1542 1166; x_wconf 88' lang='lat' dir='ltr'>sua</span> <span class='ocrx_word' id='word_1_131' title='bbox 1566 1132 1609 1167; x_wconf 90' lang='lat' dir='ltr'>et</span> 
     </span>
     <span class='ocr_line' id='line_1_15' title="bbox 218 1191 1608 1253; baseline -0.001 -16"><span class='ocrx_word' id='word_1_132' title='bbox 218 1193 434 1253; x_wconf 86' lang='lat' dir='ltr'>sequendi</span> <span class='ocrx_word' id='word_1_133' title='bbox 458 1203 500 1237; x_wconf 89' lang='lat' dir='ltr'>te</span> <span class='ocrx_word' id='word_1_134' title='bbox 516 1195 546 1236; x_wconf 82' lang='lat'>1.</span> <span class='ocrx_word' id='word_1_135' title='bbox 574 1195 684 1236; x_wconf 90' lang='lat' dir='ltr'>Tum</span> <span class='ocrx_word' id='word_1_136' title='bbox 702 1193 1000 1248; x_wconf 86' lang='lat' dir='ltr'>Pontitianus,</span> <span class='ocrx_word' id='word_1_137' title='bbox 1028 1202 1070 1236; x_wconf 91' lang='lat' dir='ltr'>et</span> <span class='ocrx_word' id='word_1_138' title='bbox 1091 1193 1167 1252; x_wconf 92' lang='lat' dir='ltr'>qui</span> <span class='ocrx_word' id='word_1_139' title='bbox 1196 1207 1297 1236; x_wconf 90' lang='lat' dir='ltr'>cum</span> <span class='ocrx_word' id='word_1_140' title='bbox 1327 1207 1378 1236; x_wconf 87' lang='lat' dir='ltr'>eo</span> <span class='ocrx_word' id='word_1_141' title='bbox 1404 1208 1482 1251; x_wconf 88' lang='lat' dir='ltr'>per</span> <span class='ocrx_word' id='word_1_142' title='bbox 1504 1191 1608 1236; x_wconf 88' lang='lat' dir='ltr'>alias</span> 
     </span>
     <span class='ocr_line' id='line_1_16' title="bbox 218 1262 1606 1322; baseline 0 -16"><span class='ocrx_word' id='word_1_143' title='bbox 218 1263 334 1307; x_wconf 85' lang='lat' dir='ltr'>horti</span> <span class='ocrx_word' id='word_1_144' title='bbox 359 1271 500 1322; x_wconf 86' lang='lat' dir='ltr'>partes</span> <span class='ocrx_word' id='word_1_145' title='bbox 521 1262 863 1307; x_wconf 81' lang='lat' dir='ltr'>deambulabant</span> <span class='ocrx_word' id='word_1_146' title='bbox 881 1299 891 1318; x_wconf 80' lang='lat'>,</span> <span class='ocrx_word' id='word_1_147' title='bbox 917 1272 1159 1322; x_wconf 87' lang='lat' dir='ltr'>quaerentes</span> <span class='ocrx_word' id='word_1_148' title='bbox 1182 1278 1253 1307; x_wconf 90' lang='lat' dir='ltr'>eos</span> <span class='ocrx_word' id='word_1_149' title='bbox 1274 1262 1545 1307; x_wconf 91' lang='lat' dir='ltr'>devenerunt</span> <span class='ocrx_word' id='word_1_150' title='bbox 1561 1263 1606 1306; x_wconf 92' lang='lat' dir='ltr'>in</span> 
     </span>
     <span class='ocr_line' id='line_1_17' title="bbox 218 1332 1602 1388; baseline 0 -11"><span class='ocrx_word' id='word_1_151' title='bbox 218 1333 421 1377; x_wconf 89' lang='lat' dir='ltr'>eumdem</span> <span class='ocrx_word' id='word_1_152' title='bbox 442 1332 605 1388; x_wconf 86' lang='lat' dir='ltr'>locum,</span> <span class='ocrx_word' id='word_1_153' title='bbox 626 1343 669 1377; x_wconf 89' lang='lat' dir='ltr'>et</span> <span class='ocrx_word' id='word_1_154' title='bbox 690 1334 958 1378; x_wconf 89' lang='lat' dir='ltr'>invenientes</span> <span class='ocrx_word' id='word_1_155' title='bbox 976 1334 1300 1378; x_wconf 86' lang='lat' dir='ltr'>admonuerunt</span> <span class='ocrx_word' id='word_1_156' title='bbox 1323 1343 1373 1377; x_wconf 92' lang='lat' dir='ltr'>ut</span> <span class='ocrx_word' id='word_1_157' title='bbox 1394 1333 1602 1388; x_wconf 84' lang='lat' dir='ltr'>redirent,</span> 
     </span>
     <span class='ocr_line' id='line_1_18' title="bbox 218 1402 1604 1464; baseline 0.001 -17"><span class='ocrx_word' id='word_1_158' title='bbox 218 1403 338 1464; x_wconf 85' lang='lat' dir='ltr'>quod</span> <span class='ocrx_word' id='word_1_159' title='bbox 360 1402 616 1448; x_wconf 90' lang='lat' dir='ltr'>declinasset</span> <span class='ocrx_word' id='word_1_160' title='bbox 639 1404 742 1448; x_wconf 89' lang='lat' dir='ltr'>dies.</span> <span class='ocrx_word' id='word_1_161' title='bbox 770 1407 826 1448; x_wconf 86' lang='lat' dir='ltr'>At</span> <span class='ocrx_word' id='word_1_162' title='bbox 858 1404 920 1448; x_wconf 89' lang='lat' dir='ltr'>illi</span> <span class='ocrx_word' id='word_1_163' title='bbox 942 1413 1116 1449; x_wconf 89' lang='lat' dir='ltr'>narrato</span> <span class='ocrx_word' id='word_1_164' title='bbox 1139 1403 1299 1463; x_wconf 86' lang='lat' dir='ltr'>placito</span> <span class='ocrx_word' id='word_1_165' title='bbox 1320 1413 1363 1448; x_wconf 86' lang='lat' dir='ltr'>et</span> <span class='ocrx_word' id='word_1_166' title='bbox 1384 1405 1604 1463; x_wconf 89' lang='lat' dir='ltr'>proposito</span> 
     </span>
     <span class='ocr_line' id='line_1_19' title="bbox 218 1472 1604 1534; baseline 0.001 -17"><span class='ocrx_word' id='word_1_167' title='bbox 218 1488 297 1517; x_wconf 91' lang='lat' dir='ltr'>suo</span> <span class='ocrx_word' id='word_1_168' title='bbox 314 1509 324 1528; x_wconf 90' lang='lat'>‚</span> <span class='ocrx_word' id='word_1_169' title='bbox 350 1488 526 1533; x_wconf 88' lang='lat' dir='ltr'>quoque</span> <span class='ocrx_word' id='word_1_170' title='bbox 552 1472 684 1518; x_wconf 91' lang='lat' dir='ltr'>modo</span> <span class='ocrx_word' id='word_1_171' title='bbox 706 1475 751 1517; x_wconf 92' lang='lat' dir='ltr'>in</span> <span class='ocrx_word' id='word_1_172' title='bbox 775 1474 833 1518; x_wconf 86' lang='lat' dir='ltr'>eis</span> <span class='ocrx_word' id='word_1_173' title='bbox 866 1474 962 1519; x_wconf 86' lang='lat' dir='ltr'>talis</span> <span class='ocrx_word' id='word_1_174' title='bbox 990 1474 1192 1519; x_wconf 87' lang='lat' dir='ltr'>voluntas</span> <span class='ocrx_word' id='word_1_175' title='bbox 1214 1483 1306 1518; x_wconf 91' lang='lat' dir='ltr'>orta</span> <span class='ocrx_word' id='word_1_176' title='bbox 1338 1484 1447 1518; x_wconf 89' lang='lat' dir='ltr'>esset</span> <span class='ocrx_word' id='word_1_177' title='bbox 1473 1483 1604 1534; x_wconf 88' lang='lat' dir='ltr'>atque</span> 
     </span>
     <span class='ocr_line' id='line_1_20' title="bbox 217 1543 1603 1604; baseline 0.002 -18"><span class='ocrx_word' id='word_1_178' title='bbox 217 1543 408 1597; x_wconf 88' lang='lat' dir='ltr'>firmata,</span> <span class='ocrx_word' id='word_1_179' title='bbox 434 1544 681 1602; x_wconf 88' lang='lat' dir='ltr'>petiverunt</span> <span class='ocrx_word' id='word_1_180' title='bbox 704 1559 758 1587; x_wconf 90' lang='lat' dir='ltr'>ne</span> <span class='ocrx_word' id='word_1_181' title='bbox 784 1543 864 1587; x_wconf 91' lang='lat' dir='ltr'>sibi</span> <span class='ocrx_word' id='word_1_182' title='bbox 887 1543 1057 1588; x_wconf 87' lang='lat' dir='ltr'>molesti</span> <span class='ocrx_word' id='word_1_183' title='bbox 1078 1554 1241 1595; x_wconf 77' lang='lat' dir='ltr'>essent,</span> <span class='ocrx_word' id='word_1_184' title='bbox 1277 1546 1310 1588; x_wconf 90' lang='lat' dir='ltr'>si</span> <span class='ocrx_word' id='word_1_185' title='bbox 1333 1544 1510 1604; x_wconf 83' lang='lat' dir='ltr'>adjungi</span> <span class='ocrx_word' id='word_1_186' title='bbox 1532 1560 1603 1589; x_wconf 85' lang='lat' dir='ltr'>re—</span> 
     </span>
     <span class='ocr_line' id='line_1_21' title="bbox 217 1613 1602 1673; baseline 0.001 -17"><span class='ocrx_word' id='word_1_187' title='bbox 217 1622 431 1657; x_wconf 86' lang='lat' dir='ltr'>cusarent.</span> <span class='ocrx_word' id='word_1_188' title='bbox 460 1613 533 1656; x_wconf 87' lang='lat' dir='ltr'>Isti</span> <span class='ocrx_word' id='word_1_189' title='bbox 553 1622 697 1657; x_wconf 91' lang='lat' dir='ltr'>autem</span> <span class='ocrx_word' id='word_1_190' title='bbox 719 1613 858 1658; x_wconf 89' lang='lat' dir='ltr'>nihilo</span> <span class='ocrx_word' id='word_1_191' title='bbox 880 1614 1035 1657; x_wconf 85' lang='lat' dir='ltr'>mutati</span> <span class='ocrx_word' id='word_1_192' title='bbox 1058 1629 1080 1657; x_wconf 94' lang='lat' dir='ltr'>a</span> <span class='ocrx_word' id='word_1_193' title='bbox 1100 1614 1304 1673; x_wconf 88' lang='lat' dir='ltr'>pristinis,</span> <span class='ocrx_word' id='word_1_194' title='bbox 1325 1614 1541 1658; x_wconf 80' lang='lat' dir='ltr'>fleverunt</span> <span class='ocrx_word' id='word_1_195' title='bbox 1558 1629 1602 1658; x_wconf 90' lang='lat' dir='ltr'>se</span> 
     </span>
     <span class='ocr_line' id='line_1_22' title="bbox 218 1683 1602 1744; baseline 0.001 -17"><span class='ocrx_word' id='word_1_196' title='bbox 218 1693 381 1738; x_wconf 85' lang='lat' dir='ltr'>tamen,</span> <span class='ocrx_word' id='word_1_197' title='bbox 413 1693 462 1728; x_wconf 91' lang='lat' dir='ltr'>ut</span> <span class='ocrx_word' id='word_1_198' title='bbox 496 1684 666 1729; x_wconf 85' lang='lat' dir='ltr'>dicebat</span> <span class='ocrx_word' id='word_1_199' title='bbox 686 1719 696 1739; x_wconf 90' lang='lat'>,</span> <span class='ocrx_word' id='word_1_200' title='bbox 737 1693 868 1744; x_wconf 89' lang='lat' dir='ltr'>atque</span> <span class='ocrx_word' id='word_1_201' title='bbox 894 1683 977 1728; x_wconf 81' lang='lat' dir='ltr'>ilh&#39;s</span> <span class='ocrx_word' id='word_1_202' title='bbox 1007 1685 1076 1744; x_wconf 92' lang='lat' dir='ltr'>pie</span> <span class='ocrx_word' id='word_1_203' title='bbox 1107 1684 1396 1742; x_wconf 85' lang='lat' dir='ltr'>congratulati</span> <span class='ocrx_word' id='word_1_204' title='bbox 1431 1695 1532 1729; x_wconf 92' lang='lat' dir='ltr'>sunt</span> <span class='ocrx_word' id='word_1_205' title='bbox 1559 1695 1602 1729; x_wconf 87' lang='lat' dir='ltr'>et</span> 
     </span>
     <span class='ocr_line' id='line_1_23' title="bbox 218 1755 1601 1810; baseline 0.001 -12"><span class='ocrx_word' id='word_1_206' title='bbox 218 1755 634 1799; x_wconf 85' lang='lat' dir='ltr'>commendaverunt</span> <span class='ocrx_word' id='word_1_207' title='bbox 655 1770 699 1799; x_wconf 89' lang='lat' dir='ltr'>se</span> <span class='ocrx_word' id='word_1_208' title='bbox 726 1755 995 1800; x_wconf 86' lang='lat' dir='ltr'>orationibus</span> <span class='ocrx_word' id='word_1_209' title='bbox 1017 1770 1191 1810; x_wconf 81' lang='lat' dir='ltr'>eorum,</span> <span class='ocrx_word' id='word_1_210' title='bbox 1216 1765 1259 1799; x_wconf 92' lang='lat' dir='ltr'>et</span> <span class='ocrx_word' id='word_1_211' title='bbox 1286 1757 1503 1800; x_wconf 89' lang='lat' dir='ltr'>trahentes</span> <span class='ocrx_word' id='word_1_212' title='bbox 1527 1771 1601 1800; x_wconf 89' lang='lat' dir='ltr'>cor</span> 
     </span>
     <span class='ocr_line' id='line_1_24' title="bbox 217 1824 1600 1884; baseline 0.002 -18"><span class='ocrx_word' id='word_1_213' title='bbox 217 1824 263 1868; x_wconf 90' lang='lat' dir='ltr'>in</span> <span class='ocrx_word' id='word_1_214' title='bbox 286 1833 420 1878; x_wconf 85' lang='lat' dir='ltr'>terra,</span> <span class='ocrx_word' id='word_1_215' title='bbox 452 1825 658 1868; x_wconf 80' lang='lat' dir='ltr'>abierunt</span> <span class='ocrx_word' id='word_1_216' title='bbox 683 1826 730 1868; x_wconf 90' lang='lat' dir='ltr'>in</span> <span class='ocrx_word' id='word_1_217' title='bbox 751 1825 982 1884; x_wconf 73' lang='lat' dir='ltr'>palatium3</span> <span class='ocrx_word' id='word_1_218' title='bbox 1006 1825 1070 1869; x_wconf 90' lang='lat' dir='ltr'>illi</span> <span class='ocrx_word' id='word_1_219' title='bbox 1102 1834 1247 1870; x_wconf 78' lang='lat' dir='ltr'>autem</span> <span class='ocrx_word' id='word_1_220' title='bbox 1271 1825 1493 1883; x_wconf 87' lang='lat' dir='ltr'>affigentes</span> <span class='ocrx_word' id='word_1_221' title='bbox 1526 1840 1600 1870; x_wconf 90' lang='lat' dir='ltr'>cor</span> 
     </span>
     <span class='ocr_line' id='line_1_25' title="bbox 218 1893 1599 1956; baseline 0.001 -19"><span class='ocrx_word' id='word_1_222' title='bbox 218 1893 348 1948; x_wconf 89' lang='lat' dir='ltr'>coelo,</span> <span class='ocrx_word' id='word_1_223' title='bbox 366 1903 620 1939; x_wconf 88' lang='lat' dir='ltr'>manserunt</span> <span class='ocrx_word' id='word_1_224' title='bbox 632 1895 678 1938; x_wconf 92' lang='lat' dir='ltr'>in</span> <span class='ocrx_word' id='word_1_225' title='bbox 695 1910 805 1939; x_wconf 87' lang='lat' dir='ltr'>casa.</span> <span class='ocrx_word' id='word_1_226' title='bbox 822 1898 879 1940; x_wconf 90' lang='lat' dir='ltr'>Et</span> <span class='ocrx_word' id='word_1_227' title='bbox 896 1897 1025 1940; x_wconf 90' lang='lat' dir='ltr'>ambo</span> <span class='ocrx_word' id='word_1_228' title='bbox 1042 1896 1264 1940; x_wconf 88' lang='lat' dir='ltr'>habebant</span> <span class='ocrx_word' id='word_1_229' title='bbox 1279 1910 1470 1956; x_wconf 85' lang='lat' dir='ltr'>sponsas.</span> <span class='ocrx_word' id='word_1_230' title='bbox 1491 1898 1599 1949; x_wconf 85' lang='lat' dir='ltr'>Quae</span> 
     </span>
     <span class='ocr_line' id='line_1_26' title="bbox 216 1964 1600 2025; baseline 0.001 -18"><span class='ocrx_word' id='word_1_231' title='bbox 216 1971 501 2023; x_wconf 90' lang='lat' dir='ltr'>posteaquam</span> <span class='ocrx_word' id='word_1_232' title='bbox 522 1965 605 2010; x_wconf 91' lang='lat' dir='ltr'>hoc</span> <span class='ocrx_word' id='word_1_233' title='bbox 624 1964 857 2010; x_wconf 87' lang='lat' dir='ltr'>audierunt</span> <span class='ocrx_word' id='word_1_234' title='bbox 872 2000 883 2020; x_wconf 84' lang='lat'>,</span> <span class='ocrx_word' id='word_1_235' title='bbox 902 1964 1159 2010; x_wconf 82' lang='lat' dir='ltr'>dicaverunt</span> <span class='ocrx_word' id='word_1_236' title='bbox 1179 1966 1309 2011; x_wconf 88' lang='lat' dir='ltr'>etiam</span> <span class='ocrx_word' id='word_1_237' title='bbox 1345 1965 1449 2025; x_wconf 85' lang='lat' dir='ltr'>ipsae</span> <span class='ocrx_word' id='word_1_238' title='bbox 1469 1966 1600 2024; x_wconf 85' lang='lat' dir='ltr'>virgi-</span> 
     </span>
     <span class='ocr_line' id='line_1_27' title="bbox 218 2033 518 2079; baseline 0.007 -2"><span class='ocrx_word' id='word_1_239' title='bbox 218 2033 400 2079; x_wconf 85' lang='lat' dir='ltr'>nitatem</span> <span class='ocrx_word' id='word_1_240' title='bbox 421 2033 518 2079; x_wconf 87' lang='lat' dir='ltr'>tibi.</span> 
     </span>
    </p>
   </div>
   <div class='ocr_carea' id='block_1_4' title="bbox 267 2130 604 2173">
    <p class='ocr_par' dir='ltr' id='par_1_4' title="bbox 267 2130 604 2173">
     <span class='ocr_line' id='line_1_28' title="bbox 267 2130 604 2173; baseline -0.003 -10"><span class='ocrx_word' id='word_1_241' title='bbox 267 2137 275 2153; x_wconf 93' lang='lat'><em>¹</em></span> <span class='ocrx_word' id='word_1_242' title='bbox 293 2131 374 2163; x_wconf 89' lang='lat' dir='ltr'>Luc.</span> <span class='ocrx_word' id='word_1_243' title='bbox 393 2141 461 2173; x_wconf 79' lang='lat' dir='ltr'>xiv,</span> <span class='ocrx_word' id='word_1_244' title='bbox 484 2130 604 2163; x_wconf 84' lang='lat'>26-35.</span> 
     </span>
    </p>
   </div>
  </div>
 </body>
</html>
