1871 3162
236 210 320 247 310
667 220 699 247 s.
738 222 967 249 ancus'ruu
999 223 1179 251 muscum

235 284 373 344 spatia
390 292 649 344 temporum.
670 288 721 329 In
738 301 826 346 quo
843 300 946 345 ergo
959 287 1096 346 spatio
1108 289 1314 332 metimur
1325 296 1496 348 tempus
1508 305 1616 350 prae-

235 355 424 399 teriens?
443 357 597 399 Utrum
618 356 664 399 in
677 350 851 411 futuro,
875 357 994 401 unde
1013 359 1230 416 praeterit?
1250 357 1335 403 Sed
1361 359 1483 419 quod
1503 373 1616 404 non-

235 426 343 470 dum
365 434 428 470 est
443 459 455 480 ,
486 440 577 470 non
598 425 819 471 metimur.
845 429 914 471 An
940 427 989 470 in
1012 430 1236 486 praesenti,
1269 444 1370 488 quae
1391 431 1617 488 praeterit?

240 496 325 542 Sed
336 495 508 540 nullum
525 497 711 556 spatium
728 512 820 542 non
834 497 1054 543 metimur.
1083 501 1152 542 An
1180 499 1226 542 in
1257 500 1499 558 praeterito,
1527 516 1618 560 quo

233 566 451 626 praeterit?
468 565 553 612 Sed
571 567 693 627 quod
702 568 795 627 jam
813 582 904 613 non
926 576 1016 624 est,
1040 583 1131 613 non
1153 569 1373 614 metimur.

1155 749 1616 767 mmmmm

237 749 306 765 *VIM

704 902 922 951 CAPUT
956 905 1119 951 XXII.

375 1068 508 1114 Petit
532 1067 802 1130 cenzgmcztz's
825 1069 958 1113 istius
979 1066 1262 1114 solationem
1286 1085 1318 1114 α
1339 1068 1460 1115 Deo.

287 1241 500 1285 XXVIII.
528 1241 715 1284 ExAnsn
727 1240 896 1283 animus
917 1254 1039 1284 meus
1054 1254 1178 1284 nosse
1194 1241 1312 1285 istud
1330 1241 1619 1301 implicatissi-

230 1326 354 1354 mum
370 1310 569 1367 aenigma.
596 1309 695 1355 Noli
728 1308 955 1364 claudere,
992 1310 1175 1353 Domine
1207 1312 1323 1354 Deus
1352 1326 1474 1355 meus
1504 1312 1619 1357 bone

229 1385 357 1426 Pater
373 1416 383 1436 ,
406 1395 484 1439 per
505 1377 727 1425 Christum
743 1379 946 1434 obsecro,
964 1379 1055 1423 noli
1068 1379 1270 1424 claudere
1292 1380 1506 1426 desiderio
1520 1397 1617 1427 meo

230 1453 333 1506 ista,
360 1460 404 1495 et
432 1451 610 1504 usitata,
636 1458 679 1494 et
701 1448 874 1504 abdita,
908 1449 1141 1509 quominus
1169 1450 1215 1493 in
1237 1465 1285 1494 ea
1320 1444 1532 1509 penetret,
1575 1461 1619 1496 et

228 1520 497 1566 dilucescant
534 1518 751 1563 allucente
785 1518 1076 1563 misericordia
1106 1528 1196 1573 tua,
1237 1520 1434 1564 Domine.
1477 1523 1617 1574 Quem

232 1591 523 1653 percontabor
544 1590 598 1634 de
619 1589 709 1647 his3
729 1597 772 1633 et
800 1589 870 1633 cui
889 1588 1153 1634 fructuosius
1176 1590 1418 1634 confitebor
1436 1591 1615 1651 imperi-

232 1664 337 1709 tiam
359 1676 524 1716 meam,
544 1659 626 1704 nisi
654 1659 735 1704 tibi
778 1660 849 1703 cui
883 1674 972 1704 non
998 1668 1100 1703 sunt
1132 1659 1313 1704 molesta
1346 1660 1487 1705 studia
1520 1677 1615 1707 mea

231 1732 496 1778 flammantia
514 1731 794 1776 vehementer
811 1730 858 1774 in
877 1731 1116 1790 Scripturas
1125 1733 1246 1775 tuas?
1268 1734 1330 1776 Da
1348 1732 1468 1791 quod
1486 1748 1584 1778 amo
1603 1753 1612 1778 ι

232 1818 330 1849 amo
348 1802 463 1847 enim
483 1823 494 1860 3
514 1810 557 1845 et
569 1801 653 1846 hoc
667 1809 716 1845 tu
734 1799 907 1845 dedisti.
920 1803 999 1857 Da,
1015 1804 1158 1857 Pater,
1176 1802 1251 1861 qui
1267 1817 1368 1846 vere
1385 1803 1497 1847 nosti
1514 1802 1615 1848 data

228 1878 345 1922 bona
367 1874 470 1918 dare
491 1872 589 1917 filiis
611 1872 740 1917 tuis1.
766 1875 845 1927 Da,
871 1872 1083 1932 quoniam
1122 1874 1290 1932 suscepi
1322 1889 1579 1932 cognoscere
1600 1910 1610 1930 ‚

228 1956 271 1992 et
292 1945 416 1990 labor
437 1952 499 1987 est
523 1951 621 1987 ante
639 1957 708 1986 me
723 1945 756 1997 ²,
785 1943 924 1987 donec
947 1943 1126 2002 aperias.
1154 1947 1234 1987 Per
1248 1944 1468 1989 Christum
1491 1945 1614 1989 obse·

226 2032 316 2072 cro,
333 2016 379 2059 in
392 2014 567 2059 nomine
580 2014 671 2073 ejus
693 2012 829 2057 sancti
846 2022 1095 2057 sanctorum
1115 2028 1242 2057 nemo
1257 2013 1607 2073 mihiobstrepat.

223 2091 282 2133 Et
314 2102 395 2146 ego
430 2083 621 2139 credidi,
658 2092 835 2143 propter
862 2083 983 2143 quod
1006 2093 1049 2127 et
1068 2083 1226 2142 loquor
1244 2085 1276 2127 ³.
1303 2085 1406 2128 Haec
1430 2094 1493 2128 est
1515 2100 1611 2144 spes

224 2173 320 2203 mea
336 2178 347 2215 3
363 2157 418 2201 ad
447 2157 559 2200 hanc
574 2156 689 2209 vivo,
713 2164 762 2198 ut
774 2154 1043 2213 contempler
1061 2154 1394 2198 delectationem
1416 2156 1605 2200 Domini.

224 2233 336 2274 Ecce
355 2237 519 2273 veteres
537 2225 717 2286 posuisti
740 2225 829 2269 dies
848 2240 964 2269 meos
981 2225 1014 2279 4,
1032 2235 1075 2269 et
1097 2234 1338 2280 transeunt,
1360 2235 1404 2270 et
1421 2242 1608 2286 quomo—-

225 2301 281 2345 do
299 2300 458 2344 nescio.
485 2301 541 2342 Et
559 2297 741 2342 dicimus
768 2306 935 2355 tempus
958 2305 1000 2340 et
1022 2306 1210 2356 tempus,
1232 2306 1425 2357 tempora
1440 2307 1483 2343 et
1498 2308 1607 2342 tem-

216 2387 337 2430 pora.
365 2368 570 2423 Quandiu
602 2368 708 2412 dixit
732 2368 815 2411 hoc
845 2366 935 2422 ille,
975 2366 1172 2427 quandiu
1202 2366 1306 2411 fecit
1329 2368 1411 2412 hoc
1439 2367 1509 2411 ille
1528 2404 1538 2423 ,
1564 2379 1607 2413 et

217 2451 260 2486 et
281 2454 414 2500 quam
434 2440 566 2498 longo
588 2448 783 2497 tempore
805 2436 917 2482 illud
945 2453 1042 2482 non
1058 2435 1160 2481 vidi.
1196 2439 1253 2481 Et
1278 2436 1463 2497 duplum
1491 2448 1605 2482 tem—

271 2543 280 2560 ¹
305 2536 418 2568 matth.
435 2546 494 2576 vu,
513 2546 611 2568 11.—
633 2542 644 2558 ²
664 2534 745 2567 Psal.
764 2544 861 2575 mxu,
888 2536 939 2566 16.
954 2550 995 2556 -—
1016 2532 1182 2575 31d.cxv,
1206 2545 1234 2565 1.
1252 2550 1292 2555 —
1311 2532 1388 2566 4121.
1417 2545 1549 2576 xxxvm,
1569 2534 1602 2566 6.
