1871 3162
613 246 961 283 conrnssmmm,
995 246 1078 272 Lm.
1114 247 1156 273 v.
1496 235 1578 274 107

204 326 280 369 per
316 310 433 354 illam
457 318 617 354 terram
646 319 867 369 repentem
899 309 1204 366 imaginantur.
1228 311 1284 352 Et
1313 310 1414 368 quia
1441 313 1580 355 Deum

203 381 386 436 bouum,
407 379 572 424 nullam
590 381 744 425 malam
760 390 959 425 naturam
976 396 1139 425 creasse
1155 379 1484 440 qualiscumque
1499 383 1581 440 pie1

203 460 266 494 tas
289 465 357 494 me
378 450 552 494 credere
569 452 767 509 cogebat,
784 451 1099 495 constituebam
1120 465 1171 493 ex
1189 450 1368 493 adverso
1384 450 1464 493 sibi
1478 450 1583 495 duas

201 521 335 564 moles
350 555 361 575 ,
386 530 618 580 utramque
638 521 869 575 infinitam,
890 521 962 564 sed
987 520 1142 564 malam
1159 521 1398 578 angustius,
1423 520 1584 565 bonam

202 589 420 648 grandius.
442 593 500 634 Et
520 606 570 634 ex
586 591 670 635 hoc
691 591 815 635 initio
838 589 1131 650 pestilentioso
1149 605 1219 633 me
1235 598 1389 634 caetera
1411 590 1584 634 sacrile-

202 660 269 717 gia
290 660 597 718 sequebantur.
621 662 732 704 Cum
755 661 871 704 enim
905 669 1135 704 conaretur
1171 660 1337 703 animus
1371 674 1492 703 meus
1513 674 1583 702 re·

201 743 373 772 currere
389 729 435 771 in
457 729 714 774 catholicam
736 730 884 784 fidem,
909 729 1244 788 repercutiebar,
1265 729 1367 789 quia
1383 744 1471 773 non
1494 738 1585 773 erat

201 799 412 843 catholica
435 799 542 843 fides
564 816 694 859 quam
715 815 804 844 esse
828 800 1082 843 arbitrabar.
1111 802 1167 843 Et
1192 800 1324 857 magis
1353 799 1448 858 pius
1479 799 1585 842 mihi

198 868 392 923 videbar,
411 869 444 912 si
468 878 531 924 te,
558 873 671 913 Deus
689 885 810 922 meus
826 905 837 923 ,
862 870 932 914 6111
954 870 1218 914 confitentur
1248 885 1298 912 ex
1320 884 1388 912 me
1410 870 1587 913 misera-

200 939 339 982 tiones
364 947 448 982 tuae
464 974 474 993 ,
506 939 576 983 vel
597 954 647 983 ex
668 940 834 984 caeteris
851 940 1046 999 partibus
1083 940 1304 983 infinitum
1335 938 1553 983 crederem
1573 960 1584 996 3

200 1009 398 1068 quamvis
416 1024 465 1052 ex
488 1025 575 1052 una
593 1025 679 1068 qua
700 1010 779 1053 11111
797 1009 931 1054 moles
954 1009 1055 1053 mali
1072 1010 1391 1068 opponebatur,
1411 1024 1587 1067 cogerer

200 1079 374 1122 finitum
397 1078 525 1123 fateri
558 1095 690 1139 quam
723 1079 758 1123 si
790 1094 843 1123 ex
865 1079 1067 1123 omnibus
1095 1079 1291 1138 partibus
1318 1079 1363 1122 in
1396 1080 1586 1137 corporis

199 1147 378 1191 humani
402 1148 540 1192 forma
564 1158 606 1191 te
641 1149 840 1206 opinarer
862 1149 991 1191 finiri.
1019 1151 1074 1190 Et
1103 1148 1257 1191 melius
1279 1149 1385 1191 mihi
1407 1148 1587 1192 videbar

199 1217 374 1260 credere
409 1216 582 1259 nullum
604 1216 767 1259 malum
790 1225 833 1259 te
865 1231 1057 1270 creasse,
1094 1217 1214 1275 quod
1237 1218 1343 1260 mihi
1376 1219 1586 1262 nescienti
1636 1210 1644 1224 ”

198 1302 288 1330 non
311 1286 452 1330 solum
482 1286 625 1346 aliqua
643 1286 882 1330 substantia
899 1321 910 1339 ,
932 1285 1006 1329 sed
1029 1287 1157 1330 etiam
1180 1302 1387 1346 corporea
1409 1287 1587 1331 videba-

171 1396 174 1399 Α
199 1366 286 1410 1111,
312 1358 414 1415 quia
433 1366 475 1401 et
499 1365 690 1400 mentem
709 1356 899 1414 cogitare
913 1371 1001 1400 non
1021 1371 1244 1411 noveram,
1265 1357 1345 1400 nisi
1363 1372 1456 1400 eam
1480 1357 1586 1401 sub-

198 1425 273 1470 tile
291 1441 447 1484 corpus
470 1441 576 1480 esse,
594 1425 712 1485 quod
732 1435 878 1469 tamen
895 1440 971 1484 per
992 1425 1076 1469 loci
1095 1426 1226 1485 spatia
1242 1427 1581 1483 diffunderetur,

198 1511 330 1555 quam
352 1496 526 1540 credere
544 1497 619 1540 abs
639 1505 681 1539 16
703 1510 792 1539 esse
814 1495 986 1555 qualem
1008 1496 1216 1555 putabam
1236 1505 1438 1540 naturam
1462 1497 1580 1541 mali.

198 1570 347 1626 Ipsum
382 1583 558 1627 quoque
593 1566 858 1611 Salvatorem
889 1576 1086 1610 nostrum
1119 1567 1394 1624 unigenitum
1426 1577 1549 1612 tuum
1571 1604 1582 1622 ,

197 1646 406 1698 tanquam
434 1637 488 1681 de
521 1653 659 1682 massa
695 1637 971 1681 lucidissimae
993 1637 1118 1682 molis
1141 1647 1228 1681 tuae
1256 1648 1504 1697 porrectum
1529 1639 1584 1683 ad

198 1717 386 1752 nostram
406 1708 588 1752 salutem
603 1744 614 1763 ,
641 1708 700 1752 ita
723 1708 931 1767 putabam
947 1743 957 1763 ,
983 1718 1033 1752 ut
1061 1707 1181 1752 aliud
1202 1708 1257 1752 de
1278 1708 1355 1753 illo
1374 1724 1464 1753 non
1487 1725 1583 1754 cre-

198 1779 367 1833 derem,
397 1780 477 1823 nisi
500 1780 619 1840 quod
638 1794 806 1838 possem
832 1780 1024 1823 vanitate
1045 1780 1285 1837 imaginari.
1324 1779 1471 1824 Talem
1500 1781 1583 1825 ita-

198 1864 283 1908 que
304 1858 504 1893 naturam
523 1851 614 1908 ejus
640 1850 758 1893 nasci
780 1865 869 1893 non
890 1865 1012 1909 posse
1035 1849 1089 1894 de
1110 1851 1244 1894 Maria
1265 1851 1433 1909 virgine
1464 1851 1583 1894 arbi-

197 1918 363 1973 trabar,
392 1919 473 1962 nisi
495 1920 614 1963 carni
640 1929 989 1963 concerneretur.
1011 1921 1228 1964 Concerni
1257 1929 1403 1964 autem
1425 1930 1469 1964 et
1496 1936 1582 1965 non

196 1988 414 2047 inquinari
444 2004 534 2032 non
554 1987 784 2043 videbam,
810 1988 929 2048 quod
961 1990 1067 2033 mihi
1089 1989 1175 2033 tale
1203 1990 1460 2048 figurabam.
1485 1993 1582 2034 Μ6-

197 2058 374 2101 tuebam
395 2058 541 2116 itaque
558 2057 734 2101 credere
754 2058 800 2100 in
814 2073 942 2101 carne
958 2068 1126 2113 natum,
1143 2075 1198 2102 ne
1213 2059 1389 2103 credere
1407 2074 1582 2117 cogerer

197 2143 248 2171 ex
268 2143 396 2171 carne
413 2129 705 2188 inquinatum.
730 2131 857 2172 Nunc
879 2129 1088 2188 spiritales
1106 2130 1171 2173 tui
1190 2130 1348 2174 blande
1366 2140 1408 2174 et
1430 2146 1581 2175 aman-

196 2206 262 2240 ter
292 2196 496 2241 ridebunt
519 2194 610 2252 me,
635 2198 669 2242 si
690 2198 766 2242 has
799 2197 1088 2243 confessiones
1110 2214 1225 2243 meas
1260 2198 1446 2258 legerint
1469 2219 1477 2244 ε
1503 2201 1578 2244 sed

196 2277 342 2310 tamen
365 2266 460 2311 talis
482 2283 614 2311 eram.
