1871 3162
231 199 314 237 382
666 209 699 238 s.
736 211 965 240 AUGUSTINI
999 212 1177 239 Bmscom

228 275 478 319 infirmitate
510 276 797 335 compatimur
832 275 887 320 ad
916 275 1264 320 subveniendum
1291 275 1603 334 indigentibus,

227 343 421 389 similiter
442 345 701 405 opitulantes
715 345 1087 406 quemadmodum
1103 346 1227 390 nobis
1250 345 1457 390 vellemus
1478 360 1606 404 opem

227 413 346 469 ferri,
372 414 406 459 si
427 414 580 460 eodem
602 416 733 460 modo
752 414 1064 473 indigeremus,
1089 431 1177 460 non
1198 424 1369 460 tantum
1392 414 1439 458 in
1464 414 1606 459 facili-

228 485 309 528 bus
332 493 539 545 tanquam
560 486 605 529 in
626 485 761 529 herba
779 485 997 538 seminali,
1029 485 1103 530 sed
1129 486 1258 530 etiam
1275 486 1321 529 in
1337 484 1608 544 protectione

225 555 428 614 adjutorii
461 554 563 600 forti
594 555 765 609 robore,
800 557 911 600 sicut
936 553 1105 614 lignum
1134 553 1426 610 fructiferum,
1451 554 1497 598 id
1523 563 1603 607 est,

225 625 470 670 beneficum
499 625 554 670 ad
575 624 845 684 eripiendum
869 641 970 670 eum
999 626 1074 685 qui
1109 626 1309 686 injuriam
1341 625 1518 684 patitur,
1551 623 1606 667 de

225 710 356 740 manu
373 696 576 754 potentis,
597 705 638 740 et
651 696 888 755 praebendo
910 696 1188 756 protectionis
1206 693 1513 740 umbraculum
1530 709 1608 739 va-

224 763 315 810 lido
330 765 486 810 robore
496 765 601 825 justi
613 765 781 826 judicii.

228 957 1604 974 WWWUNSWWUMMMMSEVVWWUWWNWMWWUXWWWU

687 1112 902 1161 CAPUT
939 1114 1117 1160 xx'llt.

249 1279 403 1323 Fiant
431 1278 715 1332 luminaria,
751 1288 839 1322 etc.
876 1280 987 1323 Gen.
1023 1297 1063 1334 1,
1103 1283 1170 1323 14.
1205 1281 1314 1332 Quae
1343 1277 1574 1322 luminaria

510 1349 751 1394 dividentia
773 1350 886 1393 inter
908 1349 1024 1394 diem
1047 1359 1091 1393 et
1111 1359 1300 1394 noctem.

276 1509 421 1552 XXII.
460 1510 552 1564 ITA,
568 1507 763 1561 Domine,
780 1507 837 1551 ita
853 1521 928 1551 oro
942 1515 1000 1561 te,
1021 1509 1184 1551 oriatur
1198 1506 1322 1551 sicuti
1340 1506 1459 1560 facis,
1476 1508 1601 1551 sicuti

218 1578 292 1623 das
320 1577 581 1623 hilaritatem
604 1587 647 1621 et
668 1576 935 1633 facultatem,
962 1578 1125 1623 oriatur
1145 1578 1201 1622 de
1221 1587 1335 1622 terra
1362 1578 1532 1633 veritas,
1559 1588 1601 1623 et

211 1649 374 1709 justitia
391 1648 445 1692 de
463 1648 576 1693 coelo
592 1648 831 1708 respiciat¹‚
850 1658 914 1692 et:
938 1666 958 1689 ι(
976 1648 1103 1692 Fiant
1120 1648 1165 1691 in
1180 1648 1454 1693 firmamento
1471 1648 1601 1692 lumi-

219 1738 238 1762 »
265 1719 399 1764 naria.
416 1738 434 1759 »
448 1722 711 1776 Frangamus
729 1718 934 1761 esurienti
949 1733 1104 1777 panem
1123 1727 1337 1773 nostrum,
1355 1727 1398 1762 et
1413 1734 1599 1777 egenum

148 1810 153 1823 ε
215 1790 306 1833 sine
327 1799 441 1833 tecto
462 1788 720 1833 inducamus
738 1788 785 1831 in
807 1787 989 1832 domurn
1012 1797 1204 1832 nostram
1222 1807 1230 1832 2
1254 1789 1421 1832 nudum
1439 1789 1598 1833 vestia-

214 1875 326 1915 mus,
352 1870 395 1904 et
416 1859 673 1904 domesticos
695 1858 866 1902 seminis
889 1858 1024 1902 nostri
1048 1873 1137 1901 non
1159 1857 1459 1917 despiciamus.
1495 1859 1598 1911 Qui-

214 1930 297 1974 bus
314 1931 483 1974 interra
499 1930 608 1974 natis
624 1928 855 1983 fructibus,
875 1928 973 1972 vide
991 1929 1089 1987 quia
1105 1930 1270 1972 bonum
1284 1939 1346 1972 est
1364 1950 1375 1986 3
1396 1937 1439 1972 et
1454 1944 1597 1972 erum-

213 2010 289 2060 pat
327 2011 602 2061 temporanea
635 1999 709 2043 lux
741 2001 931 2053 nostra²‚
966 2009 1009 2042 et
1040 1999 1094 2043 de
1129 2000 1209 2043 ista
1241 1998 1432 2044 inferiori
1472 2000 1596 2056 fruge

213 2072 394 2116 actionis
417 2073 463 2115 in
485 2071 659 2115 delicias
679 2069 1055 2129 contemplationis
1082 2069 1263 2113 verbum
1287 2071 1384 2114 vitae
1400 2071 1596 2128 superius

215 2142 484 2197 obtinentes,
531 2155 813 2200 appareamus
855 2140 965 2183 sicut
996 2139 1224 2183 luminaria
1253 2140 1299 2183 in
1328 2139 1495 2184 mundo
1523 2155 1597 2184 co-

214 2214 428 2258 haerentes
452 2213 727 2257 firmamento
763 2212 993 2270 Scripturae
1033 2219 1134 2254 tuae.
1180 2209 1246 2253 lbi
1288 2210 1402 2253 enim
1444 2210 1595 2254 nobis-

214 2301 313 2329 cum
338 2285 530 2344 disputas
547 2319 558 2339 ,
593 2292 642 2327 ut
666 2282 910 2327 dividamus
930 2282 1045 2325 inter
1074 2280 1366 2340 intelligibilia
1394 2290 1438 2325 et
1462 2281 1595 2325 sensi-

215 2355 340 2411 bilia,
369 2365 578 2415 tanquam
598 2372 618 2395 α
634 2356 753 2397 Inter
766 2351 880 2396 diem
899 2362 941 2396 et
957 2361 1154 2409 noctem3
1182 2370 1200 2393 υ
1225 2350 1293 2396 vel
1308 2351 1421 2395 inter
1433 2351 1594 2396 animas

214 2424 317 2470 alias
337 2422 699 2484 intelligibilibus,
719 2423 821 2467 alias
837 2422 1109 2468 sensibilibus
1125 2421 1314 2480 deditas,
1333 2430 1383 2466 ut
1397 2422 1485 2482 jam
1504 2437 1594 2466 non

262 2528 272 2545 ¹
293 2520 376 2554 Psal.
390 2531 516 2561 nutv,
538 2529 589 2553 12.
607 2536 648 2544 —
670 2526 681 2542 Ἰ
698 2521 769 2553 lsai·
791 2517 876 2560 Um,
897 2529 930 2560 72
949 2518 982 2551 8·
