1871 3162
594 235 967 274 sononuiomJM,
1001 236 1083 263 Lm.
1119 238 1166 264 11.
1481 228 1564 270 467

189 299 324 358 egerit
345 309 490 345 nostra
512 300 796 345 ratiocinatio.
822 299 1135 352 Quaercbamus
1154 302 1270 345 enim
1292 304 1399 362 quid
1420 306 1473 350 sit
1490 321 1567 351 ve-

188 369 305 425 ritas,
330 369 450 430 quod
470 384 526 413 ne
546 385 665 415 nunc
685 369 862 431 quidem
886 370 932 415 in
951 370 1034 415 hac
1055 369 1245 431 quadam
1266 372 1388 429 sylva
1404 389 1566 433 rerum,

186 440 388 484 omnibus
405 455 516 500 pene
533 441 713 485 callibus
731 441 956 497 oberratis,
975 440 1103 486 video
1121 456 1201 486 nos
1217 441 1474 503 investigare
1493 462 1569 506 po-

186 512 329 555 tuisse.
359 511 442 556 Sed
463 511 569 571 quid
590 512 800 556 facimus?
821 514 888 556 An
917 513 1109 571 incoepta
1135 513 1391 569 omittimus,
1421 526 1465 560 et
1498 533 1571 562 ex-

184 590 407 640 pectamus
430 581 587 641 ecquid
612 582 736 626 nobis
759 582 973 626 librorum
996 581 1237 626 alienorum
1257 583 1302 626 in
1325 599 1479 630 manus
1502 588 1571 631 in-

183 651 312 706 cidat,
353 653 474 711 quod
507 653 608 696 huic
642 653 873 713 quaestioni
906 651 1166 697 satisfaciat?
1195 657 1306 711 Nam
1339 665 1383 700 et
1410 657 1571 703 multos

183 731 283 765 ante
314 731 506 766 nostram
533 731 705 766 aetatem
728 723 907 781 scriptos
928 738 1017 766 esse
1039 724 1238 779 arbitror,
1264 741 1373 784 quos
1391 743 1481 771 non
1502 727 1570 772 le-

183 792 320 849 gimus
339 812 347 837 ;
373 803 416 837 et
434 808 552 836 nunc
572 803 621 837 ut
643 792 752 836 nihil
774 792 896 852 quod
918 794 1132 838 nescimus
1154 795 1398 854 opinemur,
1423 799 1567 842 mani-

181 860 340 906 festum
374 863 602 916 habemus,
638 871 681 905 et
712 864 902 906 carmine
929 862 984 907 de
1010 864 1091 908 hac
1119 879 1164 908 re
1192 866 1337 921 scribi,
1363 876 1406 911 et
1428 868 1569 913 soluta

181 931 398 989 oratione,
435 942 478 976 et
506 933 560 976 ab
592 934 641 976 iis
676 933 773 978 viris
806 949 995 993 quorum
1027 949 1107 978 nec
1139 935 1297 994 scripta
1328 936 1461 981 latere
1490 954 1568 983 nos

179 1012 375 1061 possunt,
398 1012 440 1047 et
457 1019 608 1047 eorum
624 1004 794 1061 ingenia
816 1003 917 1047 talia
939 1005 1155 1060 novimus,
1180 1015 1229 1050 ut
1251 1022 1330 1051 nos
1350 1008 1395 1051 in
1417 1023 1569 1054 eorum

179 1072 332 1116 litteris
345 1073 461 1133 quod
480 1074 695 1128 volumus,
711 1076 964 1119 inventuros
979 1076 1207 1134 desperare
1225 1093 1314 1120 non
1326 1079 1538 1136 possimus
1556 1100 1564 1125 :

179 1145 412 1199 praesertim
429 1159 529 1187 cum
554 1144 623 1187 hic
644 1154 744 1187 ante
761 1144 909 1188 oculos
931 1154 1099 1188 nostros
1115 1147 1170 1189 sit
1190 1145 1307 1201 ille1,
1328 1147 1374 1192 in
1393 1164 1483 1208 quo
1500 1150 1569 1208 ip-

177 1229 267 1258 sam
290 1214 583 1273 eloquentiam
612 1230 745 1274 quam
772 1224 990 1259 mortuam
1020 1215 1294 1272 dolebamus,
1329 1217 1569 1277 perfectam

177 1285 376 1328 revixisse
406 1285 703 1343 cognovimus.
733 1284 891 1329 Ille-ne
913 1301 990 1330 nos
1013 1286 1139 1342 sinet,
1172 1303 1272 1331 cum
1294 1288 1462 1347 scriptis
1483 1292 1569 1336 suis

177 1354 350 1398 vivendi
398 1355 577 1398 modum
617 1355 831 1410 docuerit,
883 1355 1057 1400 vivendi
1094 1357 1291 1414 ignorare
1335 1363 1569 1405 naturam?

175 1427 228 1468 A.
253 1426 351 1469 Non
365 1425 551 1468 arbitror
569 1424 769 1484 equidem
787 1434 830 1469 et
848 1425 1034 1469 multum
1055 1426 1157 1470 inde
1173 1443 1315 1487 spero,
1335 1429 1411 1473 sed
1428 1445 1566 1474 unum

175 1493 302 1539 doleo
324 1495 445 1553 quod
466 1495 535 1539 vel
556 1509 654 1552 erga
676 1510 735 1549 se,
757 1495 825 1539 vel
846 1511 944 1553 erga
967 1497 1222 1556 sapientiam
1245 1499 1439 1544 studium
1459 1517 1564 1545 nos-

176 1574 291 1609 trum
317 1580 406 1608 non
427 1565 466 1608 ei
490 1575 540 1609 ut
564 1565 781 1621 volumus,
812 1567 1005 1610 valemus
1028 1569 1208 1626 aperire.
1235 1572 1344 1614 Nam
1368 1570 1566 1629 profecto

174 1634 247 1678 ille
276 1635 503 1679 miseretur
533 1635 645 1678 sitim
674 1644 882 1689 nostram,
919 1645 962 1680 et
990 1637 1233 1683 exundaret
1268 1640 1407 1684 multo
1439 1642 1566 1687 citius

173 1720 306 1764 quam
339 1721 472 1749 nunc.
513 1708 696 1750 Securus
727 1707 842 1749 enim
875 1716 954 1761 est,
979 1707 1100 1765 quod
1127 1709 1208 1752 sibi
1232 1710 1323 1768 jam
1348 1719 1489 1754 totum
1509 1711 1563 1757 de

173 1776 329 1820 animae
351 1775 675 1820 immortalitate
702 1776 928 1835 persuasit,
958 1792 1038 1821 nec
1068 1779 1147 1822 scit
1169 1778 1336 1838 aliquos
1358 1796 1448 1825 esse
1469 1782 1560 1828 for-

173 1856 298 1901 tasse,
323 1848 399 1906 qui
424 1848 552 1905 hujus
573 1846 853 1904 ignorationis
875 1847 1090 1891 miseriam
1118 1849 1218 1892 satis
1239 1863 1558 1910 cognoverunt,

173 1927 215 1961 et
232 1917 391 1976 quibus
410 1918 649 1976 praesertim
667 1918 921 1976 rogantibus
942 1934 1032 1963 non
1049 1919 1282 1964 subvenire
1298 1922 1474 1967 crudele
1488 1925 1556 1969 sit.

173 1980 280 2032 Ille‘2
301 1997 448 2032 autem
465 1988 574 2032 alius
596 1989 718 2033 novit
745 1988 923 2048 quidem
945 2005 1025 2049 pro
1046 1989 1339 2036 familiaritate
1360 1994 1561 2039 ardorem

171 2068 385 2113 nostrum,
405 2059 480 2103 sed
495 2060 555 2104 ita
573 2059 704 2118 longe
720 2060 857 2115 abest,
873 2069 917 2104 et
933 2060 991 2104 ita
1011 2077 1132 2106 nunc
1148 2063 1374 2107 constituti
1389 2079 1556 2121 sumus,

171 2139 221 2174 ut
241 2130 315 2175 vix
341 2130 397 2174 ad
423 2145 523 2175 eum
547 2130 617 2175 vel
641 2131 834 2190 epistolae
857 2131 1081 2175 mittendae
1109 2131 1293 2178 facultas
1323 2134 1391 2179 sit.
1417 2138 1558 2188 Quem

171 2200 301 2245 credo
319 2202 409 2261 jam
429 2202 519 2246 otio
546 2202 828 2261 Transalpino
858 2201 1085 2262 perfecisse
1104 2220 1280 2249 carmen
1297 2221 1386 2265 quo
1408 2207 1558 2251 mortis

170 2281 311 2316 metus
326 2281 575 2317 excantatus
590 2273 788 2331 effugiat,
807 2282 851 2317 et
866 2275 1045 2333 antiqua
1061 2273 1195 2333 glacie
1207 2275 1388 2320 duratus
1400 2277 1556 2321 animae

171 2352 322 2402 stupor
357 2342 584 2404 frigusque
619 2343 822 2403 pellatur.
851 2344 936 2390 Sed
966 2345 1140 2390 interim
1167 2348 1274 2391 dum
1300 2348 1380 2392 ista
1401 2363 1557 2407 prove-

219 2465 228 2480 ¹
249 2458 452 2496 Ambrosius,
470 2463 505 2491 ut
522 2459 669 2501 videtur,
686 2459 740 2502 qui
758 2460 855 2492 libros
878 2461 919 2492 de
936 2460 1049 2493 officiis
1064 2461 1212 2504 scripsit3
1233 2466 1266 2495 et
1282 2463 1335 2495 cui
1360 2463 1400 2496 ad
1418 2462 1556 2496 audien-

171 2515 245 2547 dum
260 2513 466 2555 Augustinum
483 2515 705 2555 non‘vacabat
719 2526 758 2547 ex
775 2515 832 2548 lib.
854 2527 899 2557 Vl,
919 2516 1010 2549 Conf.
1028 2527 1101 2560 cap.
1124 2528 1152 2550 1.
1174 2534 1215 2540 —
1237 2525 1250 2541 ²
1276 2520 1373 2551 Forte
1393 2530 1434 2551 an
1450 2521 1556 2552 Zeno-

171 2569 240 2601 bius
255 2569 400 2611 poetices
414 2569 533 2612 peritus
546 2596 554 2612 ‚
571 2571 610 2603 de
624 2573 715 2612 cujus
731 2571 899 2613 repentina
918 2572 1119 2615 profectione
1133 2572 1188 2607 lib.
1206 2584 1217 2607 1
1232 2574 1275 2606 de
1286 2574 1410 2608 Ordine
1426 2585 1500 2617 cap.
1521 2584 1553 2617 7.
