1871 3162
555 241 929 277 sOLtLOQtuORUM,
966 242 1046 266 Lus.
1083 244 1130 267 11.
1442 234 1523 272 477

155 302 313 347 oblivio
325 305 344 347 Ξ)
356 307 464 349 Nam
481 303 571 363 ipsa
586 305 786 349 discretio
803 320 889 364 qua
906 320 996 349 non
1014 304 1258 351 admittitur
1279 309 1400 367 quod
1421 309 1527 355 falso

155 374 423 429 admoneris,
448 390 544 433 pars
575 376 776 434 quaedam
805 376 1112 421 recordationis
1137 386 1214 421 est.
1242 380 1293 422 A.
1321 382 1386 423 Ita
1408 381 1531 424 vide-

154 451 239 486 tur.
280 447 333 488 R.
367 444 487 488 Tales
516 460 618 503 ergo
648 445 844 489 nondum
878 461 1029 490 verum
1064 446 1239 504 vident,
1270 446 1361 491 falli
1385 458 1530 495 tamen

153 513 381 573 decipique
408 531 497 559 non
524 524 704 574 possunt
725 537 736 574 3
760 525 802 560 et
834 516 942 577 quid
965 525 1163 577 quaerant
1179 552 1190 571 ,
1226 517 1325 560 satis
1349 530 1526 564 norunt.

153 586 209 627 At
230 584 263 627 si
280 584 361 628 tibi
382 586 595 645 quispiam
619 586 733 630 dicat
755 596 797 630 te
819 596 917 646 post
948 602 1106 646 paucos
1130 587 1220 630 dies
1241 586 1378 631 risisse
1400 605 1531 648 quam

153 662 279 697 natus
302 670 361 710 es,
382 671 471 700 non
489 656 621 700 audes
640 656 781 701 dicere
796 656 952 700 falsum
977 672 1065 700 esse
1084 675 1093 701 :
1113 666 1156 701 et
1173 657 1207 701 si
1224 667 1375 702 auctor
1391 659 1444 703 sit
1463 659 1534 704 cui

151 724 256 769 fides
280 727 482 771 habenda
505 738 594 782 est,
620 744 709 772 non
729 730 1034 772 recordaturus
1052 763 1063 781 ,
1088 727 1163 772 sed
1186 729 1428 773 crediturus
1450 746 1494 774 es
1521 750 1530 774 ;

155 803 293 839 totum
311 798 425 840 enim
450 807 620 857 tempus
641 797 750 841 illud
769 798 1025 842 validissima
1048 798 1268 843 oblivione
1291 800 1369 843 tibi
1392 800 1534 859 sepul-

151 874 244 908 tum
275 876 337 910 est
366 886 374 910 :
401 884 454 911 an
475 867 599 911 aliter
616 870 770 926 putas?
794 872 846 912 A.
878 872 1054 912 Prorsus
1082 870 1320 913 consentio.
1349 873 1401 913 R.
1430 873 1532 915 Haec

150 936 282 993 igitur
303 937 357 980 ab
379 937 452 981 illa
475 938 695 982 oblivione
727 939 964 998 plurimum
987 940 1162 993 differt,
1195 940 1270 984 sed
1296 940 1369 984 illa
1392 942 1532 986 media

149 1014 225 1049 est.
252 1008 361 1049 Nam
393 1016 455 1050 est
480 1006 561 1050 alia
587 1009 874 1052 recordationi
899 1009 1222 1068 revisendaeque
1244 1010 1411 1053 veritati
1435 1026 1532 1069 pro-

151 1075 244 1133 pior
256 1085 386 1135 atque
401 1076 582 1121 vicinior
598 1097 608 1122 2
626 1079 694 1122 cui
710 1078 847 1121 simile
865 1088 929 1122 est
942 1079 1119 1137 quando
1135 1079 1332 1123 videmus
1348 1079 1528 1140 aliquid,

148 1154 355 1205 certoque
376 1149 722 1205 recognoscimus
755 1149 800 1191 id
823 1164 900 1191 nos
929 1148 1082 1192 vidisse
1110 1148 1372 1208 aliquando,
1400 1159 1531 1210 atque

148 1230 271 1259 nosse
295 1217 584 1275 affirmamus,
609 1217 683 1261 sed
705 1218 780 1260 ubi
797 1252 807 1271 ,
840 1227 915 1260 aut
946 1217 1122 1276 quando
1139 1252 1149 1271 ,
1182 1228 1257 1261 aut
1278 1221 1500 1278 quomodo
1517 1256 1527 1275 ,

146 1295 221 1329 aut
239 1288 353 1345 apud
373 1304 504 1347 quem
523 1289 646 1332 nobis
668 1289 712 1331 in
735 1289 932 1332 notitiam
955 1289 1138 1343 venerit,
1159 1290 1390 1346 satagimus
1407 1306 1531 1350 repe-

148 1364 238 1399 tere
259 1365 390 1416 atque
419 1358 621 1402 recolere.
663 1361 718 1402 Ut
749 1358 782 1401 si
817 1359 871 1402 de
900 1359 1078 1402 homine
1113 1359 1238 1402 nobis
1273 1361 1527 1419 contigerit,

146 1426 273 1469 etiam
298 1428 533 1486 quaerimus
554 1428 632 1471 ubi
655 1443 753 1471 eum
774 1429 1046 1472 noverimus:
1067 1428 1186 1487 quod
1208 1444 1308 1472 cum
1324 1428 1396 1473 ille
1413 1446 1530 1474 com-

146 1500 448 1542 memoraverit
463 1533 473 1552 ,
504 1507 681 1557 repente
707 1509 797 1542 tota
820 1514 886 1541 res
906 1498 1126 1542 memoriae
1143 1500 1266 1558 quasi
1286 1499 1436 1544 lumen
1458 1502 1528 1545 in—

144 1566 361 1622 funditur,
387 1569 583 1628 nihilque
598 1568 784 1628 amplius
801 1604 812 1623 ,
837 1578 885 1613 ut
907 1569 1254 1624 reminiscamur,
1284 1569 1523 1617 laboratur.

145 1639 212 1680 An
234 1638 317 1683 hoc
339 1655 474 1698 genus
495 1640 694 1698 ignotum
714 1640 794 1683 tibi
817 1649 879 1683 est
894 1674 905 1694 ,
941 1648 1016 1683 aut
1043 1639 1307 1683 obscurum?
1329 1644 1379 1683 Α.
1410 1642 1528 1694 Quid

145 1707 227 1750 hoc
244 1708 430 1765 planius,
450 1718 523 1752 aut
538 1708 645 1768 quid
667 1709 860 1753 crebrius
884 1709 990 1752 mihi
1014 1709 1209 1752 accidere
1228 1709 1368 1752 solet?

201 1781 383 1822 XXXV.
412 1783 463 1823 R.
493 1779 614 1823 Tales
647 1789 749 1823 sunt
769 1780 845 1838 qui
874 1780 984 1822 bene
1016 1778 1251 1837 disciplinis
1274 1779 1527 1826 liberalibus

144 1847 301 1892 eruditi
326 1869 334 1893 :
356 1849 569 1910 siquidem
600 1849 694 1893 illas
716 1850 806 1893 sine
829 1848 966 1892 dubio
983 1849 1025 1892 in
1044 1864 1087 1891 se
1109 1847 1327 1892 oblivione
1349 1850 1527 1895 obrutas

144 1928 305 1963 eruunt
327 1919 551 1975 discendo,
567 1929 609 1964 et
626 1918 817 1979 quodam
837 1917 967 1962 modo
987 1916 1208 1961 'refodiunt
1223 1920 1234 1942 ¹
1257 1934 1362 1963 :nec
1380 1928 1527 1965 tamen

145 1989 340 2032 contenti
362 1998 479 2044 sunt,
497 2005 576 2034 nec
594 2005 638 2033 se
656 1997 807 2032 tenent
823 1988 962 2031 donec
980 1997 1114 2031 totam
1138 1987 1292 2031 faciem
1315 1990 1523 2046 veritatis,

145 2059 267 2117 cujus
289 2059 468 2119 quidam
488 2059 533 2102 in
556 2059 638 2102 illis
662 2059 825 2102 artibus
847 2057 1053 2117 splendor
1067 2059 1157 2117 jam
1174 2059 1434 2115 subrutilat,
1458 2061 1526 2105 la-

144 2129 303 2173 tissime
324 2139 455 2190 atque
486 2130 730 2189 plenissime
758 2130 1024 2173 intueantur.
1065 2128 1148 2173 Sed
1182 2145 1232 2173 ex
1259 2130 1324 2174 his
1345 2131 1527 2191 quidam

145 2198 241 2244 salsi
262 2201 427 2245 colores
449 2210 580 2260 atque
602 2198 774 2254 formae,
798 2200 920 2243 velut
940 2200 986 2242 in
1007 2198 1233 2258 speculum
1255 2200 1528 2259 cogitationis
1594 2205 1599 2209 ’

145 2286 189 2314 se
217 2269 433 2325 fundunt,
466 2270 712 2330 falluntque
748 2270 1015 2329 inquirentes
1046 2285 1190 2328 saepe,
1223 2285 1272 2313 ac
1302 2271 1528 2331 decipiunt

146 2351 348 2401 putantes
380 2341 493 2386 illud
525 2351 668 2386 totum
691 2356 780 2384 esse
808 2341 929 2399 quod
956 2349 1119 2384 norunt
1140 2339 1210 2383 vel
1231 2340 1351 2400 quod
1382 2342 1530 2403 inqui-

146 2423 264 2457 runt.
304 2416 413 2472 Ipsae
439 2422 541 2457 sunt
576 2412 662 2456 illae
696 2411 1024 2469 imaginationes
1058 2425 1215 2469 magna
1244 2411 1446 2458 cautione
1465 2415 1532 2459 vi-

149 2484 306 2539 tandae,
322 2499 422 2544 qnae
435 2482 825 2543 deprehenduntur
842 2480 1032 2536 fallaces,
1050 2496 1151 2526 cum
1168 2482 1440 2540 cogitationis
1451 2501 1527 2530 va-

194 2558 209 2598 1'
224 2572 367 2602 Retract.
387 2569 442 2601 lib.
466 2582 491 2609 1,
509 2580 582 2611 cap.
601 2580 646 2609 iv,
666 2581 693 2599 n.
717 2567 748 2608 4.

410 2637 464 2665 cx
472 2635 579 2665 xxn.
1291 2625 1337 2662 31
