1871 3162
311 198 395 236 522
739 207 774 237 s.
808 209 1037 238 Amnestum
1069 212 1247 241 El’tscom

307 280 555 326 coronaret,
581 281 625 317 et
655 271 882 317 cadentem
903 274 1143 329 ordinaret,
1168 284 1212 319 et
1232 284 1481 334 surgentem
1502 275 1679 334 adjuva-

306 350 397 396 ret,
436 346 607 400 sempe&
622 350 667 386 et
686 342 847 401 ubique
869 343 958 401 ipse
995 343 1204 402 gloriosus
1233 345 1450 401 bonitate,
1489 346 1678 405 justitia,

304 411 532 457 clementia
550 412 560 456 1
580 413 763 458 maxime
781 413 884 472 quia
900 423 943 458 et
958 413 1068 459 illud
1082 416 1356 475 praesciebat,
1373 416 1428 460 de
1447 416 1682 475 propagine

304 481 572 528 mortalitatis
588 484 678 543 ejus
694 482 868 528 futuros
883 493 1053 529 sanctos
1069 519 1081 540 ,
1103 487 1178 546 qui
1202 501 1291 531 non
1313 485 1395 530 sibi
1416 494 1678 545 quaererent,

302 551 378 596 sed
400 553 593 598 Creatori
613 568 692 598 suo
713 552 892 611 gloriam
909 553 1080 610 darent,
1098 564 1142 599 et
1155 571 1256 600 eum
1277 555 1463 601 colendo
1481 555 1537 600 ab
1554 555 1679 600 omni

302 624 580 682 corruptione
608 624 812 680 liberati,
836 640 937 669 cum
965 626 1138 684 Angelis
1160 627 1316 671 sanctis
1351 642 1520 686 semper
1539 627 1681 670 vivere

301 703 344 738 et
372 695 498 737 beate
518 695 661 738 vivere
694 699 997 740 mererentur?
1018 698 1102 749 Qui
1135 698 1252 741 enim
1280 698 1531 742 hominibus
1559 696 1681 740 dedit

299 762 489 807 liberum
510 763 737 808 arbitrium
753 799 764 820 ,
801 774 852 809 ut
873 781 962 810 non
985 767 1127 811 servili
1157 768 1408 812 necessitate
1422 802 1434 822 ,
1466 767 1541 811 sed
1563 767 1684 824 inge·

299 848 387 877 nua
419 833 643 879 voluntate
676 838 814 879 Deum
843 835 1064 891 colerent,
1098 837 1220 882 dedit
1257 839 1381 881 etiam
1405 837 1579 895 Angelis
1605 856 1614 880 :
1639 845 1683 880 et

298 902 397 947 ideo
414 918 493 947 nec
510 904 719 963 Angelus,
745 906 941 964 quicum
962 906 1184 964 spiritibus
1205 908 1295 950 aliis
1315 906 1574 951 satellitibus
1595 907 1682 949 suis

298 973 590 1032 superbiendo
609 973 799 1018 deseruit
817 975 1112 1020 obedientiam
1133 976 1237 1031 Dei,
1260 985 1303 1019 et
1324 975 1524 1020 diabolus
1543 975 1681 1020 factus

297 1052 377 1098 est,
393 1043 558 1104 aliquid
572 1046 722 1089 nocuit
732 1047 746 1071 ²
760 1048 865 1099 Deo,
886 1046 961 1090 sed
972 1046 1067 1090 sibi.
1084 1047 1214 1091 Novit
1226 1047 1342 1090 enim
1357 1048 1470 1090 Deus
1481 1045 1681 1090 ordinare

297 1112 541 1160 deferentes
562 1131 607 1160 se
628 1117 792 1161 animas
807 1152 818 1172 ,
863 1126 906 1160 et
927 1132 978 1160 ex
998 1133 1147 1161 earum
1170 1119 1285 1177 justa
1308 1117 1475 1160 miseria
1500 1117 1681 1160 inferio-

298 1197 362 1227 res
380 1194 523 1243 partes
538 1196 747 1230 creaturae
768 1202 858 1231 suae
875 1188 1287 1231 convenientissimis
1304 1198 1347 1232 et
1368 1187 1678 1245 congruentis-

295 1253 409 1298 simis
430 1254 601 1313 legibus
615 1256 884 1301 admirandae
902 1257 1230 1316 dispensationis
1247 1272 1416 1302 ornare.
1435 1260 1587 1316 Itaque
1600 1272 1680 1301 nec

294 1322 496 1369 diabolus
530 1325 697 1385 aliquid
734 1327 822 1371 Deo
860 1328 1011 1372 nocuit
1027 1363 1038 1382 ,
1063 1329 1164 1387 quia
1200 1328 1270 1373 vel
1290 1329 1380 1387 ipse
1417 1328 1563 1386 lapsus
1586 1337 1649 1371 est
1665 1361 1675 1380 ‚

292 1394 361 1438 vel
392 1395 615 1439 hominem
649 1396 821 1441 seduxit
852 1397 907 1442 ad
942 1402 1159 1442 mortem²
1194 1417 1202 1442 ε
1235 1413 1315 1443 nec
1345 1399 1437 1457 ipse
1468 1398 1598 1441 homo
1633 1398 1679 1440 in

290 1462 438 1523 aliquo
474 1465 631 1508 minuit
667 1467 894 1510 veritatem
925 1476 999 1511 aut
1032 1475 1290 1525 potestatem
1313 1476 1389 1510 aut
1424 1466 1676 1509 beatitatem

290 1534 537 1579 Conditoris
568 1536 656 1589 sui,
686 1536 789 1594 quia
810 1536 986 1594 conjugi
1015 1551 1104 1579 suae
1138 1535 1328 1579 seductae
1351 1552 1373 1579 a
1396 1535 1592 1586 diabolo,
1620 1535 1675 1579 ad

288 1602 334 1646 id
353 1604 473 1661 qnod
496 1606 607 1646 Deus
627 1604 937 1661 prohibuerat,
968 1605 1141 1662 propria
1179 1605 1404 1647 voluntate
1438 1605 1671 1648 consensit.

289 1672 538 1715 Justissimis
561 1672 677 1715 enim
701 1673 778 1716 Dei
809 1672 977 1731 legibus
1012 1688 1163 1717 omnes
1196 1673 1389 1718 damnati
1421 1683 1548 1727 sunt,
1586 1678 1674 1718 Deo

289 1740 475 1799 glorioso
492 1756 568 1800 per
583 1742 836 1801 aequitatem
853 1742 1072 1798 vindictae,
1093 1744 1174 1802 ipsi
1191 1744 1467 1802 ignominiosi
1485 1759 1560 1803 per
1579 1754 1673 1788 tur-

287 1811 528 1869 pitudinem
553 1827 695 1870 poenae
716 1832 725 1856 :
746 1821 796 1856 ut
813 1821 856 1857 et
870 1813 1002 1857 homo
1020 1829 1043 1857 a
1060 1829 1138 1857 suo
1160 1816 1364 1858 Creatore
1385 1829 1559 1859 aversus
1580 1815 1671 1858 vic-

286 1889 354 1924 tus
373 1879 547 1925 diabolo
569 1882 846 1936 subderetur,
872 1891 915 1926 et
934 1881 1134 1926 diabolus
1155 1884 1321 1927 homini
1340 1884 1396 1927 ad
1418 1886 1670 1929 Creatorem

285 1966 411 1995 suum
442 1966 650 1996 converso
680 1952 918 1997 vincendus
950 1963 1292 2012 proponeretur3
1325 1965 1374 1998 ut
1401 1955 1669 2014 quicumque

284 2021 459 2066 diabolo
481 2023 685 2081 usquein
727 2023 859 2066 finem
891 2024 1211 2077 consentirent,
1247 2040 1348 2068 cum
1370 2025 1446 2068 illo
1478 2025 1593 2069 irent
1621 2026 1668 2069 in

285 2099 446 2137 aeterna
467 2091 700 2151 supplicia,
725 2092 992 2152 quicumque
1013 2102 1158 2137 autem
1180 2093 1460 2138 humiliarent
1479 2109 1524 2138 se
1550 2097 1660 2148 Deo,

282 2171 326 2206 et
342 2177 418 2221 per
434 2164 527 2222 ejus
557 2163 735 2220 gratiam
757 2163 982 2208 diabolum
1012 2165 1260 2217 vincerent,
1294 2174 1456 2208 aeterna
1484 2165 1662 2222 praemia

281 2241 568 2276 mererentur.

329 2334 335 2348 ¹
359 2329 404 2359 Ex
422 2337 441 2360 2
457 2330 599 2361 Reti-act.
626 2334 675 2369 ¹4·
692 2334 751 2350 -2
771 2328 852 2368 Gen,
872 2338 920 2368 ιιι,
941 2328 973 2369 4.
