1871 3162
582 237 928 274 confEssloNUM,
962 237 1044 264 Lm.
1082 238 1141 264 x1.
1461 230 1544 267 289

177 424 632 442 mmmmm

845 423 984 441 mm
987 422 1548 441 WWWUNJMNWWQNWWM

677 558 892 629 CAPUT
940 562 1036 607 ΙΙΙ.

231 715 353 774 choe
375 716 565 773 scripsit
585 714 782 774 [Moyses
804 712 863 758 de
884 714 1129 759 creatione
1149 712 1256 762 eoelz'
1279 722 1324 758 et
1346 723 1502 769 terrce,

343 783 606 847 z'ntellzgere
628 800 723 829 non
741 794 897 843 potest
919 785 1012 829 nisi
1032 783 1242 830 donante
1263 783 1384 829 Deo.

232 942 285 985 V.
320 944 501 984 AumAM
527 950 569 984 et
595 940 832 998 intelligam
856 941 1077 1000 quomodo
1104 942 1149 984 in
1173 942 1386 1000 principio
1420 940 1556 984 fecisti

173 1010 336 1055 coelum
358 1019 401 1054 et
424 1020 578 1055 terram
598 1013 628 1054 ¹.
667 1011 843 1070 Scripsit
864 1011 947 1055 hoc
968 1014 1153 1067 Moyses,
1178 1012 1345 1069 scripsit
1367 1020 1410 1054 et
1433 1012 1554 1064 abiit,

174 1081 368 1125 transivit
384 1081 486 1125 hinc
502 1096 525 1124 3
542 1090 584 1124 te
602 1080 656 1124 ad
672 1089 738 1138 te,
762 1096 905 1140 neque
930 1097 1047 1124 nunc
1065 1091 1164 1124 ante
1187 1097 1255 1124 me
1273 1090 1335 1124 est
1356 1100 1363 1124 :
1400 1095 1501 1123 nam
1524 1080 1557 1123 si

175 1160 300 1205 esset,
322 1160 511 1194 tenerem
531 1166 648 1205 eum,
664 1158 707 1193 et
725 1165 921 1208 rogarem
939 1166 1057 1205 eum,
1078 1160 1121 1193 et
1138 1166 1213 1208 per
1230 1161 1270 1194 te
1287 1151 1554 1194 obsecrarem

175 1229 225 1264 ut
253 1221 360 1264 mihi
392 1221 471 1264 ista
501 1220 732 1279 panderet,
763 1229 807 1264 et
829 1220 1066 1278 praeberem
1099 1237 1221 1264 aures
1255 1222 1445 1280 corporis
1474 1222 1559 1264 mei

174 1291 288 1336 sonis
310 1291 638 1349 erumpentibus
656 1306 708 1334 cx
729 1306 801 1334 ore
821 1292 925 1350 ejus.
949 1293 1006 1334 Et
1028 1291 1062 1334 si
1084 1291 1257 1335 hebraea
1278 1307 1383 1335 voce
1405 1291 1558 1351 loque-

174 1370 308 1415 retur,
345 1362 505 1406 frustra
535 1360 727 1420 pulsaret
748 1376 921 1421 sensum
943 1376 1106 1415 meum,
1141 1377 1220 1405 nec
1244 1361 1346 1405 inde
1366 1371 1556 1405 mentem

173 1446 314 1475 meam
341 1430 587 1491 quidquam
619 1441 814 1489 taugeret
835 1451 843 1476 :
870 1432 903 1475 si
937 1440 1082 1475 autem
1104 1431 1253 1486 latine,
1279 1431 1427 1476 scirem
1453 1432 1559 1492 quid

174 1500 351 1545 diceret.
391 1501 475 1546 Sed
501 1501 619 1544 unde
655 1502 805 1544 scirem
839 1517 894 1544 an
924 1516 1075 1545 verum
1107 1502 1294 1545 diceret?
1316 1501 1443 1555 Quod
1461 1502 1559 1546 siet

173 1572 257 1617 hoc
279 1572 448 1627 scirem,
475 1587 581 1621 num
605 1573 661 1616 ab
682 1572 758 1616 illo
779 1572 958 1616 scirem?
982 1575 1104 1616 Intus
1122 1573 1274 1631 utique
1295 1573 1416 1624 mihi,
1442 1574 1557 1616 intus

173 1644 219 1686 in
230 1642 450 1687 domicilio
463 1641 749 1701 cogitationis,
761 1658 842 1687 nec
852 1642 1041 1697 hebraea,
1052 1658 1133 1687 nec
1145 1658 1297 1700 graeca,
1315 1659 1394 1687 nee
1406 1643 1556 1699 latina,

174 1728 254 1757 nec
275 1713 455 1757 barbara
477 1713 647 1768 veritas,
673 1713 762 1756 sine
780 1714 862 1757 oris
879 1722 922 1756 et
943 1712 1104 1771 linguae
1125 1713 1312 1771 organis,
1339 1713 1429 1756 sine
1451 1723 1559 1757 stre-

175 1783 269 1842 pitu
287 1782 553 1840 syllabarum
570 1782 754 1827 diceret:
771 1785 933 1826 Verum
951 1782 1056 1826 dicit
1074 1803 1084 1838 3
1102 1792 1146 1825 et
1162 1797 1242 1840 ego
1259 1783 1401 1826 statim
1417 1793 1559 1827 certus

175 1854 446 1897 confidenter
480 1852 544 1896 illi
577 1853 744 1896 homini
774 1862 849 1896 tuo
883 1851 1098 1897 dicerem:
1123 1854 1285 1895 Verum
1308 1852 1424 1896 dicis.
1446 1855 1556 1897 Cum

177 1938 280 1981 ergo
313 1922 438 1966 illum
472 1923 737 1980 interrogare
770 1937 859 1966 non
887 1922 1061 1981 possim,
1083 1931 1140 1976 te,
1166 1938 1254 1982 quo
1278 1922 1430 1981 plenus
1460 1939 1556 1965 vera

176 1992 307 2037 dixit:
334 1993 517 2047 Veritas,
547 2006 667 2049 rogo,
698 2001 755 2047 te,
780 1995 892 2036 Deus
922 2006 1058 2045 meUS,
1084 2007 1206 2050 rogo,
1225 2007 1352 2050 parce
1377 1994 1558 2050 peccatis

178 2063 307 2121 meis,
331 2071 374 2107 et
395 2064 470 2122 qui
493 2062 555 2106 illi
578 2077 700 2107 servo
722 2071 798 2108 tuo
820 2061 976 2106 dedisti
1000 2062 1092 2106 haec
1112 2062 1269 2116 dicere,
1301 2061 1354 2105 (13
1384 2071 1427 2107 et
1454 2063 1559 2106 mihi

178 2133 272 2178 haec
286 2132 537 2192 intelligere.

225 2254 237 2274 1
254 2244 332 2275 Gen.
356 2254 381 2283 1,
403 2254 429 2274 1.

453 2616 626 2647 cxxxn.
1329 2605 1377 2644 19
