1871 3162
245 231 329 270 414
672 244 705 273 s.
741 245 970 274 AUGUSTIM
1002 248 1181 274 Eris-com

236 308 325 354 sive
342 322 424 370 ego
445 309 563 368 ipse,
589 311 677 355 sive
701 309 808 358 alius
828 311 924 370 quis
945 311 1208 355 extrinsecus
1223 310 1312 354 sive
1333 310 1590 354 intrinsecus
1603 345 1614 365 ,

235 379 394 423 nescio.
420 381 529 425 Nam
550 381 633 426 hoc
650 382 792 439 ipsum
810 390 873 424 est
891 381 1011 440 quod
1034 396 1294 440 magnopere
1317 381 1422 424 scire
1440 380 1613 425 molior.

237 449 310 492 Ait
332 463 432 508 ergo
450 451 556 494 mihi
577 486 587 506 ,
613 451 741 495 Ratio
758 485 769 505 ,
795 453 932 506 Ecce,
957 451 1026 495 fac
1049 461 1092 495 te
1113 452 1327 495 invenisse
1349 450 1530 509 aliquid,
1551 451 1622 494 cui

234 519 557 564 commendabis
587 529 636 564 ut
671 535 821 579 pergas
860 520 915 564 ad
944 520 1058 564 alia?
1100 524 1151 564 A.
1179 521 1401 565 Memoriae
1442 520 1616 563 scilicet.

232 591 285 633 R.
325 591 543 635 Tanta-ne
579 591 652 635 illa
680 600 744 635 est
778 601 828 635 ut
857 592 1095 650 excogitata
1133 591 1279 635 omnia
1317 592 1428 634 bene
1451 592 1621 635 servet?

233 661 285 702 A.
316 658 495 707 Difficile
516 669 596 715 est,
621 661 707 704 imo
730 676 820 709 non
842 670 998 720 potest.
1025 664 1079 704 R.
1105 663 1222 719 Ergo
1240 660 1520 707 scribendum
1538 668 1615 703 est.

237 727 320 771 Sed
351 727 459 787 quid
480 729 594 788 agis,
614 729 734 789 quod
754 731 962 781 valetudo
992 740 1069 775 tua
1098 730 1314 774 scribendi
1333 730 1527 774 laborem
1550 745 1621 773 re-

234 799 383 841 cusat?
399 800 488 843 Nec
519 800 597 843 ista
622 799 774 843 dictari
808 800 972 845 debent
990 836 1000 855 ,
1027 816 1127 844 nam
1157 799 1437 844 solitudinem
1460 815 1622 843 meram

233 865 496 911 desiderant.
524 871 575 912 Α.
614 871 777 912 Verum
803 869 923 914 dicis.
968 873 1121 929 Itaque
1145 886 1317 929 prorsus
1348 870 1492 914 nescio
1514 868 1621 929 quid

229 951 366 994 agam.
385 941 438 981 R.
460 939 546 982 Ora
566 938 749 982 salutem
771 948 813 983 et
837 939 1063 994 auxilium,
1082 956 1171 999 quo
1195 941 1249 983 ad
1270 942 1504 999 concupita
1526 955 1621 999 per-

230 1007 392 1061 venias,
410 1016 453 1051 et
475 1009 557 1052 hoc
579 1009 723 1067 ipsum
737 1009 892 1053 litteris
912 1009 1086 1064 manda,
1113 1019 1162 1053 ut
1184 1009 1306 1069 prole
1329 1020 1402 1054 tua
1424 1011 1501 1054 fias
1524 1010 1620 1053 ani-

232 1077 408 1121 mosior.
437 1077 602 1121 Deinde
625 1079 746 1138 quod
767 1078 936 1122 invenis
957 1079 1106 1138 paucis
1128 1078 1495 1123 conclusiunculis
1517 1079 1619 1123 bre-

230 1147 340 1190 viter
360 1146 531 1206 collige.
568 1151 656 1193 Nec
678 1148 809 1193 modo
833 1164 956 1193 cures
987 1149 1288 1194 invitationem
1311 1150 1454 1193 turbae
1471 1149 1620 1208 legen-

232 1217 365 1273 tium,
391 1219 538 1277 paucis
560 1219 639 1262 ista
661 1229 724 1263 sat
741 1228 871 1263 erunt
891 1220 1059 1264 civibus
1082 1220 1182 1263 tuis.
1209 1223 1260 1263 Α.
1291 1223 1353 1263 Ita
1372 1219 1543 1263 faciam.

291 1291 346 1331 ΙΙ.
369 1291 482 1332 Deus
501 1289 790 1334 universitatis
811 1289 1033 1344 conditor,
1059 1299 1215 1349 praesta
1238 1290 1344 1333 mihi
1365 1291 1554 1348 primum
1574 1299 1621 1334 ut

230 1359 341 1402 bene
364 1367 406 1402 te
435 1375 584 1418 rogem
605 1394 615 1414 ‚
649 1359 808 1403 deinde
832 1369 881 1403 ut
902 1375 971 1403 me
993 1375 1115 1417 agam
1136 1360 1317 1418 dignum
1341 1375 1471 1419 quem
1490 1374 1620 1403 exau-

231 1428 350 1483 dias,
377 1438 596 1488 postremo
633 1439 682 1473 ut
703 1428 875 1474 liberes‘.
902 1432 1016 1473 Deus
1038 1444 1115 1488 per
1152 1443 1284 1488 quem
1326 1429 1469 1473 omnia
1486 1463 1496 1483 ,
1522 1445 1620 1488 quae

231 1513 309 1556 per
335 1514 378 1542 se
400 1515 489 1543 non
511 1508 679 1554 essent,
712 1500 901 1543 tendunt
930 1515 1033 1543 esse.
1062 1503 1174 1542 Deus
1197 1500 1273 1558 qui
1296 1515 1350 1542 ne
1372 1500 1417 1542 id
1440 1499 1619 1558 quidem

231 1568 352 1627 quod
382 1583 427 1612 se
460 1569 646 1614 invicem
683 1569 883 1627 perimit,
912 1570 1052 1627 perire
1074 1569 1302 1627 permittis.
1331 1572 1444 1613 Deus
1467 1570 1543 1628 qui
1565 1568 1620 1612 de

234 1636 370 1681 nihilo
402 1637 616 1681 mundum
640 1637 769 1680 istum
797 1638 974 1692 creasti,
1002 1652 1133 1696 quem
1154 1639 1351 1681 omnium
1383 1638 1500 1682 oculi
1522 1653 1619 1681 sen-

231 1708 346 1751 tiunt
367 1707 726 1766 pulcherrimum.
753 1711 867 1751 Deus
889 1709 966 1767 qui
997 1707 1161 1750 malum
1190 1723 1279 1752 non
1297 1707 1422 1763 facis,
1451 1718 1493 1752 et
1514 1708 1618 1752 facis

232 1792 321 1821 esse
353 1792 408 1820 ne
440 1778 672 1836 pessimum
709 1778 796 1821 fiat.
826 1781 939 1822 Deus
964 1779 1041 1837 qui
1063 1779 1210 1837 paucis
1233 1778 1286 1822 ad
1309 1778 1355 1822 id
1378 1778 1497 1838 quod
1520 1795 1618 1822 vere

164 1873 171 1875 -
236 1855 299 1891 est
326 1846 669 1905 refugientibus,
708 1846 897 1891 ostendis
934 1847 1098 1891 malum
1132 1847 1241 1891 nihil
1276 1863 1380 1892 esse.
1410 1851 1523 1892 Deus
1543 1864 1618 1907 per

235 1932 366 1977 quem
396 1917 651 1962 universitas
688 1917 817 1960 etiam
848 1932 948 1961 cum
973 1918 1142 1961 sinistra
1165 1926 1287 1976 parte
1324 1917 1515 1976 perfecta
1537 1928 1614 1962 est.

234 1991 363 2042 Deus,
383 2004 407 2031 a
421 2003 510 2047 quo
529 1987 792 2032 dissonantia
810 2002 947 2047 usque
964 1987 1009 2030 in
1028 1996 1269 2030 extremum
1285 1986 1404 2031 nulla
1424 1997 1500 2042 est,
1519 2003 1618 2031 cum

236 2057 448 2101 deteriora
476 2057 726 2101 melioribus
761 2057 1013 2100 concinunt.
1040 2059 1151 2099 Deus
1182 2071 1313 2115 quem
1348 2066 1462 2100 amat
1490 2072 1618 2100 omne

234 2128 354 2188 quod
377 2136 517 2186 potest
551 2142 714 2182 amare,
752 2127 841 2170 sive
867 2126 1005 2170 sciens
1027 2160 1037 2179 ,
1071 2126 1157 2168 sive
1190 2126 1399 2169 nesciens.
1427 2130 1536 2169 Deus
1574 2127 1618 2169 in

235 2214 324 2259 quo
341 2207 442 2242 sunt
461 2198 626 2252 omnia,
652 2197 722 2241 cui
744 2206 891 2240 tamen
923 2195 1136 2239 universae
1159 2204 1368 2238 creaturae
1387 2230 1396 2249 ,
1424 2212 1503 2240 nec
1526 2206 1618 2239 tur-

236 2269 390 2328 pitudo
408 2269 546 2327 turpis
568 2277 631 2311 est
647 2301 658 2323 ,
678 2282 760 2310 nec
781 2264 944 2310 malitia
966 2275 1116 2319 nocet,
1135 2280 1215 2314 nec
1233 2280 1352 2308 error
1374 2276 1479 2310 erat.
1508 2269 1619 2309 Deus

237 2339 314 2398 qui
332 2339 413 2383 nisi
442 2337 629 2382 mundos
659 2351 810 2381 verum
835 2336 942 2380 scire
972 2334 1195 2380 noluisti1.
1223 2338 1338 2379 Deus
1361 2345 1482 2394 pater
1504 2336 1617 2379 veri-

239 2409 360 2464 tatis,
397 2418 518 2467 pater
539 2407 783 2466 sapientiae,
815 2416 934 2465 pater
961 2421 1074 2450 verae
1097 2420 1366 2465 summaeque
1389 2406 1488 2449 vitae
1504 2440 1515 2457 ,
1539 2421 1617 2464 pa-

239 2488 303 2522 ter
321 2478 599 2521 beatitudinis
616 2512 627 2532 ,
654 2485 776 2535 pater
795 2476 898 2520 boni
919 2486 961 2519 et
980 2475 1175 2535 pulchri,
1197 2484 1318 2534 pater
1333 2475 1616 2534 intelligibilis

287 2569 295 2584 ¹
318 2562 395 2594 Vide
407 2564 550 2598 Retract.
571 2561 627 2593 lib.
644 2572 666 2600 1,
690 2571 763 2602 cap.
786 2560 817 2601 4.
