1871 3162
604 245 952 283 conrnssmnun,
989 244 1071 272 ΜΒ.
1107 245 1205 272 xm.
1509 234 1595 274 379

214 298 485 356 resistentem
520 308 865 355 reconciliationi
887 317 975 353 tuae
996 306 1273 353 defendendo
1294 317 1470 367 peccata
1500 323 1592 355 sua.

219 385 317 428 Non
339 381 442 427 novi
465 380 670 435 Domine,
694 394 785 424 non
805 379 907 424 novi
929 378 1010 424 alia
1032 388 1119 423 tam
1138 387 1254 424 casta
1274 377 1447 438 eloquia
1461 412 1473 434 ‚
1497 395 1597 438 quae

214 454 274 498 sic
294 452 402 496 mihi
417 450 731 511 persuaderent
749 448 1062 496 confessionem
1075 484 1086 506 ,
1112 458 1155 494 et
1175 448 1363 493 lenirent
1385 449 1595 493 cervicem

210 538 352 569 meam
367 525 476 583 jugo
497 531 591 578 tuo,
616 532 661 567 et
693 522 932 568 invitarent
952 521 1095 567 colere
1115 529 1159 566 te
1177 519 1322 580 gratis.
1348 518 1597 578 Intelligam

208 610 258 640 ea
273 629 284 650 ,
313 598 440 639 Pater
460 593 578 639 bone
606 612 616 640 ς
641 592 698 638 da
718 593 825 638 mihi
845 594 940 638 haec
961 592 1274 652 subterposito,
1297 591 1398 652 quia
1420 591 1595 636 subter-

207 664 359 725 positis
384 663 578 708 solidasti
600 679 663 708 ea.

266 737 432 779 XVIII.
471 737 580 779 Sunt
603 735 696 778 aliae
714 748 838 793 aquae
859 748 987 793 super
1008 733 1092 777 hoc
1112 733 1449 788 firmamentum,
1463 731 1595 776 credo

206 805 487 859 immortales,
514 814 557 848 et
588 820 611 848 a
642 813 811 848 terrena
849 804 1128 863 corruptione
1160 811 1349 847 secretae.
1393 801 1593 846 Laudent

205 891 369 920 nornen
410 884 561 929 tuum,
605 873 786 918 laudent
824 882 866 917 te
906 889 1034 933 super
1072 873 1269 918 coelestes
1311 873 1461 932 populi
1498 875 1591 916 An·

207 945 403 1005 gelorum
437 955 631 999 tuorum,
670 945 744 1003 qui
779 959 868 989 non
891 959 999 1002 opus
1019 944 1184 989 habent
1204 943 1418 1002 suspicere
1441 943 1592 1001 ‘firma-

205 1025 402 1061 mentum
420 1017 520 1070 hoc,
539 1024 581 1059 et
594 1015 776 1073 legendo
790 1029 1048 1074 cognoscere
1066 1014 1250 1059 verbum
1272 1011 1592 1075 tuum-'Vident

205 1087 320 1130 enim
355 1085 510 1130 faciem
543 1094 663 1129 tuam
701 1087 910 1144 semper1,
940 1093 982 1128 et
1016 1084 1077 1128 ibi
1108 1083 1262 1142 legunt
1294 1083 1385 1127 sine
1415 1083 1590 1140 syllabis

204 1165 450 1216 temporum
468 1156 575 1216 quid
589 1154 691 1199 velit
701 1164 861 1199 aeterna
875 1154 1074 1198 voluntas
1087 1163 1177 1198 tua.
1195 1156 1383 1212 Legunt,
1403 1152 1585 1212 eligunt,

204 1236 248 1271 et
279 1226 494 1285 diligunt3
529 1241 697 1285 semper
730 1225 897 1284 legunt,
931 1234 974 1269 et
995 1239 1221 1285 nunquam
1245 1224 1436 1284 praeterit
1469 1224 1589 1284 quod

202 1297 372 1355 legunt.
399 1295 613 1355 Eligendo
638 1296 753 1339 enim
771 1305 815 1340 et
834 1295 1054 1353 diligendo
1074 1295 1227 1354 legunt
1253 1295 1387 1354 ipsam
1419 1295 1590 1339 incom-

206 1367 539 1412 mutabilitatem
574 1367 741 1412 consilii
773 1368 853 1412 tui.
880 1370 977 1413 Non
1009 1367 1228 1411 clauditur
1254 1367 1390 1411 codex
1419 1382 1586 1422 eorum,

206 1454 285 1483 nec
307 1439 492 1498 plicatur
509 1438 618 1482 liber
636 1454 803 1493 eorum,
828 1439 929 1499 quia
952 1448 1000 1482 tu
1022 1439 1111 1497 ipse
1132 1437 1215 1482 illis
1236 1438 1319 1483 hoc
1339 1453 1398 1493 es,
1418 1449 1457 1482 et
1478 1453 1522 1482 es
1542 1439 1588 1482 in

202 1520 437 1566 aeternum,
475 1510 575 1570 quia
607 1525 738 1569 super
775 1511 860 1555 hoc
892 1511 1216 1554 firmamentum
1248 1508 1456 1554 ordinasti
1490 1525 1585 1564 eos,

202 1581 322 1642 quod
345 1581 524 1625 firmasti
547 1596 677 1640 super
706 1581 1003 1625 infirmitatem
1026 1579 1281 1624 inferiorum
1303 1579 1584 1639 populorum,

202 1652 281 1696 ubi
319 1651 585 1711 suspicerent
621 1660 664 1695 et
701 1660 1012 1709 cognoscerent
1058 1649 1395 1695 misericordiam
1435 1660 1553 1695 tuam
1572 1686 1583 1705 ,

202 1721 498 1782 temporaliter
518 1722 817 1766 enuntiantem
840 1730 898 1776 te,
923 1722 999 1781 qui
1016 1720 1154 1766 fecisti
1176 1730 1384 1780 tempora.
1406 1724 1457 1765 In
1473 1721 1587 1766 coelo

206 1793 338 1848 enim,
371 1793 569 1846 Domine,
595 1791 886 1837 misericordia
908 1801 999 1845 tua,
1025 1801 1068 1835 et
1089 1792 1244 1836 veritas
1265 1801 1340 1836 tua
1363 1807 1501 1852 usque
1530 1793 1586 1836 ad

205 1864 384 1908 nubes².
407 1865 648 1907 Transeunt
661 1863 815 1918 nubes,
831 1862 992 1907 coelum
1007 1873 1153 1907 autem
1164 1872 1311 1907 manet
1328 1882 1337 1907 2
1359 1872 1586 1908 transeunt

201 1933 505 1994 praedicatores
526 1934 648 1977 verbi
670 1933 735 1977 tui
757 1949 807 1977 ex
829 1934 910 1977 hac
933 1934 1020 1977 vita
1041 1933 1085 1976 in
1108 1933 1233 1977 aliam
1255 1933 1386 1977 vitam
1404 1954 1414 1990 3
1443 1934 1586 1993 Scrip-

201 2014 296 2050 tura
322 2020 425 2049 vero
448 2013 521 2048 tua
544 2020 683 2064 usque
704 2005 749 2048 in
770 2005 900 2048 finem
921 2004 1067 2049 saeculi
1084 2019 1212 2064 super
1230 2003 1414 2064 populos
1436 2014 1585 2049 exten-

201 2074 333 2119 ditur.
361 2074 446 2120 Sed
468 2084 510 2119 et
527 2074 688 2119 coelum
706 2084 749 2119 et
771 2084 881 2119 terra
904 2075 1176 2133 transibunt3
1200 2089 1417 2118 sermones
1439 2084 1583 2119 autem

200 2145 265 2189 tui
287 2160 376 2189 non
395 2145 689 2200 transibuntss,
714 2146 922 2206 quoniam
951 2154 994 2189 et
1013 2144 1137 2205 pellis
1161 2144 1409 2204 plicabitur,
1435 2154 1478 2189 et
1499 2143 1583 2189 foe-

200 2230 307 2259 num
334 2231 462 2275 super
493 2215 614 2276 quod
646 2216 977 2271 extendebatur,
1007 2232 1108 2260 cum
1143 2216 1337 2261 claritate
1368 2231 1443 2259 sua
1466 2231 1580 2275 prae-

200 2285 353 2342 teriet3
388 2285 570 2330 verbum
593 2295 738 2330 autem
772 2295 897 2330 tuum
919 2297 1064 2331 manet
1094 2287 1140 2330 in
1161 2287 1429 2344 aeternum⁴3
1460 2288 1580 2347 quod

199 2370 319 2399 nune
350 2355 396 2399 in
425 2357 654 2415 aenigmate
688 2356 875 2400 nubium
896 2365 939 2400 et
960 2372 1037 2416 per
1058 2356 1283 2416 speculum
1306 2356 1404 2400 coeli
1419 2357 1450 2411 ⁵,
1491 2372 1580 2401 non

199 2425 324 2472 sicuti
344 2434 405 2470 est
423 2435 599 2485 apparet
620 2426 766 2483 nobis,
791 2427 893 2487 quia
914 2436 958 2471 et
978 2443 1055 2472 nos
1078 2427 1274 2487 quamvis
1294 2427 1405 2472 Filio
1426 2435 1502 2471 tuo
1518 2426 1580 2471 di-

259 2523 272 2541 ¹
290 2521 402 2553 Matth.
432 2532 530 2562 xviii,
555 2533 603 2554 10.
633 2539 674 2544 —
696 2529 708 2545 ²
728 2522 806 2555 Psal.
832 2534 928 2562 xxxv,
950 2522 982 2554 6.
1005 2539 1045 2546 -
1064 2522 1076 2546 3
1092 2523 1210 2556 Matth.
1231 2534 1318 2565 xxuv,
1339 2523 1391 2555 35.
1415 2540 1452 2546 —
1471 2523 1573 2557 41sai.

201 2587 253 2618 ιι,
271 2576 303 2608 6.
325 2594 364 2599 -
382 2575 517 2609 51Cor.
536 2587 604 2610 xm.
627 2586 679 2611 12.
