1871 3162
588 220 935 257 CONFESSIONUM,
971 221 1053 248 Lm.
1092 223 1185 249 v111.
1476 215 1554 252 181

176 284 508 345 frequentabam
523 284 746 329 ecclesiam
763 294 898 339 tuam,
920 295 1135 345 quantum
1150 287 1329 331 vacabat
1346 288 1400 331 ab
1414 289 1472 332 eis
1487 305 1560 333 ne-

177 357 301 415 gotiis
313 357 394 400 sub
411 371 597 416 quorum
610 354 805 414 pondere
819 355 1059 413 gemebam.
1078 359 1253 401 Mecum
1271 366 1362 400 erat
1377 357 1559 417 Alypius

175 426 336 470 otiosus
359 426 413 470 ab
435 440 563 484 opere
575 425 922 484 jurisperitorum
946 435 1043 484 post
1065 427 1341 470 assessionem
1366 427 1555 482 tertiam,

175 505 402 556 expectans
425 496 585 556 quibus
607 496 764 539 iterum
787 495 963 540 consilia
988 495 1212 552 venderet,
1227 497 1336 540 sicut
1359 511 1437 555 ego
1450 513 1559 541 ven-

175 566 332 609 debam
355 566 529 610 dicendi
556 564 832 620 facultatem,
859 566 894 610 si
921 581 1007 626 qua
1040 565 1240 610 docendo
1263 568 1455 625 praestari
1478 583 1559 627 po·
1591 587 1628 604 *a*

172 644 270 680 test.
294 635 525 681 Nebridius
559 645 706 680 autem
729 636 929 680 amicitiae
964 645 1122 680 nostrae
1153 646 1363 691 cesserat,
1390 646 1440 681 ut
1462 653 1559 682 om-

172 707 295 749 nium
338 715 534 750 nostrum
577 706 906 751 familiarissimo
943 706 1202 752 Verecundo
1245 708 1561 754 Mediolanensi

173 777 255 820 civi
276 786 318 820 et
339 777 616 834 grammatico
634 777 909 832 subdoceret,
935 778 1214 823 vehementer
1233 777 1495 824 desideranti
1517 791 1560 825 et

171 845 580 906 familiaritatisjure
600 847 815 906 flagitanti
836 846 891 891 de
918 863 1100 892 numero
1124 858 1270 893 nostro
1284 849 1412 893 fidele
1429 852 1559 910 adju-

169 918 356 971 torium,
387 933 474 976 quo
492 918 714 975 indigebat
742 918 883 962 nimis.
910 921 1007 963 Non
1035 920 1182 978 itaque
1203 921 1461 965 Nebridium
1483 936 1560 965 cu-

168 987 322 1046 piditas
340 986 671 1031 oommodorum
692 1003 742 1031 eo
760 990 911 1045 traxit3
932 989 1094 1047 majora
1117 990 1233 1032 enim
1252 1000 1395 1048 posset
1416 991 1450 1034 si
1471 992 1557 1035 vel-

169 1057 228 1101 let
249 1057 303 1101 de
333 1058 483 1101 litteris
517 1073 667 1117 agere,
693 1058 770 1102 sed
792 1059 936 1102 officio
959 1059 1274 1103 benevolentiae
1303 1061 1557 1119 petitionem

169 1136 356 1171 nostram
391 1136 669 1171 contemnere
699 1128 841 1171 noluit
874 1129 1036 1172 amicus
1058 1128 1329 1173 dulcissimus
1352 1140 1396 1174 et
1416 1131 1557 1175 mitis-

167 1199 314 1242 simus.
341 1198 507 1255 Agebat
522 1207 666 1241 autem
685 1198 796 1242 illud
814 1198 1147 1257 prudentissime
1159 1235 1171 1253 ,
1191 1215 1345 1244 cavens
1361 1201 1558 1246 innotes-

167 1283 263 1312 cere
281 1269 473 1327 personis
495 1268 737 1312 secundum
755 1269 837 1312 hoc
859 1268 1068 1312 saeculum
1086 1269 1337 1329 majoribus,
1363 1271 1558 1316 devitans

167 1340 213 1382 in
236 1340 293 1382 eis
311 1354 486 1382 omnem
503 1339 853 1399 inquietudinem
876 1340 1031 1394 animi,
1053 1356 1183 1400 quem
1205 1340 1381 1385 volebat
1399 1342 1557 1387 habere

166 1409 359 1452 liberum
375 1419 418 1452 et
435 1425 566 1468 quam
584 1409 732 1453 multis
756 1420 900 1468 posset
920 1411 1036 1454 horis
1059 1410 1260 1454 feriatum
1282 1411 1336 1454 ad
1352 1428 1554 1472 quaeren-

167 1479 272 1524 dum
291 1479 457 1540 aliquid
472 1515 482 1534 ‚
506 1480 576 1524 vel
597 1480 850 1538 legendum,
867 1481 936 1524 vel
959 1480 1229 1525 audiendum
1252 1482 1307 1526 de
1329 1483 1551 1542 sapientia.

224 1553 343 1594 XIV.
373 1550 573 1603 Quodam
595 1550 725 1608 igitur
757 1549 828 1593 die
847 1585 858 1605 ‚
885 1566 975 1594 non
998 1551 1141 1595 recolo
1163 1567 1333 1596 causam
1357 1569 1442 1612 qua
1466 1563 1557 1598 erat

165 1621 317 1665 absens
339 1620 568 1664 Nebridius
586 1655 596 1674 ,
622 1635 721 1664 cum
745 1635 845 1664 ecce
867 1620 921 1663 ad
945 1635 1022 1664 nos
1045 1620 1226 1665 domum
1248 1622 1388 1676 venit,
1411 1623 1464 1666 ad
1487 1639 1555 1668 me

164 1700 207 1734 et
229 1690 436 1749 Alypium
455 1725 465 1743 ‚
493 1691 765 1735 Pontitianus
786 1689 968 1750 quidam
985 1690 1088 1734 civis
1106 1700 1252 1734 noster
1274 1692 1319 1735 in
1339 1703 1553 1752 quantum

163 1759 295 1815 Afer,
322 1760 527 1818 praeclare
558 1761 603 1804 in
636 1759 797 1818 palatio
833 1759 1023 1803 militans
1051 1779 1059 1804 ε
1090 1760 1232 1804 nescio
1264 1762 1411 1821 quida
1429 1763 1553 1808 nobis

162 1829 352 1874 volebat.
376 1833 431 1873 Et
453 1829 727 1873 consedimus
745 1838 794 1873 ut
822 1829 1188 1889 colloqueremur,
1213 1839 1257 1874 et
1277 1829 1391 1875 forte
1422 1847 1552 1891 supra

164 1915 356 1944 mensam
387 1899 593 1944 lusoriam
622 1916 721 1960 quae
752 1909 851 1944 ante
873 1915 951 1944 nos
973 1909 1085 1954 erat,
1116 1900 1303 1945 attendit
1323 1902 1515 1946 codicem
1535 1938 1546 1959 ,

164 1971 281 2025 tulit,
307 1971 492 2029 aperuit,
510 1970 678 2015 invenit
696 1970 939 2030 apostolum
961 1971 1160 2026 Paulum,
1181 1971 1402 2032 inopinate
1419 1989 1544 2019 sane:

163 2050 389 2101 putaverat
403 2041 518 2084 enim
533 2040 697 2101 aliquid
712 2041 766 2084 de
779 2040 914 2096 libris,
929 2057 1119 2101 quorum
1138 2041 1345 2101 professio
1358 2058 1428 2087 me
1445 2060 1551 2089 con-

162 2112 345 2156 terebat.
371 2114 481 2155 Tum
511 2127 614 2156 vero
646 2112 838 2156 arridens
862 2128 1019 2172 meque
1042 2113 1242 2168 intuens,
1269 2114 1549 2173 gratulatorie

161 2183 341 2227 miratus
364 2191 447 2237 est,
473 2182 596 2241 quod
617 2198 686 2226 eas
708 2192 751 2226 et
770 2183 879 2227 solas
906 2199 993 2243 prae
1017 2184 1152 2228 oculis
1171 2185 1278 2229 meis
1293 2185 1458 2230 litteras
1483 2203 1551 2230 re-

161 2262 292 2312 pente
314 2254 605 2311 comperisset.
633 2253 905 2298 Christianus
937 2255 1100 2314 quippe
1123 2264 1165 2299 et
1187 2256 1326 2300 fidelis
1357 2266 1468 2312 erat,
1506 2267 1549 2303 et

162 2338 276 2382 saepe
298 2324 377 2367 tibi
398 2326 487 2367 Deo
510 2332 657 2368 nostro
680 2325 1037 2383 prosternebatur
1058 2326 1104 2369 in
1127 2325 1303 2370 ecclesia
1325 2328 1484 2372 crebris
1506 2338 1549 2374 et

162 2393 381 2437 diuturnis
411 2393 695 2438 orationibus.
722 2395 804 2439 Cui
840 2410 920 2453 ego
953 2410 1054 2439 cum
1088 2396 1341 2439 indicassem
1367 2396 1450 2441 illis
1477 2414 1547 2443 me

166 2463 397 2522 Scripturis
420 2478 564 2507 curam
594 2465 822 2507 maximam
846 2464 1122 2523 impendere,
1151 2474 1270 2509 ortus
1291 2475 1354 2509 est
1375 2481 1514 2510 sermo
1531 2504 1542 2521 ,

164 2534 255 2591 ipso
272 2543 473 2577 narrante
489 2533 542 2577 de
562 2533 751 2578 Antonio
770 2534 978 2593 AEgyptio
998 2536 1227 2590 monacho,
1247 2537 1369 2595 cujus
1387 2552 1543 2581 nonu-n
