1871 3162
218 177 302 217 330
645 189 679 217 s.
714 185 940 219 mensum
970 188 1153 218 nnscom

216 256 331 300 inter
346 268 505 316 aquam
523 262 567 299 et
585 269 743 315 aquam
758 254 951 300 secundo
973 253 1043 299 die
1059 263 1157 315 post
1178 253 1473 301 conditionem
1489 255 1597 302 lucis

220 325 361 370 dixisti
388 344 397 371 :
421 343 443 369 «
467 325 586 384 Fiat3
611 345 629 368 »
654 334 698 370 et
718 325 778 370 sic
799 323 965 370 factum
987 327 1092 370 est1.
1119 324 1249 379 Quod
1274 326 1598 371 firmamentum

219 396 382 440 vocasti
396 396 560 441 coelum
576 431 587 452 ‚
613 395 688 441 sed
710 394 871 440 coelum
891 404 1018 440 terrae
1045 394 1176 456 hujus
1199 405 1242 440 et
1263 396 1392 440 maris
1409 411 1510 455 quae
1531 395 1599 440 fe-

220 467 314 512 cisti
330 467 459 512 tertio
481 467 552 512 die
565 502 576 522 ,
602 466 749 510 dando
769 466 957 525 speciem
976 466 1191 511 visibilem
1212 465 1387 512 informi
1408 466 1600 510 materiae

220 553 353 598 quam
374 537 511 582 fecisti
536 547 636 582 ante
657 552 831 582 omnem
848 537 980 582 diem.
1006 539 1031 581 J
1035 552 1102 582 am
1123 538 1240 582 enim
1258 537 1422 582 feceras
1443 546 1487 581 et
1507 552 1602 581 coe·-

221 609 313 653 lum
351 618 450 653 ante
483 623 656 653 omnem
676 607 792 653 diem
807 643 818 664 ‚
843 608 919 653 sed
940 607 1105 653 coelum
1127 607 1223 652 coeli
1250 609 1378 667 hujus
1395 642 1406 663 ‚
1431 608 1533 667 quia
1557 608 1603 651 in

222 680 436 740 principio
451 677 614 724 feceras
630 679 793 723 coelum
810 689 852 724 et
866 688 1040 723 terram.
1062 681 1190 722 Terra
1209 688 1353 722 autem
1365 678 1457 737 ipsa
1471 693 1603 737 quam

223 750 408 805 feceras,
433 747 629 793 informis
651 750 849 794 materies
868 758 982 805 erat,
1000 748 1102 809 quia
1124 748 1347 794 invisibilis
1368 757 1459 793 erat
1475 758 1518 792 et
1533 749 1602 793 in-

221 821 480 880 composita,
505 830 548 864 et
579 821 773 864 tenebrae
806 836 933 880 super
955 821 1174 878 abyssum.
1201 823 1262 864 De
1283 836 1370 881 qua
1403 829 1516 864 terra
1534 820 1604 863 in-

221 892 380 936 visibili
413 901 457 936 et
479 886 783 952 incomposita,
804 892 859 936 de
878 907 964 952 qua
985 890 1251 936 informitate
1273 926 1283 946 ‚
1308 892 1362 935 de
1385 907 1472 951 quo
1494 906 1605 950 pene

221 963 359 1009 nihilo
381 964 543 1009 taceres
571 964 665 1009 haec
695 964 839 1009 omnia
860 964 1021 1023 quibus
1057 964 1135 1008 iste
1172 962 1392 1007 mutabilis
1414 962 1604 1006 mundus

212 1044 418 1089 constat,
446 1044 490 1079 et
507 1051 596 1079 non
625 1044 814 1089 constat,
837 1035 882 1078 in
900 1049 989 1094 quo
1012 1035 1080 1093 ipa
1113 1033 1377 1077 mutabilitas
1400 1043 1601 1092 apparet,

222 1105 269 1147 in
291 1120 377 1164 qua
400 1105 547 1149 sentiri
562 1114 604 1148 et
620 1104 885 1148 dinumerari
905 1113 1086 1163 possunt
1105 1112 1316 1162 tempora,
1337 1103 1439 1163 quia
1460 1118 1605 1147 rerum

221 1176 536 1220 mutationibus
570 1177 683 1219 fiunt
705 1184 899 1233 tempora
934 1175 1040 1218 dum
1064 1175 1284 1218 variantur
1305 1183 1347 1217 et
1376 1183 1604 1218 vertuntur

223 1246 399 1305 species,
426 1261 611 1306 quarum
633 1246 831 1290 materies
856 1244 1060 1305 praedicta
1083 1255 1145 1289 est
1166 1253 1278 1289 terra
1301 1244 1540 1289 invisibilis.

222 1415 645 1431 ,ΜΜΜΜΜω-Μ,
648 1414 1600 1430 mmmmmmmmmmmmmm

732 1546 808 1593 CA
821 1547 948 1594 PUT
994 1548 1081 1592 N.

228 1702 327 1747 Cur
366 1699 548 1760 absque
592 1700 775 1746 dierum
810 1702 1048 1746 mentione
1088 1701 1317 1760 seriptum
1350 1710 1418 1745 est
1448 1700 1605 1746 Deum

413 1772 601 1834 fecisse
616 1774 665 1818 in
682 1773 920 1833 principio
938 1770 1106 1818 eoelmn
1127 1782 1171 1817 et
1195 1781 1386 1817 terram.

281 1932 359 1975 IX.
385 1933 578 1985 Innoqtm
612 1931 795 1991 Spiritus
816 1930 970 1976 doctor
991 1929 1146 1975 famuli
1178 1931 1267 1985 tui,
1292 1945 1395 1975 eum
1416 1939 1459 1974 te
1480 1944 1603 1974 com-

220 2011 432 2047 memorat
451 2001 602 2047 fecisse
635 2002 681 2046 in
704 2002 918 2061 principio
938 2000 1104 2045 coelum
1126 2010 1169 2044 et
1190 2009 1370 2055 terram,
1403 2009 1517 2045 tacet
1548 2000 1604 2045 dc

221 2073 489 2132 temporibus
505 2108 516 2128 ‚
553 2073 649 2117 silet
669 2073 725 2118 de
752 2073 921 2117 diebus.
947 2072 1161 2119 Nimirum
1183 2072 1299 2116 enim
1317 2071 1479 2116 eoelum
1502 2072 1603 2115 coeli

149 2173 153 2216 ,Ι
220 2144 340 2204 quod
357 2144 402 2187 in
422 2144 635 2203 principio
658 2143 823 2199 fecisti,
847 2152 1045 2188 creatura
1066 2152 1130 2187 est
1157 2141 1303 2202 aliqua
1324 2141 1604 2187 intellectua-

152 2227 153 2233 ’
220 2215 272 2260 lis
290 2236 302 2273 3
323 2230 575 2275 quanquam
600 2229 875 2275 nequaquam
890 2213 970 2258 tibi
989 2214 1186 2258 Trinitati
1208 2222 1445 2270 coaeterna3
1471 2213 1605 2272 parti-

223 2301 323 2345 ceps
347 2295 492 2331 tamen
522 2285 776 2330 aeternitatis
809 2294 926 2339 tuae,
956 2284 1082 2329 valde
1111 2284 1445 2329 mutabilitatem
1483 2299 1604 2328 suam

224 2372 313 2416 prae
342 2356 576 2401 dulcedine
608 2355 863 2401 felicissimae
889 2356 1266 2415 contemplationis
1294 2364 1382 2399 tuae
1404 2355 1602 2408 cohibet,

226 2435 268 2471 et
285 2428 375 2471 sine
389 2427 480 2472 ullo
496 2427 620 2486 lapsu
639 2442 689 2472 ex
711 2442 800 2487 quo
823 2425 936 2472 facta
956 2435 1019 2470 est
1036 2425 1288 2470 inhaerendo
1307 2425 1384 2469 tibi
1405 2460 1414 2476 ,
1439 2424 1605 2469 excedit

277 2531 284 2545 ¹
307 2526 385 2557 Gen.
406 2535 428 2562 1,
446 2525 481 2563 (5,
498 2535 525 2565 7,
