1871 3162
558 300 905 336 coNFEsslonnm,
942 300 1024 326 Lm.
1058 298 1133 324 xn.
1443 289 1524 326 333
1572 324 1578 329 ,

148 376 235 410 tuae
254 400 265 420 ‚
293 365 415 409 beata
435 365 694 424 sempiterno
717 365 1008 409 inhabitatore
1036 374 1077 408 te
1102 373 1231 424 atque
1266 363 1528 409 illustratore

147 436 253 480 suo!
279 438 367 480 Nec
388 435 562 479 invenio
590 435 694 494 quid
718 435 925 479 libentius
959 434 1268 494 appellandum
1292 434 1526 477 existimem

147 506 309 551 coelum
328 504 429 549 coeli
447 505 654 560 Domino,
673 521 806 564 quam
826 504 1006 550 domum
1027 515 1142 548 tuam
1162 503 1528 563 contemplantem

148 576 479 620 delectationem
502 584 622 620 tuam
644 576 736 619 sine
760 574 851 620 ullo
869 568 1045 620 defectu
1062 573 1313 633 egrediendi
1329 574 1376 617 in
1393 572 1528 627 aliud,

149 654 339 690 mentem
371 661 526 705 puram
565 645 896 691 concordissime
925 660 1056 689 unam
1091 643 1385 689 stabilimento
1418 644 1533 702 pacis

150 726 397 762 sanctorum
429 717 682 776 spirituum,
708 717 868 761 civium
890 717 1075 761 civitatis
1098 726 1185 761 tuae
1214 716 1262 759 in
1283 714 1533 760 coelestibus

149 802 277 846 super
297 787 377 832 ista
391 787 600 831 coelestia.

207 859 335 901 XIII.
361 856 486 901 Unde
508 856 724 916 intelligat
747 858 888 901 anima
906 859 1029 916 cujus
1051 857 1341 916 peregrinatio
1364 856 1536 914 longin-

150 944 237 988 qua
259 926 371 972 facta
394 937 482 982 est,
521 928 555 972 si
579 930 668 988 jam
701 929 790 972 sitit
814 928 921 985 tibi3
945 929 978 971 si
1004 929 1092 987 jam
1129 927 1255 971 factae
1283 936 1384 971 sunt
1407 927 1445 969 ei
1471 926 1535 969 Ia-

151 1013 312 1055 crymae
328 1013 417 1041 suae
439 998 561 1057 panis
577 1033 587 1051 ‚
615 999 720 1041 dum
745 997 905 1042 dicitur
927 999 963 1041 ei
982 1013 1059 1056 per
1087 997 1278 1055 singulos
1310 998 1400 1040 dies
1427 1016 1434 1040 :
1460 998 1537 1040 ubi

151 1077 214 1111 est
231 1071 345 1111 Deus
363 1071 511 1124 tuus¹3
532 1069 564 1112 si
578 1071 667 1127 jam
686 1069 794 1126 petit
813 1084 836 1111 a
853 1077 895 1111 te
913 1083 1046 1111 unam
1068 1077 1111 1110 et
1129 1068 1240 1110 hanc
1262 1067 1464 1125 requirit,
1489 1077 1539 1111 ut

152 1137 366 1180 inhabitet
388 1137 432 1180 in
455 1136 586 1180 domo
608 1147 682 1181 tua
703 1152 781 1195 per
797 1152 946 1180 omnes
967 1137 1058 1179 dies
1071 1138 1172 1180 vitae
1187 1140 1315 1179 suae2.
1334 1139 1421 1193 (Et
1438 1153 1537 1195 quae

152 1207 239 1250 vita
263 1208 354 1266 ejus
377 1207 456 1250 nisi
480 1209 559 1250 tu?
583 1210 637 1250 Et
656 1207 733 1265 qui
756 1206 846 1250 dies
869 1207 933 1250 tui
956 1207 1037 1250 nisi
1060 1207 1278 1250 aeternitas
1302 1216 1373 1250 tua
1393 1242 1403 1259 ‚
1430 1208 1540 1251 sicut

154 1277 251 1320 anni
289 1276 351 1319 tui
387 1277 461 1335 qni
484 1291 572 1319 non
606 1276 840 1329 deficiunt,
877 1277 979 1335 quia
1011 1275 1125 1319 idem
1150 1278 1240 1334 ipse
1268 1278 1404 1334 es3?)
1428 1280 1540 1321 Hinc

156 1361 256 1403 ergo
279 1345 489 1404 intelligat
512 1347 653 1390 anima
671 1362 772 1405 quae
794 1355 963 1405 potest,
990 1362 1122 1405 quam
1144 1347 1273 1405 longe
1296 1363 1425 1406 super
1448 1364 1541 1391 om-

158 1417 226 1461 nia
251 1426 444 1475 tempora
480 1417 534 1459 sis
567 1427 779 1460 aeternus:
805 1417 982 1475 quando
1005 1426 1076 1461 tua
1112 1419 1267 1461 domus
1289 1435 1387 1478 quae
1417 1435 1541 1477 pere-

159 1496 324 1545 grinata
347 1502 435 1530 non
459 1495 549 1540 est,
586 1502 783 1544 quamvis
816 1502 902 1529 non
941 1488 993 1530 sit
1024 1488 1100 1530 tibi
1127 1498 1339 1532 coaeterna
1358 1524 1368 1542 ,
1399 1499 1542 1533 tamen

159 1558 453 1601 indesinenter
470 1566 512 1601 et
528 1558 826 1600 indeficienter
840 1558 914 1600 tibi
930 1558 1190 1602 cohaerendo
1204 1559 1367 1603 nullam
1383 1562 1546 1618 patitur

159 1627 495 1671 vicissitudinem
535 1635 795 1686 temporum.
836 1630 926 1671 Hoc
957 1629 998 1670 in
1038 1639 1272 1687 conspectu
1309 1639 1385 1674 tuo
1413 1630 1547 1674 claret

159 1698 267 1742 mihi
285 1733 296 1752 ,
321 1708 365 1741 et
388 1698 523 1756 magis
545 1698 767 1757 magisque
790 1697 993 1742 clarescat
1029 1715 1105 1742 oro
1135 1709 1198 1753 te,
1225 1710 1355 1759 atque
1388 1701 1433 1744 in
1466 1703 1546 1746 hac

162 1766 511 1812 manifestatione
535 1768 758 1825 persistam
782 1769 949 1811 sobrius
965 1770 1046 1811 sub
1065 1769 1141 1812 alis
1164 1770 1264 1813 tuis.

221 1839 339 1881 XIV.
365 1840 478 1881 Ecce
512 1837 657 1881 nescio
688 1837 795 1896 quid
828 1837 1013 1882 informe
1034 1839 1078 1881 in
1111 1840 1200 1883 istis
1234 1843 1548 1887 mutationibus

164 1922 309 1951 rerum
332 1916 625 1950 extremarum
644 1917 775 1967 atque
795 1908 1079 1952 infirmarum.
1102 1913 1159 1954 Et
1175 1911 1271 1969 quis
1290 1911 1405 1956 dicet
1424 1915 1546 1968 mihi,

165 1977 246 2021 nisi
263 1977 459 2036 quisquis
473 1991 549 2035 per
563 1977 710 2020 inania
724 1978 865 2021 cordis
879 1979 943 2022 sui
964 1994 1064 2022 cum
1077 1981 1163 2024 suis
1181 1981 1551 2039 phantasmatibus

165 2056 345 2106 vagatur
366 2056 410 2091 et
430 2046 650 2091 volvitur:
677 2048 775 2105 quis
809 2048 890 2092 nisi
915 2048 1008 2093 talis
1032 2049 1146 2094 dicet
1173 2052 1308 2106 mihi,
1335 2055 1457 2112 quod
1487 2056 1554 2099 di-

167 2118 334 2163 minuta
366 2125 496 2176 atque
525 2126 782 2176 consumpta
810 2119 929 2162 omni
959 2120 1120 2178 specie,
1159 2122 1192 2164 si
1219 2121 1308 2166 sola
1335 2134 1556 2169 remaneat

167 2186 410 2232 informitas
428 2221 439 2242 ‚
464 2201 542 2245 per
563 2202 697 2246 quam
715 2187 769 2232 de
787 2189 928 2247 specie
946 2189 991 2233 in
1009 2193 1194 2249 speciem
1215 2207 1281 2236 res
1302 2194 1555 2240 mutabatur

170 2268 212 2303 et
232 2258 483 2302 vertebatur
501 2292 511 2312 ‚
532 2258 664 2316 possit
687 2257 891 2302 exhibere
908 2259 1022 2303 vices
1052 2265 1331 2320 temporum?
1362 2265 1553 2310 Omnino

169 2328 284 2372 enim
303 2342 392 2372 non
413 2336 557 2387 potest
583 2346 593 2372 ε
617 2327 719 2388 quia
737 2328 828 2372 sine
850 2330 1055 2374 varietate
1075 2332 1318 2376 motionum
1341 2349 1430 2379 non
1451 2345 1552 2380 sunt

171 2408 392 2457 tempora3
416 2406 459 2442 et
476 2397 597 2443 nulla
618 2398 801 2442 varietas
818 2433 830 2453 ‚
855 2398 933 2443 ubi
950 2400 1070 2445 nulla
1093 2403 1270 2460 species.

222 2495 330 2527 ¹Psal.
354 2505 416 2535 xm,
437 2495 468 2536 3,
489 2494 509 2536 4
528 2499 561 2527 et
583 2506 633 2528 11.
650 2511 691 2519 —-
712 2495 948 2537 ²1d.xxvl,4.
963 2512 1004 2518 -
1028 2495 1041 2519 3
1056 2497 1103 2528 Id.
1127 2508 1170 2538 ci,
1190 2500 1243 2530 28.
