1871 3162
249 216 332 255 564

292 297 393 327 cipum
418 305 481 327 xm.

418 414 481 437 XIV.

429 471 484 493 XV.

418 580 482 602 xvi.

408 692 473 713 xvu
478 705 485 713 ·

395 747 481 769 xvm.

412 802 479 825 11¹.

427 857 482 879 XX.

418 913 483 934 xm.

401 968 480 991 xxu.

390 1080 481 1102 xxm.

401 1136 476 1159 XXIV
481 1150 487 1158 ·

408 1248 482 1270 XXV.

400 1359 475 1382 xxw
481 1375 487 1381 .

384 1415 485 1437 xxvn.

369 1470 483 1493 xxvm.

401 1526 477 1548 XXIX
483 1541 488 1548 .

411 1583 474 1604 XXX
479 1598 486 1605 .

402 1693 474 1715 xxxl
480 1707 486 1714 .

385 1803 484 1826 xxx11⁴

885 227 1031 255 INDEX.

509 296 571 326 Cur
595 294 662 326 sine
684 294 806 326 dierum
824 294 1130 327 commemoratione
1148 294 1226 326 dicit
1242 294 1402 337 Scriptura
1418 319 1427 336 ,
1453 296 1538 338 quod

555 349 586 381 in
604 349 758 391 principio
776 349 856 381 fecit
872 351 954 381 Deus
972 349 1084 382 coelum
1105 353 1139 382 et
1155 355 1286 382 terram.

509 404 682 446 Seripturae
699 403 907 446 profunditas.

510 461 587 497 Quae
610 461 650 492 de
674 463 763 498 Deo,
791 460 894 502 deque
923 459 1047 502 Angelis
1074 465 1108 493 et
1132 460 1260 493 informi
1286 461 1418 494 materia
1443 461 1541 493 sentit

1457 362 1537 395 pag.
1564 353 1627 384 335

1563 407 1627 439 336

555 515 754 558 AugustinuS,
772 526 834 547 non
847 520 978 558 possunt
993 516 1196 549 oblocutores
1211 527 1340 558 negare.
1565 520 1626 549 337

509 573 587 604 Rem
610 571 731 603 habere
752 581 815 603 non
839 571 909 603 vult
925 582 998 604 cum
1018 571 1075 613 iis,
1098 571 1152 615 qui
1170 572 1393 605 contradicunt
1410 572 1540 605 veritati

555 627 681 658 divinae.
1565 629 1630 660 340

511 683 553 713 L‘t
569 682 639 714 coeli
657 686 689 713 et
703 687 796 714 terrae
813 683 992 715 nominibus
1014 683 1099 716 aliud
1116 688 1149 716 et
1170 682 1254 716 aliud
1270 682 1404 727 intelligi
1419 687 1538 726 potest.
1565 687 1625 716 341

508 736 584 775 Quis
602 747 690 769 error
707 738 850 770 innoxius
865 738 898 770 in
913 739 1095 781 Scripturis.
1565 741 1629 772 343

509 794 583 831 Quae
593 791 711 835 liquido
722 803 812 825 vera.
1565 797 1630 828 344

507 847 552 879 In
562 847 735 891 principio
754 848 894 885 creavit,
914 851 995 888 ete,
1014 847 1103 880 varie
1120 847 1332 881 intellectum.
1566 851 1630 882 345

511 903 625 935 Terra
638 910 714 934 erat
726 902 919 941 invisibills,
937 906 1018 943 etc.,
1036 902 1125 935 varie
1140 903 1353 936 intellectum.
1565 906 1629 937 346

506 957 630 1001 Aliquid
648 968 717 990 esse
735 969 753 991 a
767 961 833 991 Deo
850 959 1028 1000 conditum,
1047 958 1089 991 de
1108 970 1170 1002 quo
1188 959 1281 992 sileat
1296 959 1380 992 liber
1396 960 1538 1001 Genesis,

556 1013 632 1046 nihil
652 1018 820 1056 repugnat.
1567 1019 1630 1049 347

506 1073 575 1103 Duo
589 1070 817 1103 dissensionum
834 1081 952 1113 genera
974 1072 1006 1104 iu
1022 1071 1191 1114 Scripturis
1208 1071 1471 1114 interpretandis.
1565 1074 1629 1105 349

514 1128 559 1158 Ex
585 1126 690 1158 multis
710 1127 794 1158 veris
816 1137 879 1159 non
907 1127 1007 1160 debet
1030 1128 1165 1160 fidenter
1187 1127 1283 1160 asseri
1309 1128 1370 1160 hoc
1392 1132 1448 1160 aut
1465 1126 1542 1161 illud

555 1183 686 1214 sensisse
699 1183 838 1224 Moysen.
1566 1185 1631 1217 350

510 1238 672 1270 Adversus
689 1249 742 1271 eos
765 1239 819 1281 qui
843 1237 975 1271 aliorum
991 1239 1224 1282 interpretandi
1242 1239 1401 1272 rationem
1417 1243 1542 1273 temere

555 1295 719 1335 rejiciunt.
1566 1298 1628 1328 351

515 1349 574 1388 Qui
586 1360 690 1382 sermo
707 1350 822 1383 deceat
839 1351 1046 1392 scripturam.
1567 1355 1630 1384 353

510 1406 707 1448 Scripturam
723 1406 820 1438 decet
831 1405 949 1438 humile
965 1406 1161 1449 simplexque
1177 1405 1349 1438 verborum
1365 1416 1473 1449 genuS.
1566 1410 1632 1439 354

510 1463 551 1493 Ut
567 1462 657 1493 varie
668 1462 854 1503 intelligitur
870 1461 911 1494 ab
930 1462 1061 1494 eruditis
1077 1462 1253 1504 Scriptum.
1566 1464 1631 1495 355

515 1519 599 1555 Quot
615 1517 715 1549 modis
732 1518 848 1549 dicitur
865 1517 981 1560 aliquid
998 1517 1095 1560 prius.
1567 1519 1631 1549 357

511 1574 716 1607 Tractatores
740 1574 912 1616 Scripturae
933 1573 1059 1605 diversa
1074 1571 1249 1605 sentientes
1269 1571 1466 1604 concordent
1488 1571 1542 1605 in-

555 1629 662 1661 vicem
682 1629 840 1661 charitate
856 1633 890 1660 et
904 1629 1007 1660 studio
1024 1628 1182 1660 veritatis.
1566 1630 1631 1661 359

514 1682 653 1714 Sensisse
669 1682 826 1724 putandus
851 1685 900 1713 est
917 1683 1048 1722 Moyses
1065 1681 1216 1723 quidquid
1232 1683 1300 1714 veri
1315 1686 1422 1724 potest
1440 1682 1472 1716 in
1487 1684 1542 1726 ip-

557 1738 619 1769 sius
632 1736 741 1769 verbis
755 1736 901 1768 inveniri.
1567 1740 1631 1771 360

511 1793 585 1826 Veri
602 1793 772 1836 Scripturae
789 1802 896 1825 sensus
911 1803 929 1824 a
947 1792 1067 1834 Spiritu
1082 1795 1192 1825 sancto
1206 1793 1401 1827 revelantur.
1565 1797 1625 1827 361

771 1934 944 1978 LIBER
975 1935 1102 1978 XIII.

252 2093 318 2128 Dei
336 2092 541 2127 honitatem
559 2092 596 2125 in
615 2101 740 2125 rerum
759 2091 1008 2136 productione
1029 2100 1070 2125 ac
1090 2090 1317 2135 perfectione
1334 2090 1525 2133 relucere;
1553 2097 1628 2126 tum

298 2152 408 2186 etiam
429 2150 548 2185 Deum
573 2150 806 2191 Trinitatem,
830 2149 1018 2195 ipsiusque
1040 2150 1308 2194 proprietatem
1330 2149 1487 2193 Spiritus
1516 2150 1630 2185 sancti

296 2209 424 2254 primis
439 2208 623 2243 Geneseos
643 2207 763 2243 verbis
778 2207 949 2242 insinuari
965 2207 1137 2241 ostendit.
1152 2206 1394 2242 Postmodum
1409 2217 1499 2243 vero
1517 2214 1629 2242 totam

295 2266 435 2301 conditi
459 2265 586 2299 mundi
612 2264 800 2299 historiam
824 2264 1019 2308 allegorica
1044 2264 1352 2308 interpretatione
1377 2265 1552 2299 transfert
1583 2266 1628 2300 ad

300 2335 355 2365 ca,
372 2334 455 2369 quae
473 2324 572 2359 Deus
589 2323 625 2357 in
640 2322 803 2358 Ecclesia
821 2323 865 2358 ad
879 2323 1070 2358 hominum
1081 2323 1312 2359 sanctitatem
1326 2328 1359 2358 et
1375 2323 1528 2368 gloriam
1543 2333 1631 2369 ope-

299 2389 416 2418 ratur·

303 2518 404 2550 cim
466 2527 485 2548 1.

453 2583 485 2603 ll.

1563 2517 1627 2548 :362

1564 2574 1626 2603 263

512 2517 645 2548 Invocat
662 2518 762 2548 Deum
778 2516 869 2557 cujus
888 2515 1035 2548 bonitdte
1053 2526 1086 2548 se
1104 2517 1303 2558 praeventum
1321 2515 1474 2556 agnoscit.

512 2573 672 2604 Creaturae
689 2583 728 2604 ex
750 2573 806 2605 Dei
823 2572 966 2605 bonitate
987 2572 1160 2604 subsistunt
1179 2576 1211 2604 et
1231 2571 1445 2613 perficiuntur
