1871 3162
588 189 934 228 CONFESSIONUM‚
967 193 1049 220 Liss.
1085 192 1160 219 xit.
1470 183 1551 220 320

303 373 315 387 ἱ
353 373 380 386 tx
388 373 518 388 ὶννὶυννὶ
525 373 659 388 suanm&
665 374 1558 391 OEWWUWWWKWWWWWWUXWGAMMMMRRAE!

689 506 904 555 CAPUT
948 509 1035 554 ΙΙΙ.

395 662 528 725 Quid
547 663 754 709 tenebrae
781 679 922 724 super
940 664 1133 727 faciem
1172 663 1350 724 abyssi.

243 827 322 867 ΠΙ.
346 827 409 867 ΕΤ
431 824 632 867 nimirum
650 825 744 868 haec
771 843 790 866 «
814 827 941 868 Terra
964 833 1055 868 erat
1077 823 1300 867 invisibilis
1330 833 1372 868 et
1395 824 1563 868 incom-

186 914 205 935 »
244 897 376 954 posita
395 931 404 950 ‚
435 915 453 936 »
473 905 515 939 et
534 897 678 939 nescio
700 912 800 956 quae
821 896 1094 955 profunditas
1118 896 1260 953 abyssi
1284 911 1412 955 super
1433 912 1561 956 qnam

183 982 270 1010 non
294 977 385 1010 erat
407 967 504 1024 lux3
532 968 631 1027 quia
654 967 773 1011 nulla
792 968 953 1026 species
976 977 1065 1011 erat
1084 967 1145 1010 illi
1167 988 1177 1023 3
1203 967 1320 1011 unde
1332 969 1493 1027 jussisti
1517 977 1565 1011 ut

181 1039 470 1092 scriberetur,
502 1038 622 1098 quod
649 1058 668 1080 «
694 1039 902 1082 Tenebrae
935 1048 1057 1082 erant
1092 1054 1222 1098 super
1250 1039 1506 1096 abyssum¹,
1542 1058 1561 1078 »

181 1108 290 1168 quid
324 1108 439 1151 aliud
463 1124 595 1167 quam
619 1108 727 1152 lucis
756 1109 980 1151 absentia?
1050 1108 1093 1151 bi
1120 1109 1235 1151 enim
1268 1108 1343 1151 lux
1373 1118 1507 1163 esset,
1532 1109 1565 1152 si
1624 1127 1631 1138 ι

181 1188 290 1222 esset
307 1214 316 1231 ,
343 1180 422 1222 nisi
451 1188 690 1238 superesset
712 1179 944 1223 eminendo
970 1187 1014 1222 et
1039 1178 1329 1223 illustrando?
1354 1179 1439 1223 Ubi
1464 1194 1566 1237 ergo

182 1249 255 1292 lux
272 1250 467 1293 nondum
492 1258 582 1292 erat
598 1283 608 1302 ,
634 1248 740 1308 quid
768 1257 859 1291 erat
885 1248 1032 1292 adesse
1053 1249 1253 1292 tenebras
1269 1283 1280 1303 ,
1314 1249 1394 1292 nisi
1417 1250 1565 1293 abesse

180 1320 321 1363 lucem
339 1322 356 1360 ⁶?
381 1322 517 1378 Super
534 1320 682 1379 itaque
703 1328 826 1363 erant
843 1319 1034 1363 tenebrae
1051 1354 1062 1373 ‚
1095 1320 1197 1379 quia
1219 1319 1293 1363 lux
1312 1335 1441 1378 super
1459 1321 1563 1364 abe-

181 1400 246 1433 rat
270 1409 277 1433 :
304 1391 413 1433 sicut
444 1405 573 1433 sonus
602 1389 680 1433 ubi
702 1405 790 1434 non
814 1399 902 1443 est,
932 1389 1150 1433 silentium
1173 1400 1250 1434 est.
1284 1393 1340 1434 Et
1371 1390 1479 1450 quid
1501 1401 1564 1434 est

179 1475 266 1503 esse
285 1459 344 1502 ibi
367 1459 601 1513 silentium,
616 1460 695 1502 nisi
718 1475 871 1503 sonum
886 1459 946 1503 ibi
963 1475 1051 1504 non
1069 1462 1188 1504 esse?
1210 1463 1364 1505 Nonne
1388 1470 1450 1516 tu,
1477 1464 1565 1505 Do-

181 1530 311 1584 mine,
337 1529 518 1573 docuisti
546 1530 658 1574 hanc
681 1530 866 1573 animam
890 1545 988 1588 quae
1012 1530 1091 1574 tibi
1120 1531 1382 1575 confitetur?
1407 1533 1562 1576 Nonne

180 1611 243 1648 tu.
268 1601 462 1654 Domine,
480 1600 664 1644 docuisti
679 1615 763 1653 me,
786 1600 905 1658 quod
924 1600 1174 1659 priusquam
1192 1602 1314 1644 istam
1329 1599 1560 1645 informem

179 1672 401 1714 materiam
428 1669 635 1714 formares
657 1679 787 1730 atque
811 1670 1098 1728 distingueres
1115 1705 1125 1724 ,
1151 1686 1240 1715 non
1262 1680 1354 1714 erat
1376 1671 1554 1731 aliquid,

180 1756 267 1784 non
295 1740 438 1793 color⁷
471 1755 559 1783 non
590 1741 748 1797 figura,
789 1755 878 1783 non
916 1754 1098 1798 corpus,
1125 1755 1212 1783 non
1244 1740 1447 1799 spiritus?
1473 1757 1561 1785 non

179 1822 324 1855 tamen
356 1811 533 1854 omnino
564 1809 695 1863 nihil,
730 1819 821 1853 erat
849 1809 1051 1868 quaedam
1079 1810 1323 1855 informitas
1351 1812 1442 1854 sine
1470 1812 1559 1855 ulla
1595 1833 1601 1839 ¹

179 1882 332 1940 specie.

229 1987 235 2001 ¹
259 1982 337 2010 Gen.
354 1991 377 2017 1,
396 1988 427 2010 Q.
