1871 3162
544 246 889 284 coNFEssmNUM,
924 249 1007 274 LIB.
1045 250 1103 275 iv.
1451 245 1503 280 (55

135 309 181 352 in
203 308 376 354 officina
399 308 634 368 aqualiculi
655 311 721 354 sui
742 310 1004 355 fabricarent
1026 312 1214 370 Angelos
1239 323 1281 356 et
1304 317 1412 358 Deos
1434 332 1509 374 per

135 393 244 439 quos
264 367 646 437 liberaremur3fet
674 381 867 425 sectabar
890 381 970 425 ista
1007 390 1137 441 atque
1167 380 1377 426 faciebam
1411 400 1511 428 cum

136 449 284 493 amicis
305 449 411 493 meis
428 484 439 504 ,
464 464 541 508 per
557 464 627 493 me
642 465 689 494 ac
706 465 878 494 mecum
900 450 1106 510 deceptis.
1133 451 1344 496 Irrideant
1365 469 1434 497 me
1451 471 1514 505 ar-

135 528 351 577 rogantes,
374 528 417 564 et
432 518 629 564 nondum
645 519 874 564 salubriter
891 521 1091 580 prostrati
1107 530 1150 565 et
1163 520 1254 565 elisi
1276 537 1299 565 a
1318 531 1375 577 te,
1401 526 1513 567 Deus

136 604 259 633 meus
285 609 294 634 ε
320 605 402 648 ego
424 599 570 634 tamen
603 591 810 635 confitear
837 592 917 635 tibi
947 591 1159 636 dedecora
1192 608 1285 636 mea
1314 593 1361 636 in
1388 593 1516 637 laude

136 669 226 704 tua.
250 660 350 705 Sine
366 675 458 715 me,
480 661 680 716 obsecro,
703 671 746 706 et
762 662 817 706 da
833 662 941 706 mihi
962 662 1188 706 circumire
1209 665 1411 722 praesenti
1427 680 1520 715 me,-

137 731 273 776 moria
294 731 535 790 praeteritos
557 733 762 777 circuitus
783 734 938 777 erroris
966 735 1075 789 mei,
1110 743 1153 777 et
1182 733 1406 778 immolare
1441 735 1519 778 tibi

140 803 324 847 hostiam
335 802 620 862 jubilationis.
637 804 752 857 Quid
774 805 890 848 enim
908 819 1002 848 sum
1027 820 1108 863 ego
1125 805 1230 848 mihi
1251 805 1340 848 sine
1360 814 1418 860 te,
1442 805 1521 848 nisi

139 871 230 916 dux
252 873 297 916 in
318 875 537 932 praeceps?
558 876 648 918 Aut
669 874 776 934 quid
793 890 889 918 sum
910 890 1011 918 cum
1036 874 1144 917 mihi
1172 875 1284 918 bene
1317 885 1406 929 est,
1441 876 1522 918 nisi

139 958 297 1002 sugens
315 943 382 987 lac
399 952 525 987 tuum
541 965 551 1001 3
572 954 647 988 aut
661 943 809 988 fruens
827 954 869 988 te
891 945 992 988 cibo
1009 945 1086 1003 qui
1103 960 1192 988 non
1207 946 1523 1004 corrumpitur?

138 1016 196 1058 Et
217 1014 315 1073 quis
336 1015 470 1058 homo
491 1023 555 1058 est
577 1013 764 1073 quilibet
783 1015 939 1069 homo,
964 1030 1065 1059 cum
1091 1015 1146 1059 sit
1173 1016 1336 1060 homo?
1356 1015 1440 1060 Sed
1461 1016 1522 1058 ir-

139 1084 312 1129 rideant
325 1100 404 1129 nos
421 1083 553 1129 fortes
575 1094 617 1129 et
635 1094 833 1144 potentes
845 1120 856 1140 ,
880 1101 957 1130 nos
973 1095 1118 1130 autem
1138 1085 1297 1129 infirmi
1315 1095 1357 1130 et
1374 1087 1523 1145 inopes

139 1155 425 1200 confiteamur
446 1156 542 1199 tibi.

142 1354 566 1371 MMMMMMMWM
570 1354 707 1371 mm
712 1355 1487 1373 mmmm=umvmmmmmwuwvumxmi
1493 1359 1523 1374 m

673 1499 888 1547 CAPUT
928 1502 995 1546 il.

138 1640 451 1687 Rhetoricam
469 1640 630 1697 docet,
649 1640 969 1686 concubinam
967 1643 1110 1702 fovet
1122 1678 1135 1697 ,
1157 1651 1203 1686 et
1220 1641 1523 1702 haruspicem

317 1717 400 1771 qai
419 1713 673 1758 victoriam
691 1711 1035 1771 promittebat,
1072 1714 1344 1756 contemnit.

199 1885 260 1926 ΙΙ.
284 1885 488 1926 DocEBAM
502 1882 547 1925 in
561 1881 645 1925 illis
668 1882 791 1926 annis
814 1891 949 1926 artem
964 1882 1246 1936 rhetoricam,
1267 1891 1309 1926 et
1326 1883 1525 1927 victorio-

141 1967 231 1996 sam
262 1951 570 2012 loquacitatem
593 1952 734 1996 victus
757 1951 994 2010 cupiditate
1020 1952 1280 1996 vendebam.
1307 1953 1523 1997 Malebam

141 2032 310 2078 tamen,
336 2024 547 2077 Domine,
574 2031 622 2066 tu
641 2023 742 2077 scis,
772 2022 912 2066 bonos
944 2022 1105 2065 habere
1135 2022 1389 2081 discipulos,
1416 2024 1525 2066 sicut

92 2113 95 2114 ⁷
143 2091 421 2153 appeUantur
444 2093 551 2138 boni
576 2111 585 2137 z
613 2101 656 2136 et
686 2108 757 2137 eos
780 2093 871 2136 sine
893 2092 996 2136 dolo
1017 2091 1228 2136 docebam
1250 2091 1372 2136 dolos
1393 2113 1403 2148 ς
1437 2108 1526 2137 11011

141 2163 300 2223 quibus
327 2173 478 2209 contra
512 2172 644 2223 caput
671 2163 914 2207 innocentis
952 2171 1127 2220 agerent
1147 2197 1157 2217 ,
1189 2162 1265 2206 sed
1292 2162 1527 2222 aliquando

142 2249 223 2293 pro
250 2235 392 2294 capite
414 2234 625 2279 nocentis.
659 2235 731 2289 Et,
768 2236 897 2286 Deus,
925 2233 1069 2276 vidisti
1091 2231 1145 2275 de
1170 2231 1410 2292 longinquo
1432 2232 1527 2292 lap-

143 2314 310 2349 santem
332 2306 378 2350 in
400 2305 591 2360 lubrico,
618 2313 660 2348 et
681 2305 727 2347 in
748 2303 889 2348 multo
911 2303 1032 2347 fumo
1060 2301 1366 2347 scintillantem
1396 2302 1526 2347 fidem

143 2390 284 2419 meam
302 2410 313 2430 ,
349 2391 483 2435 quam
512 2374 770 2419 exhibebam
806 2375 848 2417 in
879 2373 953 2417 illo
975 2373 1221 2432 magisterio
1249 2372 1528 2431 diligentibus

144 2447 381 2490 vanitatem
397 2482 408 2501 ,
431 2456 474 2490 et
496 2446 795 2506 quaerentibus
814 2445 1089 2489 mendacium
1104 2479 1114 2498 ,
1141 2445 1279 2487 socius
1293 2460 1456 2488 eorum.
1482 2449 1529 2489 iu

142 2516 227 2561 illis
245 2518 370 2562 annis
389 2533 526 2562 unam
549 2517 766 2561 habebam
783 2551 793 2570 ,
834 2531 923 2560 non
954 2531 1032 2572 eo,
1058 2514 1177 2574 quod
1198 2513 1438 2571 legitimum
1464 2533 1531 2560 vo-

336 2600 509 2631 cxxxil.
1325 2601 1348 2625 o
