1871 3162
231 192 311 249 368
662 200 714 249 s.⁶
733 199 962 229 AUGUSTINI
994 200 1174 227 EPISCOPI

229 361 723 378 mmmmmms
727 361 794 376 xm}
798 356 1602 376 mmmmmummsswummm

744 491 960 540 CAPUT
998 492 1138 538 XXI.

267 648 402 713 Quid
429 651 475 694 z'n
509 650 661 694 sacris
685 647 842 695 Libris
874 648 1117 701 invenerit,
1146 662 1241 693 non
1275 650 1514 693 inventum
1534 651 1583 694 in

775 719 1063 765 Platonicis.

286 878 472 921 XXVII.
509 879 673 930 ITAQUE
695 876 937 921 avidissime
955 877 1117 936 arripui
1138 876 1430 921 venerabilem
1451 875 1616 934 stylum

228 947 402 1006 spiritus
415 947 497 1001 tui,
512 955 555 990 et
566 962 655 1005 prae
669 947 835 990 caeteris
850 947 1096 1005 apostolum
1109 945 1295 990 Paulum
1311 965 1322 992 ι
1337 955 1381 991 et
1394 946 1617 1004 perierunt

228 1017 315 1061 illae
338 1016 598 1076 quaestiones
620 1017 666 1060 in
686 1017 846 1075 quibus
865 1016 973 1059 mihi
995 1016 1230 1075 aliquando
1250 1015 1364 1059 visus
1386 1024 1450 1059 est
1467 1014 1618 1059 adver-

229 1088 313 1131 sari
334 1086 432 1140 sibi,
453 1095 497 1130 et
517 1101 606 1130 non
623 1101 863 1144 congruere
882 1085 1140 1130 testimoniis
1162 1085 1287 1144 Legis
1309 1094 1352 1129 et
1373 1085 1616 1144 Propheta-

231 1172 329 1201 rum
359 1165 503 1200 textus
536 1157 744 1200 sermonis
777 1157 883 1215 ejus.
924 1158 981 1198 Et
1012 1155 1211 1213 apparuit
1238 1155 1345 1198 mihi
1377 1171 1464 1199 una
1487 1155 1619 1200 facies

231 1226 507 1285 eloquiorum
528 1234 762 1279 castorum,
788 1234 831 1268 et
853 1224 1044 1268 exultare
1062 1239 1164 1268 cum
1185 1234 1372 1269 tremore
1394 1224 1540 1268 didici.
1562 1228 1619 1269 Et

232 1297 364 1355 coepi,
389 1305 432 1339 et
458 1296 606 1339 inveni
633 1295 850 1354 quidquid
878 1293 976 1337 illac
1006 1309 1156 1337 verum
1185 1293 1392 1353 legeram,
1414 1295 1496 1338 hac
1517 1310 1619 1339 cum

233 1365 614 1411 commendatione
630 1366 776 1423 gratiae
794 1374 882 1408 tuae
905 1364 1006 1419 dici,
1033 1373 1082 1407 ut
1099 1365 1175 1423 qui
1197 1365 1314 1409 videt
1333 1381 1423 1409 non
1441 1366 1501 1410 sic
1522 1365 1618 1424 glo-

233 1437 368 1480 rietur
390 1438 511 1495 quasi
539 1450 628 1479 non
651 1435 883 1493 acceperit,
909 1450 997 1478 non
1020 1433 1161 1479 solum
1180 1435 1224 1478 id
1241 1434 1361 1494 quod
1376 1435 1511 1489 videt,
1543 1437 1619 1480 sed

233 1508 361 1550 etiam
381 1516 431 1550 ut
447 1505 606 1549 videat.
629 1504 762 1559 (Quid
779 1504 895 1547 enim
912 1504 1044 1547 habet
1060 1504 1182 1563 quod
1199 1520 1289 1548 non
1306 1506 1471 1564 accepit
1483 1507 1546 1563 1Ρ)
1563 1508 1620 1550 Et

232 1586 282 1620 ut
296 1586 338 1620 te
350 1576 482 1636 quies
499 1589 585 1617 sem
593 1589 668 1632 per
679 1573 811 1626 idem,
829 1589 919 1617 non
930 1572 1069 1617 solum
1088 1572 1372 1617 admoneatur
1389 1584 1440 1618 ut
1455 1574 1615 1630 videat,

233 1647 309 1690 sed
333 1646 462 1688 etiam
494 1653 668 1688 sanetur
696 1652 746 1686 ut
772 1651 931 1686 teneat.
959 1645 1015 1686 Et
1031 1643 1107 1702 qui
1129 1642 1183 1686 de
1207 1642 1449 1705 longinquo
1471 1644 1619 1689 videre

232 1733 323 1761 non
340 1724 498 1775 potest,
523 1715 637 1758 viam
663 1724 807 1757 tamen
829 1712 1025 1757 ambulet
1042 1729 1130 1773 qua
1152 1715 1313 1769 veniat,
1334 1724 1377 1759 et
1393 1715 1556 1771 videat,
1576 1725 1619 1761 et

231 1796 400 1844 teneat,
428 1786 529 1846 quia
549 1795 591 1829 et
614 1786 647 1828 si
669 1785 994 1829 condelectetur
1010 1785 1143 1828 homo
1157 1785 1242 1842 legi
1259 1786 1353 1840 Dei,
1378 1786 1618 1831 secundum

233 1858 484 1903 interiorem
505 1856 744 1911 hominem,
780 1855 886 1915 quid
907 1854 1036 1899 faciet
1058 1855 1113 1898 de
1135 1854 1215 1898 alia
1236 1855 1332 1914 lege
1348 1857 1394 1900 in
1415 1857 1620 1901 membris
1677 1888 1679 1890 -

232 1931 334 1984 suis,
360 1936 630 1988 repugnante
651 1927 736 1985 legi
758 1927 912 1970 mentis
934 1941 1039 1981 suae,
1065 1935 1107 1970 et
1128 1941 1171 1970 se
1194 1928 1414 1985 captivum
1432 1928 1619 1972 ducente

234 2003 280 2045 in
299 2001 395 2059 lege
416 2000 597 2058 peccati,
618 2014 717 2059 quae
734 2007 797 2042 est
812 1998 859 2042 in
881 1998 1083 2041 membris
1105 1999 1221 2057 ejus?
1244 1999 1460 2050 Quoniam
1481 2000 1619 2057 justus

235 2087 295 2126 es,
327 2070 527 2125 Domine,
553 2084 630 2113 nos
655 2077 802 2112 autem
824 2067 1111 2127 peccavimus,
1137 2066 1287 2127 inique
1308 2068 1509 2124 fecimus,
1534 2069 1619 2112 im-

231 2143 302 2203 pie
332 2142 554 2201 gessimus,
581 2149 624 2184 et
638 2148 811 2198 gravata
834 2147 898 2182 est
918 2153 1046 2197 super
1063 2153 1140 2182 nos
1161 2153 1314 2182 manus
1336 2147 1427 2194 tua,
1451 2148 1494 2183 et
1505 2140 1620 2199 juste

235 2213 382 2259 traditi
401 2214 580 2256 sumus²
609 2211 788 2269 antiquo
809 2210 1025 2268 peccatori
1046 2209 1277 2269 praeposito
1302 2210 1474 2261 mortis;
1518 2210 1620 2270 quia

235 2284 447 2345 persuasit
468 2281 682 2327 voluntati
709 2290 867 2326 nostrae
896 2279 1224 2324 similitudinem
1244 2279 1482 2325 voluntatis
1510 2295 1615 2336 suae,

238 2370 325 2415 qua
346 2356 392 2397 in
412 2354 592 2398 veritate
614 2361 689 2397 tua
710 2367 800 2396 non
821 2351 981 2395 stetit3.
1008 2349 1125 2404 Quid
1153 2349 1284 2395 faciet
1310 2352 1438 2394 miser
1455 2351 1620 2396 homo?

239 2426 340 2479 Quis
363 2439 463 2468 eum
484 2423 688 2468 liberabit
724 2422 778 2466 de
810 2437 989 2482 corpore
1010 2422 1160 2466 mortis
1181 2422 1326 2481 hujus,
1364 2422 1447 2468 nisi
1482 2422 1616 2481 gratia

288 2529 298 2544 1
323 2534 334 2554 1
356 2524 491 2562 Cor.1v,
511 2532 541 2563 7.
564 2519 638 2563 ...2²
658 2523 734 2553 Dan.
755 2530 802 2562 lu,
821 2519 939 2561 27-32.
962 2536 1002 2543 -
1022 2517 1138 2552 3Joan.
1156 2528 1227 2559 vm,
1246 2516 1300 2559 44.
