1871 3162
243 187 323 226 194
663 197 696 225 s.
734 198 961 225 AUGUSTINI
994 198 1173 223 EP1sco'r1

233 372 301 388 m
305 373 436 388 §.uuam
439 373 508 388 §rm
511 372 644 388 mmww
648 372 781 389 νυὶἱὶνὶιὶ
785 371 853 386 ΜΝ
857 371 988 387 ὯἏΊΊΝἏ
992 370 1260 386 ΧΊΑΛΜῚΛᾹΛΜΝ
1263 369 1331 385 WW
1335 369 1402 384 m
1406 367 1544 384 §.mmm
1551 367 1615 382 §AM

736 501 951 549 CAPUT
989 501 1099 547 XII.

367 657 518 703 Vocis
539 656 792 703 admonita
813 654 1053 716 quomodo
1076 664 1199 700 totas
1216 669 1485 700 conversus.

291 819 501 861 XXVIII.
523 819 603 862 Um
620 831 723 861 vero
737 833 761 860 a
774 814 912 860 fundo
934 830 1092 859 arcano
1110 814 1194 858 alta
1212 811 1500 858 consideratio
1518 825 1625 856 con-

232 887 381 941 traxit,
406 896 449 930 et
471 887 683 944 congessit
713 895 849 930 totam
879 885 1094 928 miseriam
1118 898 1261 928 meam
1280 883 1325 926 in
1343 889 1624 940 conspectum

233 955 374 1000 cordis
407 957 515 1010 mei,
557 958 712 999 oborta
745 966 809 999 est
831 955 1021 1014 procella
1053 956 1204 1012 ingens
1237 953 1378 998 ferens
1405 954 1626 1011 ingentem

231 1025 418 1069 imbrem
444 1025 750 1082 lacrymarum.
777 1027 834 1067 Et
856 1033 906 1067 ut
939 1033 1079 1068 totum
1112 1022 1385 1066 effunderem
1415 1037 1516 1066 cum
1545 1036 1625 1064 vo-

235 1095 360 1139 cibus
380 1094 482 1148 suis‚
509 1095 672 1138 surrexi
694 1095 748 1138 ab
771 1092 946 1153 Alypio.
976 1092 1174 1138 Solitudo
1193 1092 1299 1136 mihi
1321 1091 1376 1136 ad
1403 1091 1628 1149 negotium

234 1165 368 1209 flendi
398 1166 537 1225 aptior
565 1165 896 1224 suggerebatur.
920 1167 977 1208 Et
1000 1165 1151 1208 secessi
1184 1162 1393 1207 remotius
1423 1178 1555 1222 quam
1578 1170 1628 1206 ut

234 1245 378 1294 posset
400 1236 506 1279 mihi
545 1251 724 1280 onerosa
761 1250 850 1279 esse
885 1235 1016 1279 etiam
1047 1236 1138 1295 ejus
1160 1234 1403 1293 praesentia.
1433 1234 1500 1278 Sic
1522 1242 1629 1277 tunc

236 1320 379 1360 eram,
404 1315 447 1349 et
485 1304 558 1348 ille
591 1306 722 1349 sensit
747 1325 755 1349 :
782 1305 926 1349 nescio
953 1303 1060 1364 quid
1082 1305 1197 1348 enim
1226 1313 1334 1363 puto
1364 1302 1557 1347 dixeram
1583 1302 1630 1346 in

235 1390 324 1434 quo
344 1375 582 1434 apparebat
604 1390 735 1419 sonus
751 1375 870 1419 vocis
891 1389 999 1418 meae
1016 1375 1107 1433 jam
1125 1373 1233 1418 fletu
1259 1373 1482 1431 gravidus,
1507 1381 1552 1416 et
1571 1372 1631 1416 sic

235 1461 520 1489 surrexeram.
545 1445 705 1490 Mansit
728 1461 831 1505 ergo
853 1444 926 1489 ille
955 1445 1033 1489 ubi
1065 1443 1323 1488 sedebamus
1338 1478 1349 1498 ‚
1385 1443 1517 1486 nimie
1539 1452 1633 1486 stu-

235 1530 357 1574 pens.
383 1518 487 1575 ΕὲοΑ
500 1516 581 1559 sub
604 1516 794 1575 quadam
816 1515 887 1558 fici
909 1514 1064 1558 arbore
1086 1514 1217 1557 stravi
1251 1529 1320 1557 me
1348 1514 1492 1558 nescio
1515 1529 1629 1573 quo-

236 1584 384 1639 modo,
405 1594 449 1629 et
465 1585 606 1628 dimisi
625 1584 814 1628 habenas
830 1583 1032 1640 lacrymis
1044 1618 1055 1637 ‚
1074 1593 1116 1627 et
1131 1593 1424 1642 proruperunt
1444 1584 1627 1628 flumina

240 1654 468 1699 oculorum
489 1669 707 1709 meorum,
733 1653 999 1713 acceptabile
1020 1653 1276 1698 sacrificium
1299 1663 1441 1697 tuum.
1466 1657 1522 1698 Et
1543 1669 1634 1699 non

238 1723 417 1784 quidem
440 1724 506 1767 his
528 1723 693 1779 verbis,
728 1723 804 1767 sed
825 1724 872 1767 in
896 1724 978 1768 hac
1001 1724 1214 1768 sententia
1236 1723 1375 1768 multa
1398 1725 1487 1769 dixi
1511 1724 1593 1768 tibi
1620 1744 1630 1770 ε

243 1813 263 1836 «
289 1797 346 1839 Et
358 1803 422 1849 tu,
439 1794 638 1850 Domine,
650 1796 932 1854 usquequol?
951 1796 1204 1855 Usquequo,
1222 1796 1424 1850 Domine,
1440 1795 1633 1840 irasceris

245 1883 264 1906 »
299 1864 344 1908 in
358 1864 520 1908 finem?
540 1866 604 1909 Ne
626 1879 792 1908 memor
813 1864 945 1908 fueris
959 1865 1241 1924 iniquitatum
1256 1874 1503 1910 nostrarum
1516 1866 1632 1909 anti-

242 1954 262 1977 »
298 1938 525 1996 quarum'2.
564 1954 583 1976 »
622 1935 871 1980 Sentiebam
909 1936 1026 1979 enim
1048 1935 1109 1980 eis
1133 1950 1200 1979 me
1229 1937 1383 1980 teneri.
1409 1936 1635 1980 Jactabam

242 2021 369 2051 voces
401 2005 665 2050 miserabiles
705 2025 714 2051 :
749 2005 984 2060 Quandiu?
1026 2005 1255 2066 quandiu?
1290 2009 1393 2052 Cras
1431 2016 1473 2051 et
1511 2008 1635 2051 cras?

248 2079 391 2130 Quare
418 2093 508 2122 non
531 2078 696 2122 modo?
716 2092 851 2139 quare
873 2093 963 2122 non
981 2078 1063 2122 hac
1093 2078 1200 2122 hora
1221 2078 1318 2122 finis
1352 2077 1636 2136 turpitudinis

250 2151 388 2193 meae?

306 2221 471 2263 XXIX.
494 2219 699 2263 Dicebam
727 2220 820 2264 haec
839 2228 882 2263 et
903 2219 1065 2263 flebam
1093 2218 1355 2264 amarissima
1376 2220 1638 2264 contritione

251 2291 392 2335 cordis
408 2291 508 2335 mei.
523 2293 576 2335 Et
591 2306 691 2335 ecce
706 2290 836 2335 audio
850 2306 1000 2335 vocem
1015 2290 1069 2334 de
1085 2290 1227 2334 vicina
1244 2289 1375 2334 domo
1389 2306 1490 2334 cum
1507 2299 1637 2334 cantu

254 2361 437 2405 dicentis
459 2371 502 2405 et
516 2361 667 2405 crebro
690 2362 943 2420 repetentis,
970 2362 1090 2421 quasi
1115 2361 1237 2420 pueri
1260 2377 1314 2404 an
1336 2360 1517 2420 puellae,
1540 2377 1637 2405 nes-

258 2434 323 2476 cio
351 2452 359 2476 ;
386 2433 522 2487 Tolle,
543 2433 660 2491 lege3
685 2432 805 2487 tolle,
822 2432 930 2490 lege.
959 2432 1199 2492 Statimque
1221 2440 1389 2477 mutato
1413 2430 1538 2476 vultu
1568 2433 1638 2476 in-

307 2532 315 2549 ¹
338 2530 403 2560 l’sal
441 2541 483 2568 vi,
504 2530 534 2563 4.
562 2547 599 2550 -
623 2537 633 2550 ²
653 2530 688 2560 Id
717 2528 888 2568 Lxxv111‚5
908 2532 941 2559 et
964 2528 994 2559 8.
