1871 3162
294 224 314 258 8
715 234 746 259 s.
784 229 1010 258 Ancus‘nm
1044 231 1223 258 Emscom

292 416 500 432 mmmmm
504 414 1666 432 ΜΛΛΜΜΜΜΜΛΛΜΛΛΜΛΝΜΝΙΜΜΜΜΜΜΜΜΜΜΜΜ

800 547 1016 596 CAPUT
1054 549 1140 595 Vl.

291 704 569 766 Infantiam
589 719 727 748 suam
748 701 995 759 describit,
1023 700 1194 747 laudat
1211 702 1305 747 Del·
1316 699 1669 762 providentiam

779 784 824 818 et
852 783 1182 820 ceternztatem.

349 934 446 976 VII.
466 933 549 976 SED
562 941 725 986 tamen,
737 933 827 975 sine
841 946 909 974 me
921 932 1041 991 loqui
1052 930 1167 990 apud
1179 929 1515 974 misericordiam
1530 940 1666 985 tuam,

291 1017 361 1045 me
394 1011 550 1045 terram
573 1011 617 1045 et
638 1001 841 1045 cinerem.
870 1003 968 1045 Sine
993 1010 1138 1044 tamen
1162 1001 1282 1060 loqui
1302 1021 1313 1057 3
1343 1001 1549 1060 quoniam
1571 1015 1671 1045 ecce

291 1071 581 1116 misericordia
595 1081 669 1115 tua
686 1080 762 1126 est,
784 1086 873 1115 non
884 1072 1016 1114 homo
1030 1070 1175 1114 irrisor
1190 1085 1327 1123 meus,
1343 1071 1413 1113 cui
1426 1069 1597 1129 loquor.
1614 1073 1672 1115 Et

290 1152 337 1186 tu
353 1142 530 1187 fortasse
547 1143 696 1186 irrides
711 1158 780 1186 me
797 1161 805 1186 :
821 1141 895 1185 sed
908 1156 1138 1185 conversus
1150 1141 1418 1184 misereberis
1435 1142 1535 1184 mei.
1555 1141 1671 1193 Quid

290 1214 406 1257 enim
429 1222 507 1267 est,
525 1212 644 1272 quod
656 1213 756 1258 volo
776 1211 936 1266 dicere,
954 1212 1153 1265 Domine,
1172 1214 1286 1255 Deus
1301 1213 1449 1254 meus?
1467 1211 1549 1254 nisi
1570 1212 1671 1271 quia

290 1283 435 1326 nescio
447 1283 564 1326 unde
579 1283 768 1326 venerim
786 1282 888 1336 huc,
900 1282 945 1324 in
958 1281 1082 1324 istam
1098 1280 1194 1324 dico
1209 1281 1340 1324 vitam
1357 1279 1600 1335 mortalem,
1616 1296 1671 1325 an

289 1362 472 1397 mortem
488 1351 680 1406 vitalem,
701 1353 861 1396 nescio.
883 1355 940 1395 Et
957 1361 1239 1410 susceperunt
1260 1366 1328 1394 me
1355 1351 1671 1396 consolationes

290 1423 614 1467 miserationum
648 1431 820 1466 tuarum
835 1456 846 1476 ‚
880 1423 991 1466 sicut
1023 1420 1166 1465 audivi
1191 1437 1214 1465 a
1250 1421 1500 1480 parentibus
1531 1422 1670 1466 carnis

290 1507 397 1536 meae
411 1527 421 1547 ,
447 1507 496 1535 ex
511 1508 599 1553 quo
620 1501 663 1536 et
678 1492 723 1535 in
737 1508 823 1552 qua
838 1490 1033 1536 formasti
1050 1492 1179 1535 mein
1201 1501 1419 1550 tempore,
1445 1507 1534 1536 non
1554 1492 1670 1537 enim

289 1578 369 1621 ego
389 1563 580 1606 memini.
606 1565 882 1621 Exceperunt
899 1577 1001 1620 ergo
1021 1577 1090 1605 me
1109 1561 1423 1606 consolationes
1445 1561 1566 1606 lactis
1589 1563 1671 1606 hu-

287 1634 419 1678 mani.
444 1636 530 1679 Nec
554 1643 690 1678 mater
709 1648 801 1677 mea
815 1668 826 1687 ,
854 1632 923 1678 vel
938 1633 1125 1676 nutrices
1140 1648 1247 1676 meae
1269 1633 1349 1676 sibi
1368 1633 1503 1676 ubera
1519 1633 1671 1692 imple·

287 1703 394 1746 bant
414 1722 422 1747 :
441 1703 516 1746 sed
536 1712 585 1746 tu
609 1703 714 1746 mihi
735 1718 812 1761 per
833 1718 902 1746 eas
925 1702 1056 1746 dabas
1079 1702 1334 1747 alimentum
1355 1701 1549 1747 infantiae
1564 1738 1576 1758 ,
1602 1719 1668 1747 se-

285 1773 481 1818 cundum
507 1773 822 1816 institutionem
845 1782 964 1816 tuam
986 1782 1029 1817 et
1049 1772 1218 1817 divitias
1240 1789 1377 1833 usque
1400 1773 1454 1817 ad
1477 1773 1667 1817 fundum

284 1858 430 1887 rerum
448 1842 686 1901 dispositas.
708 1845 774 1886 Tu
791 1843 918 1885 etiam
939 1842 1044 1885 mihi
1058 1842 1191 1886 dabas
1205 1842 1321 1886 nolle
1340 1842 1524 1901 amplius
1536 1859 1667 1902 quam

285 1914 443 1970 dabas3
468 1922 511 1957 et
528 1913 820 1956 nutrientibus
837 1928 907 1955 me
925 1911 1027 1955 dare
1045 1913 1150 1955 mihi
1169 1913 1279 1956 velle
1293 1913 1411 1972 quod
1435 1913 1492 1956 eis
1515 1912 1663 1958 dabas.

283 1987 392 2027 Dare
414 1983 529 2025 enim
552 1983 657 2026 mihi
680 1998 755 2040 per
773 1982 1020 2026 ordinatum
1044 1983 1249 2026 affectum
1266 1982 1488 2038 volebant,
1508 1999 1596 2043 quo
1614 2000 1666 2028 ex

283 2062 323 2096 te
343 2053 642 2096 abundabant.
660 2055 769 2097 Nam
794 2053 959 2095 bonum
974 2061 1065 2095 erat
1083 2053 1140 2095 eis
1159 2052 1322 2096 bonum
1340 2068 1487 2096 meum
1511 2069 1561 2097 ex
1578 2055 1662 2111 eis,

281 2120 401 2181 quod
423 2137 511 2165 non
529 2137 580 2164 ex
602 2122 660 2164 eis
676 2157 686 2175 ,
713 2121 787 2164 sed
808 2136 883 2179 per
905 2137 973 2165 eas
992 2130 1082 2164 erat
1102 2139 1111 2165 :
1132 2137 1182 2164 ex
1199 2131 1242 2165 te
1259 2123 1420 2181 quippe
1436 2124 1549 2167 bona
1567 2139 1664 2168 om·-

280 2193 347 2235 nia
367 2195 507 2248 Deus3
532 2200 575 2234 et
598 2207 648 2233 ex
665 2194 750 2233 Deo
773 2206 870 2235 meo
886 2226 896 2245 ,
922 2191 1035 2234 salus
1059 2192 1164 2234 mihi
1183 2192 1398 2236 universa.
1421 2195 1550 2246 Quod
1573 2195 1663 2237 ani-

278 2261 488 2304 madverti
509 2260 803 2318 postmodum,
824 2259 1038 2303 clamante
1053 2270 1095 2303 te
1117 2261 1221 2304 mihi
1245 2277 1320 2320 per
1335 2263 1428 2305 haec
1449 2263 1540 2321 ipsa
1563 2279 1662 2322 quae

279 2331 431 2374 tribuis
462 2331 578 2374 intus
599 2340 640 2373 et
663 2330 904 2374 fo1=is.Nam
928 2339 1033 2373 tunc
1051 2345 1200 2387 sugere
1223 2346 1389 2385 noram,
1408 2341 1450 2375 et
1466 2334 1663 2392 acquies-

277 2415 372 2444 cere
387 2399 748 2444 delectationibus
766 2434 776 2454 ,
802 2400 905 2442 ssere
923 2409 1067 2443 autem
1085 2400 1344 2445 offensiones
1361 2402 1499 2446 carnis
1518 2418 1626 2447 meae
1646 2424 1657 2461 3

276 2469 386 2513 nihil
405 2469 601 2529 amplius.

332 2541 450 2581 VIII.
482 2542 579 2582 Post
594 2548 636 2582 et
657 2538 796 2582 ridere
817 2539 930 2597 coepi
952 2574 963 2593 ,
988 2539 1205 2583 dormiens
1223 2540 1362 2598 primo
1377 2575 1387 2595 ,
1415 2541 1572 2586 deinde
1593 2542 1657 2586 vi—
