<?xml version="1.0" encoding="UTF-8"?>
<!DOCTYPE html PUBLIC "-//W3C//DTD XHTML 1.0 Transitional//EN"
    "http://www.w3.org/TR/xhtml1/DTD/xhtml1-transitional.dtd">
<html xmlns="http://www.w3.org/1999/xhtml" xml:lang="en" lang="en">
 <head>
  <title>
</title>
<meta http-equiv="Content-Type" content="text/html;charset=utf-8" />
  <meta name='ocr-system' content='tesseract 3.04.00' />
  <meta name='ocr-capabilities' content='ocr_page ocr_carea ocr_par ocr_line ocrx_word'/>
</head>
<body>
  <div class='ocr_page' id='page_1' title='image "./operaomniaaccura25auguuoft_0050.png"; bbox 0 0 1871 3162; ppageno 0'>
   <div class='ocr_carea' id='block_1_1' title="bbox 277 184 1229 222">
    <p class='ocr_par' dir='ltr' id='par_1_1' title="bbox 277 184 1229 222">
     <span class='ocr_line' id='line_1_1' title="bbox 277 184 1229 222; baseline -0.002 -1"><span class='ocrx_word' id='word_1_1' title='bbox 277 184 331 222; x_wconf 73' lang='lat'>40</span> <span class='ocrx_word' id='word_1_2' title='bbox 717 194 750 221; x_wconf 91' lang='lat' dir='ltr'>s.</span> <span class='ocrx_word' id='word_1_3' title='bbox 788 194 1016 222; x_wconf 80' lang='lat' dir='ltr'><strong>AUGUSTINI</strong></span> <span class='ocrx_word' id='word_1_4' title='bbox 1052 194 1229 222; x_wconf 74' lang='lat' dir='ltr'>emscom</span> 
     </span>
    </p>
   </div>
   <div class='ocr_carea' id='block_1_2' title="bbox 279 367 1659 394">
    <p class='ocr_par' dir='ltr' id='par_1_2' title="bbox 279 367 1659 394">
     <span class='ocr_line' id='line_1_2' title="bbox 279 367 1659 394; baseline -0.006 -3"><span class='ocrx_word' id='word_1_5' title='bbox 279 367 1659 394; x_wconf 58' lang='lat' dir='ltr'>mmmmmmmmmmmmmmmmmmmm</span> 
     </span>
    </p>
   </div>
   <div class='ocr_carea' id='block_1_3' title="bbox 777 504 1149 553">
    <p class='ocr_par' dir='ltr' id='par_1_3' title="bbox 777 504 1149 553">
     <span class='ocr_line' id='line_1_3' title="bbox 777 504 1149 553; baseline -0.005 -1"><span class='ocrx_word' id='word_1_6' title='bbox 777 504 995 553; x_wconf 88' lang='lat' dir='ltr'><strong>CAPUT</strong></span> <span class='ocrx_word' id='word_1_7' title='bbox 1038 505 1149 551; x_wconf 85' lang='lat' dir='ltr'><strong>VII.</strong></span> 
     </span>
    </p>
   </div>
   <div class='ocr_carea' id='block_1_4' title="bbox 280 653 1661 786">
    <p class='ocr_par' dir='ltr' id='par_1_4' title="bbox 280 653 1661 786">
     <span class='ocr_line' id='line_1_4' title="bbox 280 653 1661 722; baseline -0.005 -17"><span class='ocrx_word' id='word_1_8' title='bbox 280 660 483 706; x_wconf 77' lang='lat' dir='ltr'><em>Gratias</em></span> <span class='ocrx_word' id='word_1_9' title='bbox 506 661 611 722; x_wconf 77' lang='lat' dir='ltr'>agit</span> <span class='ocrx_word' id='word_1_10' title='bbox 625 657 732 703; x_wconf 84' lang='lat' dir='ltr'>Deo</span> <span class='ocrx_word' id='word_1_11' title='bbox 749 673 841 718; x_wconf 77' lang='lat' dir='ltr'>pro</span> <span class='ocrx_word' id='word_1_12' title='bbox 864 660 1139 702; x_wconf 79' lang='lat' dir='ltr'>remz&#39;sszone</span> <span class='ocrx_word' id='word_1_13' title='bbox 1155 664 1487 716; x_wconf 79' lang='lat' dir='ltr'>peecatorum,</span> <span class='ocrx_word' id='word_1_14' title='bbox 1507 653 1661 712; x_wconf 81' lang='lat' dir='ltr'>quod—</span> 
     </span>
     <span class='ocr_line' id='line_1_5' title="bbox 304 726 1290 786; baseline -0.004 -12"><span class='ocrx_word' id='word_1_15' title='bbox 304 735 307 737; x_wconf 85' lang='grc'><strong>’</strong></span> <span class='ocrx_word' id='word_1_16' title='bbox 640 744 732 786; x_wconf 76' lang='lat' dir='ltr'>que</span> <span class='ocrx_word' id='word_1_17' title='bbox 745 744 778 773; x_wconf 87' lang='grc' dir='ltr'><em>α</em></span> <span class='ocrx_word' id='word_1_18' title='bbox 804 727 963 773; x_wconf 77' lang='lat' dir='ltr'>multis</span> <span class='ocrx_word' id='word_1_19' title='bbox 979 735 1193 772; x_wconf 77' lang='lat' dir='ltr'>servatus</span> <span class='ocrx_word' id='word_1_20' title='bbox 1215 726 1290 771; x_wconf 81' lang='lat' dir='ltr'>sit.</span> 
     </span>
    </p>
   </div>
   <div class='ocr_carea' id='block_1_5' title="bbox 332 869 1795 942">
    <p class='ocr_par' dir='ltr' id='par_1_5' title="bbox 332 869 1795 942">
     <span class='ocr_line' id='line_1_6' title="bbox 332 869 1795 942; baseline -0.005 -9"><span class='ocrx_word' id='word_1_21' title='bbox 332 890 429 933; x_wconf 90' lang='lat' dir='ltr'>XV.</span> <span class='ocrx_word' id='word_1_22' title='bbox 447 889 562 940; x_wconf 76' lang='lat' dir='ltr'>Qum</span> <span class='ocrx_word' id='word_1_23' title='bbox 575 886 809 929; x_wconf 81' lang='lat' dir='ltr'>retribuam</span> <span class='ocrx_word' id='word_1_24' title='bbox 827 886 1030 938; x_wconf 83' lang='lat' dir='ltr'>Domino,</span> <span class='ocrx_word' id='word_1_25' title='bbox 1048 883 1169 942; x_wconf 88' lang='lat' dir='ltr'>quod</span> <span class='ocrx_word' id='word_1_26' title='bbox 1182 882 1333 928; x_wconf 85' lang='lat' dir='ltr'>recolit</span> <span class='ocrx_word' id='word_1_27' title='bbox 1350 883 1445 926; x_wconf 85' lang='lat' dir='ltr'>haec</span> <span class='ocrx_word' id='word_1_28' title='bbox 1457 881 1664 926; x_wconf 88' lang='lat' dir='ltr'>memoria</span> <span class='ocrx_word' id='word_1_29' title='bbox 1716 933 1719 937; x_wconf 22' lang='lat'>¹</span> <span class='ocrx_word' id='word_1_30' title='bbox 1754 912 1758 913; x_wconf 25' lang='grc' dir='ltr'><em>ν</em></span> <span class='ocrx_word' id='word_1_31' title='bbox 1787 869 1795 875; x_wconf 22' lang='lat' dir='ltr'>i</span> 
     </span>
    </p>
   </div>
   <div class='ocr_carea' id='block_1_6' title="bbox 268 951 1665 2274">
    <p class='ocr_par' dir='ltr' id='par_1_6' title="bbox 268 951 1665 2274">
     <span class='ocr_line' id='line_1_7' title="bbox 277 951 1660 1012; baseline -0.006 -10"><span class='ocrx_word' id='word_1_32' title='bbox 277 973 390 1012; x_wconf 87' lang='lat' dir='ltr'>mea,</span> <span class='ocrx_word' id='word_1_33' title='bbox 411 966 453 1000; x_wconf 91' lang='lat' dir='ltr'>et</span> <span class='ocrx_word' id='word_1_34' title='bbox 471 956 613 1000; x_wconf 83' lang='lat' dir='ltr'>anima</span> <span class='ocrx_word' id='word_1_35' title='bbox 635 969 730 997; x_wconf 85' lang='lat' dir='ltr'>mea</span> <span class='ocrx_word' id='word_1_36' title='bbox 749 969 837 998; x_wconf 82' lang='lat' dir='ltr'>non</span> <span class='ocrx_word' id='word_1_37' title='bbox 855 953 1009 997; x_wconf 86' lang='lat' dir='ltr'>metuit</span> <span class='ocrx_word' id='word_1_38' title='bbox 1031 953 1164 995; x_wconf 78' lang='lat' dir='ltr'>inde?</span> <span class='ocrx_word' id='word_1_39' title='bbox 1186 952 1366 1009; x_wconf 75' lang='lat' dir='ltr'>Diligam</span> <span class='ocrx_word' id='word_1_40' title='bbox 1385 961 1443 1006; x_wconf 84' lang='lat' dir='ltr'>te,</span> <span class='ocrx_word' id='word_1_41' title='bbox 1460 951 1660 1005; x_wconf 86' lang='lat' dir='ltr'>Domine,</span> 
     </span>
     <span class='ocr_line' id='line_1_8' title="bbox 275 1022 1663 1085; baseline -0.006 -14"><span class='ocrx_word' id='word_1_42' title='bbox 275 1037 319 1072; x_wconf 88' lang='lat' dir='ltr'>et</span> <span class='ocrx_word' id='word_1_43' title='bbox 341 1027 496 1085; x_wconf 80' lang='lat' dir='ltr'>gratias</span> <span class='ocrx_word' id='word_1_44' title='bbox 519 1039 640 1082; x_wconf 83' lang='lat' dir='ltr'>agam</span> <span class='ocrx_word' id='word_1_45' title='bbox 661 1059 672 1078; x_wconf 89' lang='lat'>‚</span> <span class='ocrx_word' id='word_1_46' title='bbox 697 1032 740 1067; x_wconf 82' lang='lat' dir='ltr'>et</span> <span class='ocrx_word' id='word_1_47' title='bbox 761 1024 969 1067; x_wconf 79' lang='lat' dir='ltr'>confitear</span> <span class='ocrx_word' id='word_1_48' title='bbox 992 1022 1158 1066; x_wconf 77' lang='lat' dir='ltr'>nomini</span> <span class='ocrx_word' id='word_1_49' title='bbox 1182 1031 1258 1065; x_wconf 87' lang='lat' dir='ltr'>tuo</span> <span class='ocrx_word' id='word_1_50' title='bbox 1274 1056 1285 1076; x_wconf 83' lang='lat'><strong>,</strong></span> <span class='ocrx_word' id='word_1_51' title='bbox 1313 1022 1520 1080; x_wconf 84' lang='lat' dir='ltr'>quoniam</span> <span class='ocrx_word' id='word_1_52' title='bbox 1542 1028 1663 1064; x_wconf 87' lang='lat' dir='ltr'>tanta</span> 
     </span>
     <span class='ocr_line' id='line_1_9' title="bbox 275 1089 1665 1151; baseline -0.006 -9"><span class='ocrx_word' id='word_1_53' title='bbox 275 1096 472 1150; x_wconf 75' lang='lat' dir='ltr'>dimisisti</span> <span class='ocrx_word' id='word_1_54' title='bbox 491 1095 595 1138; x_wconf 91' lang='lat' dir='ltr'>mihi</span> <span class='ocrx_word' id='word_1_55' title='bbox 613 1094 725 1137; x_wconf 83' lang='lat' dir='ltr'>mala</span> <span class='ocrx_word' id='word_1_56' title='bbox 748 1103 790 1137; x_wconf 90' lang='lat' dir='ltr'>et</span> <span class='ocrx_word' id='word_1_57' title='bbox 813 1092 977 1136; x_wconf 78' lang='lat' dir='ltr'>nefaria</span> <span class='ocrx_word' id='word_1_58' title='bbox 999 1107 1127 1151; x_wconf 84' lang='lat' dir='ltr'>opera</span> <span class='ocrx_word' id='word_1_59' title='bbox 1150 1106 1260 1134; x_wconf 83' lang='lat' dir='ltr'>mea.</span> <span class='ocrx_word' id='word_1_60' title='bbox 1297 1091 1456 1134; x_wconf 85' lang='lat' dir='ltr'>Gratiae</span> <span class='ocrx_word' id='word_1_61' title='bbox 1478 1099 1566 1133; x_wconf 86' lang='lat' dir='ltr'>tuae</span> <span class='ocrx_word' id='word_1_62' title='bbox 1589 1089 1665 1133; x_wconf 88' lang='lat' dir='ltr'>de-</span> 
     </span>
     <span class='ocr_line' id='line_1_10' title="bbox 274 1161 1665 1226; baseline -0.006 -16"><span class='ocrx_word' id='word_1_63' title='bbox 274 1175 383 1226; x_wconf 85' lang='lat' dir='ltr'>puto</span> <span class='ocrx_word' id='word_1_64' title='bbox 413 1175 457 1209; x_wconf 93' lang='lat' dir='ltr'>et</span> <span class='ocrx_word' id='word_1_65' title='bbox 489 1162 793 1208; x_wconf 74' lang='lat' dir='ltr'>misericordiae</span> <span class='ocrx_word' id='word_1_66' title='bbox 816 1172 902 1206; x_wconf 87' lang='lat' dir='ltr'>tuae</span> <span class='ocrx_word' id='word_1_67' title='bbox 923 1197 934 1216; x_wconf 87' lang='lat'>‚</span> <span class='ocrx_word' id='word_1_68' title='bbox 973 1161 1092 1221; x_wconf 88' lang='lat' dir='ltr'>quod</span> <span class='ocrx_word' id='word_1_69' title='bbox 1119 1170 1294 1219; x_wconf 82' lang='lat' dir='ltr'>peccata</span> <span class='ocrx_word' id='word_1_70' title='bbox 1323 1175 1419 1203; x_wconf 85' lang='lat' dir='ltr'>mea</span> <span class='ocrx_word' id='word_1_71' title='bbox 1455 1169 1665 1219; x_wconf 83' lang='lat' dir='ltr'>tanquam</span> 
     </span>
     <span class='ocr_line' id='line_1_11' title="bbox 277 1232 1661 1295; baseline -0.005 -15"><span class='ocrx_word' id='word_1_72' title='bbox 277 1236 457 1295; x_wconf 84' lang='lat' dir='ltr'>glaciem</span> <span class='ocrx_word' id='word_1_73' title='bbox 479 1234 656 1278; x_wconf 87' lang='lat' dir='ltr'>solvisti.</span> <span class='ocrx_word' id='word_1_74' title='bbox 683 1234 840 1277; x_wconf 83' lang='lat' dir='ltr'>Gratiae</span> <span class='ocrx_word' id='word_1_75' title='bbox 862 1241 950 1275; x_wconf 80' lang='lat' dir='ltr'>tuae</span> <span class='ocrx_word' id='word_1_76' title='bbox 980 1232 1166 1291; x_wconf 83' lang='lat' dir='ltr'>deputo,</span> <span class='ocrx_word' id='word_1_77' title='bbox 1191 1239 1235 1273; x_wconf 88' lang='lat' dir='ltr'>et</span> <span class='ocrx_word' id='word_1_78' title='bbox 1257 1245 1548 1290; x_wconf 82' lang='lat' dir='ltr'>quaecumque</span> <span class='ocrx_word' id='word_1_79' title='bbox 1573 1245 1661 1274; x_wconf 90' lang='lat' dir='ltr'>non</span> 
     </span>
     <span class='ocr_line' id='line_1_12' title="bbox 275 1301 1663 1360; baseline -0.005 -10"><span class='ocrx_word' id='word_1_80' title='bbox 275 1306 359 1350; x_wconf 90' lang='lat' dir='ltr'>feci</span> <span class='ocrx_word' id='word_1_81' title='bbox 381 1304 507 1349; x_wconf 86' lang='lat' dir='ltr'>mala.</span> <span class='ocrx_word' id='word_1_82' title='bbox 533 1304 647 1357; x_wconf 82' lang='lat' dir='ltr'>Quid</span> <span class='ocrx_word' id='word_1_83' title='bbox 669 1303 785 1346; x_wconf 88' lang='lat' dir='ltr'>enim</span> <span class='ocrx_word' id='word_1_84' title='bbox 808 1318 896 1346; x_wconf 89' lang='lat' dir='ltr'>non</span> <span class='ocrx_word' id='word_1_85' title='bbox 919 1302 1061 1345; x_wconf 83' lang='lat' dir='ltr'>facere</span> <span class='ocrx_word' id='word_1_86' title='bbox 1079 1301 1224 1359; x_wconf 80' lang='lat' dir='ltr'>potui,</span> <span class='ocrx_word' id='word_1_87' title='bbox 1251 1301 1327 1360; x_wconf 84' lang='lat' dir='ltr'>qui</span> <span class='ocrx_word' id='word_1_88' title='bbox 1348 1301 1479 1344; x_wconf 87' lang='lat' dir='ltr'>etiam</span> <span class='ocrx_word' id='word_1_89' title='bbox 1497 1301 1663 1358; x_wconf 83' lang='lat' dir='ltr'>gratui-</span> 
     </span>
     <span class='ocr_line' id='line_1_13' title="bbox 276 1369 1665 1426; baseline -0.004 -6"><span class='ocrx_word' id='word_1_90' title='bbox 276 1386 369 1420; x_wconf 88' lang='lat' dir='ltr'>tum</span> <span class='ocrx_word' id='word_1_91' title='bbox 386 1374 552 1419; x_wconf 84' lang='lat' dir='ltr'>facinus</span> <span class='ocrx_word' id='word_1_92' title='bbox 575 1374 738 1417; x_wconf 80' lang='lat' dir='ltr'>amavi?</span> <span class='ocrx_word' id='word_1_93' title='bbox 756 1375 812 1416; x_wconf 89' lang='lat' dir='ltr'>Et</span> <span class='ocrx_word' id='word_1_94' title='bbox 834 1372 980 1416; x_wconf 88' lang='lat' dir='ltr'>omnia</span> <span class='ocrx_word' id='word_1_95' title='bbox 1003 1371 1109 1415; x_wconf 88' lang='lat' dir='ltr'>mihi</span> <span class='ocrx_word' id='word_1_96' title='bbox 1131 1370 1304 1413; x_wconf 84' lang='lat' dir='ltr'>dimissa</span> <span class='ocrx_word' id='word_1_97' title='bbox 1331 1385 1421 1413; x_wconf 88' lang='lat' dir='ltr'>esse</span> <span class='ocrx_word' id='word_1_98' title='bbox 1442 1369 1604 1426; x_wconf 76' lang='lat' dir='ltr'>fateor-3</span> <span class='ocrx_word' id='word_1_99' title='bbox 1621 1379 1665 1414; x_wconf 86' lang='lat' dir='ltr'>et</span> 
     </span>
     <span class='ocr_line' id='line_1_14' title="bbox 275 1438 1664 1505; baseline -0.004 -17"><span class='ocrx_word' id='word_1_100' title='bbox 275 1461 376 1505; x_wconf 80' lang='lat' dir='ltr'>quae</span> <span class='ocrx_word' id='word_1_101' title='bbox 398 1460 493 1487; x_wconf 88' lang='lat' dir='ltr'>mea</span> <span class='ocrx_word' id='word_1_102' title='bbox 515 1452 668 1503; x_wconf 88' lang='lat' dir='ltr'>sponte</span> <span class='ocrx_word' id='word_1_103' title='bbox 689 1442 773 1486; x_wconf 82' lang='lat' dir='ltr'>feci</span> <span class='ocrx_word' id='word_1_104' title='bbox 793 1440 922 1495; x_wconf 82' lang='lat' dir='ltr'>mala,</span> <span class='ocrx_word' id='word_1_105' title='bbox 943 1449 986 1484; x_wconf 89' lang='lat' dir='ltr'>et</span> <span class='ocrx_word' id='word_1_106' title='bbox 1008 1454 1107 1499; x_wconf 71' lang='lat' dir='ltr'>quae</span> <span class='ocrx_word' id='word_1_107' title='bbox 1128 1449 1172 1483; x_wconf 92' lang='lat' dir='ltr'>te</span> <span class='ocrx_word' id='word_1_108' title='bbox 1193 1439 1304 1483; x_wconf 88' lang='lat' dir='ltr'>duce</span> <span class='ocrx_word' id='word_1_109' title='bbox 1327 1455 1416 1484; x_wconf 91' lang='lat' dir='ltr'>non</span> <span class='ocrx_word' id='word_1_110' title='bbox 1437 1438 1537 1483; x_wconf 86' lang='lat' dir='ltr'>feci.</span> <span class='ocrx_word' id='word_1_111' title='bbox 1562 1440 1664 1492; x_wconf 85' lang='lat' dir='ltr'>Quis</span> 
     </span>
     <span class='ocr_line' id='line_1_15' title="bbox 276 1509 1664 1572; baseline -0.005 -13"><span class='ocrx_word' id='word_1_112' title='bbox 276 1525 340 1559; x_wconf 86' lang='lat' dir='ltr'>est</span> <span class='ocrx_word' id='word_1_113' title='bbox 355 1515 585 1559; x_wconf 89' lang='lat' dir='ltr'>hominum</span> <span class='ocrx_word' id='word_1_114' title='bbox 607 1513 684 1572; x_wconf 86' lang='lat' dir='ltr'>qui</span> <span class='ocrx_word' id='word_1_115' title='bbox 705 1527 824 1556; x_wconf 86' lang='lat' dir='ltr'>suam</span> <span class='ocrx_word' id='word_1_116' title='bbox 847 1511 1042 1570; x_wconf 85' lang='lat' dir='ltr'>cogitans</span> <span class='ocrx_word' id='word_1_117' title='bbox 1063 1510 1383 1565; x_wconf 85' lang='lat' dir='ltr'>infirmitatem,</span> <span class='ocrx_word' id='word_1_118' title='bbox 1410 1509 1542 1553; x_wconf 88' lang='lat' dir='ltr'>audet</span> <span class='ocrx_word' id='word_1_119' title='bbox 1558 1510 1664 1554; x_wconf 89' lang='lat' dir='ltr'>viri-</span> 
     </span>
     <span class='ocr_line' id='line_1_16' title="bbox 274 1581 1664 1640; baseline -0.004 -11"><span class='ocrx_word' id='word_1_120' title='bbox 274 1587 356 1630; x_wconf 88' lang='lat' dir='ltr'>bus</span> <span class='ocrx_word' id='word_1_121' title='bbox 378 1585 463 1628; x_wconf 88' lang='lat' dir='ltr'>suis</span> <span class='ocrx_word' id='word_1_122' title='bbox 485 1583 676 1627; x_wconf 87' lang='lat' dir='ltr'>tribuere</span> <span class='ocrx_word' id='word_1_123' title='bbox 707 1583 949 1626; x_wconf 80' lang='lat' dir='ltr'>castitatem</span> <span class='ocrx_word' id='word_1_124' title='bbox 973 1590 1103 1640; x_wconf 88' lang='lat' dir='ltr'>atque</span> <span class='ocrx_word' id='word_1_125' title='bbox 1124 1581 1416 1625; x_wconf 81' lang='lat' dir='ltr'>innocentiam</span> <span class='ocrx_word' id='word_1_126' title='bbox 1441 1595 1590 1637; x_wconf 77' lang='lat' dir='ltr'>suam3</span> <span class='ocrx_word' id='word_1_127' title='bbox 1614 1589 1664 1624; x_wconf 91' lang='lat' dir='ltr'>ut</span> 
     </span>
     <span class='ocr_line' id='line_1_17' title="bbox 274 1649 1663 1712; baseline -0.005 -13"><span class='ocrx_word' id='word_1_128' title='bbox 274 1656 416 1699; x_wconf 87' lang='lat' dir='ltr'>minus</span> <span class='ocrx_word' id='word_1_129' title='bbox 439 1662 552 1697; x_wconf 84' lang='lat' dir='ltr'>amet</span> <span class='ocrx_word' id='word_1_130' title='bbox 574 1662 631 1707; x_wconf 85' lang='lat' dir='ltr'>te,</span> <span class='ocrx_word' id='word_1_131' title='bbox 653 1652 774 1712; x_wconf 85' lang='lat' dir='ltr'>quasi</span> <span class='ocrx_word' id='word_1_132' title='bbox 796 1652 936 1694; x_wconf 87' lang='lat' dir='ltr'>minus</span> <span class='ocrx_word' id='word_1_133' title='bbox 958 1651 996 1694; x_wconf 91' lang='lat' dir='ltr'>ei</span> <span class='ocrx_word' id='word_1_134' title='bbox 1018 1651 1252 1694; x_wconf 82' lang='lat' dir='ltr'>necessaria</span> <span class='ocrx_word' id='word_1_135' title='bbox 1270 1649 1402 1694; x_wconf 81' lang='lat' dir='ltr'>fuerit</span> <span class='ocrx_word' id='word_1_136' title='bbox 1419 1649 1663 1693; x_wconf 87' lang='lat' dir='ltr'>misericor-</span> 
     </span>
     <span class='ocr_line' id='line_1_18' title="bbox 275 1720 1663 1783; baseline -0.006 -13"><span class='ocrx_word' id='word_1_137' title='bbox 275 1725 346 1770; x_wconf 88' lang='lat' dir='ltr'>dia</span> <span class='ocrx_word' id='word_1_138' title='bbox 377 1734 478 1779; x_wconf 81' lang='lat' dir='ltr'>tua,</span> <span class='ocrx_word' id='word_1_139' title='bbox 513 1739 600 1783; x_wconf 86' lang='lat' dir='ltr'>qua</span> <span class='ocrx_word' id='word_1_140' title='bbox 631 1722 765 1766; x_wconf 87' lang='lat' dir='ltr'>donas</span> <span class='ocrx_word' id='word_1_141' title='bbox 786 1730 963 1781; x_wconf 88' lang='lat' dir='ltr'>peccata</span> <span class='ocrx_word' id='word_1_142' title='bbox 996 1721 1211 1765; x_wconf 87' lang='lat' dir='ltr'>conversis</span> <span class='ocrx_word' id='word_1_143' title='bbox 1241 1720 1296 1764; x_wconf 84' lang='lat' dir='ltr'>ad</span> <span class='ocrx_word' id='word_1_144' title='bbox 1328 1722 1399 1763; x_wconf 84' lang='lat' dir='ltr'>te?</span> <span class='ocrx_word' id='word_1_145' title='bbox 1427 1722 1512 1773; x_wconf 89' lang='lat' dir='ltr'>Qui</span> <span class='ocrx_word' id='word_1_146' title='bbox 1546 1720 1663 1763; x_wconf 91' lang='lat' dir='ltr'>enim</span> 
     </span>
     <span class='ocr_line' id='line_1_19' title="bbox 275 1790 1662 1849; baseline -0.004 -10"><span class='ocrx_word' id='word_1_147' title='bbox 275 1804 452 1839; x_wconf 86' lang='lat' dir='ltr'>vocatus</span> <span class='ocrx_word' id='word_1_148' title='bbox 471 1810 493 1838; x_wconf 85' lang='lat' dir='ltr'>a</span> <span class='ocrx_word' id='word_1_149' title='bbox 513 1802 557 1837; x_wconf 89' lang='lat' dir='ltr'>te</span> <span class='ocrx_word' id='word_1_150' title='bbox 578 1802 751 1837; x_wconf 84' lang='lat' dir='ltr'>secutus</span> <span class='ocrx_word' id='word_1_151' title='bbox 773 1801 835 1836; x_wconf 86' lang='lat' dir='ltr'>est</span> <span class='ocrx_word' id='word_1_152' title='bbox 854 1807 1006 1837; x_wconf 90' lang='lat' dir='ltr'>vocem</span> <span class='ocrx_word' id='word_1_153' title='bbox 1024 1800 1159 1846; x_wconf 86' lang='lat' dir='ltr'>tuam,</span> <span class='ocrx_word' id='word_1_154' title='bbox 1181 1800 1224 1834; x_wconf 87' lang='lat' dir='ltr'>et</span> <span class='ocrx_word' id='word_1_155' title='bbox 1240 1790 1393 1834; x_wconf 82' lang='lat' dir='ltr'>vitavit</span> <span class='ocrx_word' id='word_1_156' title='bbox 1409 1805 1457 1834; x_wconf 87' lang='lat' dir='ltr'>ea</span> <span class='ocrx_word' id='word_1_157' title='bbox 1478 1806 1577 1849; x_wconf 81' lang='lat' dir='ltr'>quae</span> <span class='ocrx_word' id='word_1_158' title='bbox 1593 1805 1662 1833; x_wconf 91' lang='lat' dir='ltr'>me</span> 
     </span>
     <span class='ocr_line' id='line_1_20' title="bbox 277 1859 1662 1923; baseline -0.004 -14"><span class='ocrx_word' id='word_1_159' title='bbox 277 1864 332 1909; x_wconf 91' lang='lat' dir='ltr'>de</span> <span class='ocrx_word' id='word_1_160' title='bbox 350 1880 420 1908; x_wconf 91' lang='lat' dir='ltr'>me</span> <span class='ocrx_word' id='word_1_161' title='bbox 442 1865 535 1923; x_wconf 87' lang='lat' dir='ltr'>ipso</span> <span class='ocrx_word' id='word_1_162' title='bbox 549 1863 846 1907; x_wconf 80' lang='lat' dir='ltr'>recordantem</span> <span class='ocrx_word' id='word_1_163' title='bbox 864 1871 907 1905; x_wconf 90' lang='lat' dir='ltr'>et</span> <span class='ocrx_word' id='word_1_164' title='bbox 920 1861 1125 1905; x_wconf 86' lang='lat' dir='ltr'>fatentem</span> <span class='ocrx_word' id='word_1_165' title='bbox 1142 1860 1262 1918; x_wconf 84' lang='lat' dir='ltr'>legit,</span> <span class='ocrx_word' id='word_1_166' title='bbox 1281 1875 1369 1903; x_wconf 88' lang='lat' dir='ltr'>non</span> <span class='ocrx_word' id='word_1_167' title='bbox 1384 1875 1453 1903; x_wconf 90' lang='lat' dir='ltr'>me</span> <span class='ocrx_word' id='word_1_168' title='bbox 1467 1859 1662 1904; x_wconf 88' lang='lat' dir='ltr'>derideat</span> 
     </span>
     <span class='ocr_line' id='line_1_21' title="bbox 274 1931 1662 1992; baseline -0.004 -13"><span class='ocrx_word' id='word_1_169' title='bbox 274 1936 328 1979; x_wconf 87' lang='lat' dir='ltr'>ab</span> <span class='ocrx_word' id='word_1_170' title='bbox 350 1951 401 1980; x_wconf 91' lang='lat' dir='ltr'>eo</span> <span class='ocrx_word' id='word_1_171' title='bbox 423 1935 593 1979; x_wconf 84' lang='lat' dir='ltr'>medico</span> <span class='ocrx_word' id='word_1_172' title='bbox 615 1949 778 1992; x_wconf 72' lang='lat' dir='ltr'>aegrum</span> <span class='ocrx_word' id='word_1_173' title='bbox 803 1933 970 1986; x_wconf 84' lang='lat' dir='ltr'>sanari,</span> <span class='ocrx_word' id='word_1_174' title='bbox 998 1949 1021 1976; x_wconf 88' lang='lat' dir='ltr'>a</span> <span class='ocrx_word' id='word_1_175' title='bbox 1044 1947 1132 1991; x_wconf 86' lang='lat' dir='ltr'>quo</span> <span class='ocrx_word' id='word_1_176' title='bbox 1154 1931 1235 1974; x_wconf 85' lang='lat' dir='ltr'>sibi</span> <span class='ocrx_word' id='word_1_177' title='bbox 1264 1932 1504 1990; x_wconf 72' lang='lat' dir='ltr'>praestitum</span> <span class='ocrx_word' id='word_1_178' title='bbox 1527 1939 1591 1974; x_wconf 88' lang='lat' dir='ltr'>est</span> <span class='ocrx_word' id='word_1_179' title='bbox 1613 1940 1662 1974; x_wconf 89' lang='lat' dir='ltr'>ut</span> 
     </span>
     <span class='ocr_line' id='line_1_22' title="bbox 273 2000 1660 2064; baseline -0.004 -14"><span class='ocrx_word' id='word_1_180' title='bbox 273 2022 361 2050; x_wconf 90' lang='lat' dir='ltr'>non</span> <span class='ocrx_word' id='word_1_181' title='bbox 383 2014 611 2064; x_wconf 73' lang='lat' dir='ltr'>aegrotaret</span> <span class='ocrx_word' id='word_1_182' title='bbox 631 2040 642 2059; x_wconf 80' lang='lat'>‚</span> <span class='ocrx_word' id='word_1_183' title='bbox 668 2005 735 2048; x_wconf 78' lang='lat' dir='ltr'>vei</span> <span class='ocrx_word' id='word_1_184' title='bbox 754 2005 898 2063; x_wconf 87' lang='lat' dir='ltr'>potius</span> <span class='ocrx_word' id='word_1_185' title='bbox 922 2013 970 2047; x_wconf 89' lang='lat' dir='ltr'>ut</span> <span class='ocrx_word' id='word_1_186' title='bbox 991 2003 1134 2046; x_wconf 88' lang='lat' dir='ltr'>minus</span> <span class='ocrx_word' id='word_1_187' title='bbox 1152 2010 1380 2058; x_wconf 75' lang='lat' dir='ltr'>aegrotaret</span> <span class='ocrx_word' id='word_1_188' title='bbox 1409 2020 1416 2044; x_wconf 92' lang='lat'>:</span> <span class='ocrx_word' id='word_1_189' title='bbox 1439 2010 1481 2044; x_wconf 90' lang='lat' dir='ltr'>et</span> <span class='ocrx_word' id='word_1_190' title='bbox 1497 2000 1595 2045; x_wconf 86' lang='lat' dir='ltr'>ideo</span> <span class='ocrx_word' id='word_1_191' title='bbox 1618 2010 1660 2045; x_wconf 90' lang='lat' dir='ltr'>te</span> 
     </span>
     <span class='ocr_line' id='line_1_23' title="bbox 272 2069 1657 2131; baseline -0.004 -12"><span class='ocrx_word' id='word_1_192' title='bbox 272 2077 546 2119; x_wconf 81' lang='lat' dir='ltr'>tantumdem</span> <span class='ocrx_word' id='word_1_193' title='bbox 565 2110 576 2130; x_wconf 82' lang='grc'>,</span> <span class='ocrx_word' id='word_1_194' title='bbox 608 2076 695 2118; x_wconf 83' lang='lat' dir='ltr'>imo</span> <span class='ocrx_word' id='word_1_195' title='bbox 722 2089 825 2117; x_wconf 89' lang='lat' dir='ltr'>vero</span> <span class='ocrx_word' id='word_1_196' title='bbox 859 2072 1043 2131; x_wconf 83' lang='lat' dir='ltr'>amplius</span> <span class='ocrx_word' id='word_1_197' title='bbox 1073 2069 1251 2128; x_wconf 54' lang='lat' dir='ltr'>diligam</span> <span class='ocrx_word' id='word_1_198' title='bbox 1289 2070 1388 2129; x_wconf 79' lang='lat' dir='ltr'>quia</span> <span class='ocrx_word' id='word_1_199' title='bbox 1421 2085 1497 2128; x_wconf 90' lang='lat' dir='ltr'>per</span> <span class='ocrx_word' id='word_1_200' title='bbox 1526 2086 1657 2129; x_wconf 89' lang='lat' dir='ltr'>quem</span> 
     </span>
     <span class='ocr_line' id='line_1_24' title="bbox 270 2139 1652 2203; baseline -0.005 -14"><span class='ocrx_word' id='word_1_201' title='bbox 270 2161 339 2189; x_wconf 88' lang='lat' dir='ltr'>me</span> <span class='ocrx_word' id='word_1_202' title='bbox 366 2145 485 2189; x_wconf 91' lang='lat' dir='ltr'>videt</span> <span class='ocrx_word' id='word_1_203' title='bbox 508 2145 636 2188; x_wconf 85' lang='lat' dir='ltr'>tantis</span> <span class='ocrx_word' id='word_1_204' title='bbox 661 2152 936 2203; x_wconf 79' lang='lat' dir='ltr'>pcccatorum</span> <span class='ocrx_word' id='word_1_205' title='bbox 970 2156 1167 2184; x_wconf 89' lang='lat' dir='ltr'>meorum</span> <span class='ocrx_word' id='word_1_206' title='bbox 1201 2139 1485 2197; x_wconf 85' lang='lat' dir='ltr'>languoribus</span> <span class='ocrx_word' id='word_1_207' title='bbox 1519 2140 1652 2194; x_wconf 82' lang='lat' dir='ltr'>exui,</span> 
     </span>
     <span class='ocr_line' id='line_1_25' title="bbox 268 2210 1650 2274; baseline -0.004 -15"><span class='ocrx_word' id='word_1_208' title='bbox 268 2232 344 2274; x_wconf 85' lang='lat' dir='ltr'>per</span> <span class='ocrx_word' id='word_1_209' title='bbox 366 2230 466 2259; x_wconf 91' lang='lat' dir='ltr'>eum</span> <span class='ocrx_word' id='word_1_210' title='bbox 488 2230 532 2259; x_wconf 91' lang='lat' dir='ltr'>se</span> <span class='ocrx_word' id='word_1_211' title='bbox 549 2213 665 2259; x_wconf 85' lang='lat' dir='ltr'>videt</span> <span class='ocrx_word' id='word_1_212' title='bbox 687 2213 815 2258; x_wconf 82' lang='lat' dir='ltr'>tantis</span> <span class='ocrx_word' id='word_1_213' title='bbox 838 2221 1114 2271; x_wconf 87' lang='lat' dir='ltr'>peccatorum</span> <span class='ocrx_word' id='word_1_214' title='bbox 1140 2210 1423 2268; x_wconf 82' lang='lat' dir='ltr'>languoribus</span> <span class='ocrx_word' id='word_1_215' title='bbox 1448 2225 1537 2254; x_wconf 89' lang='lat' dir='ltr'>non</span> <span class='ocrx_word' id='word_1_216' title='bbox 1565 2210 1650 2253; x_wconf 89' lang='lat' dir='ltr'>im-</span> 
     </span>
    </p>
   </div>
   <div class='ocr_carea' id='block_1_7' title="bbox 272 2286 438 2344">
    <p class='ocr_par' dir='ltr' id='par_1_7' title="bbox 272 2286 438 2344">
     <span class='ocr_line' id='line_1_26' title="bbox 272 2286 438 2344; baseline 0 -16"><span class='ocrx_word' id='word_1_217' title='bbox 272 2286 438 2344; x_wconf 83' lang='lat' dir='ltr'>plicari.</span> 
     </span>
    </p>
   </div>
   <div class='ocr_carea' id='block_1_8' title="bbox 1775 0 1853 3162">
    <p class='ocr_par' dir='ltr' id='par_1_8' title="bbox 1775 0 1853 3162">
     <span class='ocr_line' id='line_1_27' title="bbox 1775 0 1853 3162; baseline 0 0"><span class='ocrx_word' id='word_1_218' title='bbox 1775 0 1853 3162; x_wconf 95' lang='lat' dir='ltr'> </span> 
     </span>
    </p>
   </div>
  </div>
 </body>
</html>
