1871 3162
338 256 418 291 100
769 264 802 293 s.
839 265 1068 294 Incusum
1102 268 1281 295 Emscom

389 331 514 373 XIII.
542 329 745 375 Refracto
765 332 912 391 itaque
938 324 1082 376 studio
1104 332 1224 392 quod
1256 331 1529 375 intenderam
1551 332 1596 375 in
1618 333 1715 376 Ma-

328 399 485 444 nichaei
505 399 685 457 litteras,
710 402 934 462 magisque
947 401 1158 462 deperans
1178 403 1232 446 de
1248 403 1413 447 caeteris
1435 417 1586 446 eorum
1609 401 1717 446 doc-

331 471 511 526 toribus,
525 471 702 532 quando
723 472 769 516 in
782 472 931 516 multis
948 489 1047 533 quae
1060 489 1129 517 me
1147 474 1397 528 movebant,
1410 474 1469 516 ita
1486 473 1558 516 ille
1575 473 1717 516 nomi—

327 550 454 585 natus
477 542 677 600 apparuit
696 562 707 599 3
731 542 846 601 coepi
863 558 964 586 cum
980 558 1031 587 eo
1047 558 1127 601 pro
1150 542 1294 587 studio
1312 543 1402 601 ejus
1419 544 1546 600 agere
1564 542 1715 597 vitam,

327 627 416 671 quo
437 613 526 671 ipse
548 612 761 671 flagrabat
795 613 841 657 in
863 629 932 658 eas
950 612 1114 659 litteras
1140 649 1151 668 ‚
1174 629 1282 673 quas
1314 623 1420 657 tunc
1447 614 1536 672 jam
1571 613 1719 657 rhetor

327 684 581 742 Carthagini
600 683 895 728 adolescentes
917 684 1127 729 docebam
1141 719 1152 739 ‚
1178 693 1222 728 et
1242 683 1383 742 legere
1403 699 1503 727 cum
1526 698 1577 727 eo
1595 718 1605 738 ,
1631 683 1719 727 sive

327 768 426 812 quae
458 753 530 796 ille
558 753 706 798 audita
744 753 1008 798 desideraret
1027 790 1037 809 ‚
1073 755 1162 798 sive
1196 770 1295 813 quae
1327 754 1416 813 ipse
1439 752 1515 797 tali
1544 753 1719 811 ingenio

327 832 426 881 apta
462 823 764 867 existimarem.
801 826 1021 869 Caeterum
1057 833 1237 869 conatus
1267 824 1407 868 omnis
1440 839 1563 867 meus
1579 858 1590 878 ‚
1626 838 1717 883 quo

328 894 538 953 proficere
550 894 594 938 in
613 894 686 938 illa
699 904 814 940 secta
837 905 1085 950 statueram,
1106 895 1182 939 illo
1203 895 1380 939 homine
1400 895 1574 953 cognito
1592 909 1720 954 pror·

328 980 399 1009 sus
416 964 637 1010 intercidit
663 985 671 1010 :
697 982 786 1010 non
809 976 858 1011 ut
880 967 935 1011 ab
958 967 1017 1011 eis
1034 966 1213 1011 omnino
1236 981 1455 1025 separarer
1470 1001 1480 1020 ,
1501 965 1577 1010 sed
1599 965 1721 1025 quasi

329 1036 482 1080 melius
500 1037 743 1097 quidquam
761 1054 850 1083 non
865 1039 1104 1093 inveniens,
1124 1054 1174 1082 eo
1189 1054 1277 1098 quo
1285 1039 1375 1098 jam
1387 1053 1567 1096 quoquo
1585 1036 1718 1081 modo

328 1107 557 1160 irrueram,
574 1118 805 1150 contentus
825 1109 999 1150 interim
1023 1122 1113 1150 esse
1134 1108 1431 1161 decreveram,
1457 1107 1538 1150 nisi
1556 1106 1720 1166 aliquid

329 1175 441 1220 forte
462 1175 582 1235 quod
604 1176 735 1233 magis
758 1175 1005 1234 eligendum
1029 1186 1138 1220 esset
1166 1177 1372 1221 eluceret.
1398 1180 1462 1221 Ita
1485 1176 1558 1220 ille
1581 1180 1721 1221 Faus-

330 1256 398 1290 tus
414 1281 424 1301 ,
445 1247 521 1305 qui
544 1245 692 1290 multis
714 1246 897 1306 laqueus
921 1247 1070 1290 mortis
1093 1247 1254 1301 extitit,
1283 1262 1427 1290 meum
1451 1263 1540 1307 quo
1569 1256 1720 1306 captus

329 1332 446 1360 eram
471 1316 661 1360 relaxare
679 1317 768 1375 jam
788 1326 1002 1376 coeperat,
1028 1332 1107 1360 nec
1124 1316 1274 1360 volens
1296 1332 1376 1361 nec
1394 1317 1545 1361 sciens.
1563 1320 1720 1361 Manus

330 1388 447 1431 enim
471 1397 558 1432 tuae
575 1422 585 1441 ‚
611 1390 725 1430 Deus
747 1403 869 1431 meus
886 1422 897 1442 ,
926 1387 971 1430 in
994 1386 1144 1431 abdito
1172 1386 1458 1446 providentiae
1490 1396 1576 1430 tuae
1593 1422 1603 1442 ‚
1629 1403 1720 1431 non

328 1458 586 1502 deserebant
606 1458 791 1501 animam
818 1473 987 1514 meam3
1013 1466 1055 1501 et
1089 1456 1144 1500 de
1168 1458 1375 1515 sanguine
1397 1457 1538 1502 cordis
1571 1458 1719 1502 matris

328 1544 437 1572 meae
460 1544 536 1588 per
557 1528 769 1586 lacrymas
787 1529 876 1587 ejus
894 1527 1047 1571 diebus
1070 1542 1118 1571 ac
1141 1528 1343 1572 noctibus
1360 1543 1439 1587 pro
1459 1543 1527 1571 me
1557 1528 1719 1572 sacrifl-

330 1601 510 1644 cabatur
527 1600 633 1657 tibi3
654 1609 697 1643 et
718 1599 840 1658 egisti
859 1613 1030 1642 mecum
1052 1599 1166 1642 miris
1189 1597 1343 1642 modis.
1367 1602 1431 1642 Tu
1447 1598 1558 1642 illud
1577 1599 1715 1656 egisti,

330 1674 445 1714 Deus
481 1685 617 1714 meus.
643 1672 750 1715 Nam
774 1685 797 1713 a
816 1669 1000 1714 Domino
1024 1683 1190 1726 gressus
1217 1669 1405 1713 hominis
1437 1668 1715 1727 diriguntur3

331 1751 374 1786 et
396 1742 508 1785 viam
532 1742 622 1801 ejus
653 1741 813 1786 volet1.
839 1743 927 1785 Aut
955 1756 1054 1800 quae
1082 1740 1336 1799 procuratio
1363 1739 1533 1796 salutis,
1560 1749 1719 1799 praeter

331 1827 511 1857 manum
533 1822 653 1856 tuam
676 1812 942 1856 reficientem
964 1827 1062 1871 quae
1078 1810 1247 1855 fecisti?

377 1935 390 1954 ¹
404 1932 486 1965 Psal.
504 1942 615 1972 xxxw,
640 1932 693 1964 23.
