1871 3162
569 269 915 306 CONFESSIONUM‚
949 270 1031 296 Lus.
1067 270 1141 296 XII.
1453 265 1536 303 339

163 332 376 378 Creatoris
397 332 628 389 aeternitas,
644 349 666 377 a
685 349 773 394 quo
794 333 1101 395 factasumpsit
1116 334 1355 390 exordium,
1381 353 1538 396 quam-

161 405 224 448 vis
245 419 336 449 non
355 405 576 464 temporis,
601 405 703 464 quia
716 405 913 450 nondum
928 415 1019 451 erat
1035 414 1222 466 tempus,
1246 407 1377 466 ipsius
1393 416 1540 453 tamen

162 474 420 520 conditionis
442 490 546 519 suae.
587 516 591 519 ,

219 547 340 589 ΧΧΙ.
363 545 488 589 Unde
509 545 568 590 ita
585 554 647 590 est
669 545 743 590 abs
765 555 807 591 te
823 549 912 591 Deo
930 555 1078 591 nostro
1092 581 1102 601 ,
1128 556 1177 591 ut
1201 546 1319 591 aliud
1341 547 1395 593 sit
1414 548 1541 608 plane

161 631 292 674 quarn
310 625 380 672 tu,
400 625 443 660 et
464 632 554 661 non
570 616 774 676 idipsum.
801 618 1018 671 Quoniam
1035 627 1078 662 et
1099 619 1133 662 si
1155 633 1244 663 non
1267 618 1405 663 solum
1440 629 1540 664 ante

160 684 278 730 illam
295 721 306 740 ,
331 685 406 730 sed
423 702 502 730 nec
524 687 570 730 in
588 686 660 730 illa
687 688 933 731 invenimus
950 696 1120 746 tempus
1134 723 1145 742 ,
1171 688 1272 747 quia
1295 698 1358 733 est
1380 688 1539 734 idonea

159 755 316 800 faciem
337 765 458 800 tuam
477 771 646 815 semper
667 756 830 812 videre,
850 773 931 802 nec
952 757 1119 817 uspiam
1138 759 1387 803 deflectitur
1419 761 1474 804 ab
1488 775 1538 804 ea

160 841 248 885 quo
266 826 314 869 fit
336 835 384 870 ut
405 825 525 869 nulla
546 827 792 871 mutatione
812 828 1002 871 varietur
1028 847 1036 872 :
1060 828 1174 872 inest
1194 830 1233 872 ei
1269 838 1416 874 tamen
1450 831 1541 889 ipsa

160 896 426 940 mutabilitas
453 897 570 940 unde
584 898 920 952 tenebresceret,
942 907 985 942 et
1007 897 1271 957 frigesceret,
1293 900 1372 944 nisi
1396 916 1541 945 amore

162 966 315 1025 grandi
330 967 409 1010 tibi
431 968 652 1011 cohaerens
677 976 886 1027 tanquam
903 983 1070 1027 semper
1093 970 1293 1014 meridies
1316 970 1482 1014 luceret
1501 981 1542 1015 et

159 1038 346 1082 ferveret
358 1053 407 1081 ex
420 1047 476 1081 te.
492 1039 529 1081 Ο
543 1038 1189 1098 domusluminosaetspeciosal
1206 1040 1335 1084 dilexi
1347 1041 1547 1086 decorem

161 1117 304 1162 tuum,
317 1117 358 1151 et
371 1107 516 1152 locum
531 1108 806 1152 habitationis
822 1108 970 1166 gloriae
985 1110 1160 1153 Domini
1182 1110 1264 1154 mei
1277 1110 1545 1156 fabricatoris

161 1187 205 1222 et
225 1179 475 1237 possessoris
498 1178 602 1221 tui1.
631 1178 726 1221 Tibi
745 1178 929 1236 suspiret
950 1179 1239 1238 peregrinatio
1262 1196 1374 1236 mea,
1391 1192 1433 1225 et
1449 1182 1546 1227 dico

162 1249 202 1293 ei
218 1249 293 1308 qui
310 1247 414 1293 fecit
436 1258 500 1303 te,
527 1258 575 1292 ut
592 1248 808 1307 possideat
829 1258 873 1292 et
890 1264 959 1292 me
976 1250 1021 1293 in
1044 1258 1107 1304 te,
1130 1251 1232 1310 quia
1254 1250 1356 1296 fecit
1379 1263 1422 1297 et
1458 1269 1542 1298 me.

162 1319 314 1363 Erravi
331 1320 444 1363 sicut
464 1319 553 1363 ovis
575 1317 742 1376 perdita
755 1322 788 1373 2,
821 1318 896 1362 sed
917 1319 962 1362 in
996 1319 1190 1364 humeris
1223 1323 1406 1380 pastoris
1437 1324 1544 1379 mei,

163 1391 386 1434 structoris
411 1390 501 1443 tui,
527 1405 651 1448 spero
670 1405 740 1433 me
762 1390 974 1449 reportari
997 1390 1079 1434 tibi
1096 1392 1126 1434 ³.

219 1463 365 1504 XXII.
382 1458 496 1512 Quid
518 1459 659 1502 dicitis
674 1459 779 1502 mihi
795 1475 905 1519 quos
920 1459 1175 1519 alloquebar
1188 1464 1542 1520 contradictores,

163 1533 237 1592 qui
265 1541 409 1575 tamen
427 1540 469 1575 et
490 1533 672 1588 Moysen
690 1530 812 1589 pium
831 1530 1048 1574 famulum
1071 1533 1174 1586 Dei,
1213 1543 1256 1577 et
1288 1535 1422 1580 libros
1457 1539 1548 1595 ejus

163 1602 337 1647 oracula
359 1603 497 1646 sancti
522 1601 702 1660 Spiritus
739 1599 938 1645 creditis?
969 1604 1129 1646 Est-ne
1150 1603 1228 1647 ista
1265 1604 1420 1649 domus
1440 1609 1515 1650 Dei
1533 1643 1543 1662 ,

163 1689 252 1717 non
268 1673 445 1733 quidem
467 1675 557 1716 Deo
580 1680 794 1715 coaeterna
809 1706 820 1725 ,
839 1671 915 1715 sed
941 1682 1086 1716 tamen
1108 1674 1348 1719 secundum
1366 1678 1547 1721 modum

164 1759 289 1787 suun]
313 1751 475 1786 aeterna
496 1743 539 1785 in
564 1741 686 1786 coelis
701 1776 711 1795 ,
738 1741 813 1784 ubi
834 1741 948 1785 vices
971 1751 1216 1802 temporum
1245 1743 1404 1790 frustra
1425 1764 1550 1807 quae-

163 1813 278 1867 ritis,
304 1813 404 1872 quia
439 1826 528 1855 non
558 1810 817 1854 invenietis?
855 1813 1191 1871 Supergreditur
1229 1816 1344 1858 enim
1372 1832 1547 1862 omnem

164 1883 486 1936 distentionem,
513 1891 555 1925 et
578 1897 705 1925 omne
730 1881 914 1940 spatium
939 1884 1076 1926 aetatis
1098 1883 1305 1939 volubile,
1330 1887 1400 1930 cui
1433 1904 1548 1932 sem-

163 1970 241 2013 per
264 1954 475 1998 inhaerere
499 1956 587 1996 Deo
602 1953 767 1995 bonum
786 1961 850 1995 est
864 1952 895 1996 ⁴.
918 1955 1008 2007 Est,
1030 1954 1252 2014 inquiunt.
1282 1958 1398 2010 Quid
1419 1960 1551 2018 igitur

165 2040 216 2068 ex
238 2024 287 2067 iis
308 2039 405 2084 quae
427 2021 628 2066 clamavit
651 2037 724 2065 cor
741 2037 888 2065 meum
912 2022 963 2066 ad
983 2026 1119 2067 Deum
1140 2040 1286 2070 meum
1304 2063 1315 2082 ‚
1345 2044 1445 2073 cum
1468 2047 1549 2075 au-

164 2093 277 2138 diret
297 2094 475 2138 interius
497 2107 648 2136 vocem
670 2091 811 2136 laudis
828 2094 934 2151 er3‚
955 2093 1063 2152 quid
1085 2096 1263 2140 tandem
1284 2097 1441 2144 falsum
1460 2117 1549 2146 esse

165 2164 450 2209 contenditis?
470 2166 538 2207 An
561 2163 660 2222 quia
686 2171 776 2205 erat
798 2161 991 2207 informis
1011 2165 1209 2209 materies
1224 2201 1234 2220 ‚
1262 2169 1337 2211 ubi
1371 2181 1549 2230 propter

165 2235 331 2279 nullam
356 2235 539 2279 formam
558 2232 705 2277 nullus
726 2232 834 2277 ordo
866 2236 980 2278 erat?
1010 2234 1089 2278 Ubi
1111 2246 1257 2281 autem
1278 2239 1425 2285 nullus
1443 2242 1550 2287 ordo

166 2314 257 2349 erat
273 2340 284 2360 ,
314 2304 434 2348 nulla
457 2318 545 2348 esse
569 2302 819 2360 vicissitudo
838 2313 1084 2363 temporum
1108 2316 1303 2365 poterat,
1335 2319 1378 2354 et
1401 2319 1548 2357 tamen

163 2377 247 2421 hoc
262 2391 371 2436 pene
400 2374 523 2429 nihil,
548 2374 594 2418 in
612 2383 829 2434 quantum
847 2389 936 2418 non
953 2377 1131 2421 omnino
1146 2378 1255 2421 nihil
1274 2389 1380 2436 erat,
1405 2382 1460 2427 ab
1474 2383 1550 2430 illo

167 2449 320 2508 utique
344 2455 436 2490 erat
459 2461 482 2489 a
505 2461 593 2505 quo
619 2454 682 2489 est
703 2444 921 2505 quidquid
946 2455 1034 2502 est,
1059 2447 1181 2507 quod
1211 2458 1451 2513 utcumque
1472 2454 1554 2500 ali-

169 2518 278 2579 quid
301 2526 378 2562 est.
408 2519 501 2560 Hoc
524 2531 723 2575 quoque,
749 2515 892 2570 aiunt,
920 2531 1007 2560 non
1028 2532 1253 2576 negamus.

219 2609 227 2626 ¹
249 2602 422 2643 Psal.xxv,
441 2604 473 2633 8.
494 2617 534 2623 —-
552 2607 563 2623 ²
588 2600 634 2632 Id.
655 2611 765 2634 cxviii.
789 2600 863 2637 176.
887 2617 926 2623 -
950 2599 961 2621 3
982 2601 1057 2633 Luc.
1081 2612 1135 2643 KV,
1154 2603 1182 2634 5,
1206 2620 1247 2625 —
1266 2603 1282 2634 4
1300 2606 1379 2638 Psal.
1403 2619 1474 2649 nn,
1492 2611 1532 2642 23

1271 2659 1338 2698 22.
