1871 3162
307 258 360 296 22
727 264 760 292 s.
796 265 1024 292 Aucus-run
1057 264 1237 291 EPISCOH

307 332 440 375 dabas
459 330 562 372 mihi
581 350 590 385 3
611 339 653 372 et
670 330 715 371 in
733 329 790 371 eis
807 329 923 370 vanis
939 335 1112 385 peccata
1129 325 1464 371 delectationum
1485 343 1676 371 mearum

308 401 504 446 dimisisti
527 400 646 443 mihi.
684 398 820 442 Didici
841 399 954 441 enim
979 398 1022 440 in
1047 397 1106 440 eis
1127 396 1263 441 multa
1285 397 1416 441 verba
1437 398 1556 442 utilia
1574 419 1585 455 3
1606 397 1678 441 sed

307 483 351 517 et
371 488 470 532 quae
492 472 536 515 in
561 472 688 514 rebus
717 486 807 514 non
838 470 959 513 vanis
996 468 1103 513 disci
1123 478 1327 528 possunt3
1357 478 1400 513 et
1420 484 1469 513 ea
1497 469 1566 513 via
1585 478 1679 512 tuta

307 553 372 588 est
390 578 400 598 ,
421 543 467 586 in
486 557 572 603 qua
594 541 718 601 pueri
739 539 1028 584 ambularent.

300 713 340 728 m
345 711 765 728 WWWWWWW
1469 708 1681 725 mmm

797 844 1014 893 CAPUT
1050 844 1188 891 XVI.

458 997 716 1058 Improbat
739 997 931 1044 modum
942 998 1205 1061 juventutis
1225 996 1512 1044 erudiendae.

360 1159 499 1201 XXV.
524 1159 608 1202 San
627 1172 692 1200 vae
714 1157 807 1211 tibi,
822 1158 989 1201 flumen
1010 1156 1139 1201 moris
1160 1157 1341 1200 humani
1361 1157 1370 1200 1
1390 1157 1494 1209 Quis
1518 1157 1685 1200 resistet

301 1229 408 1273 tibi?
426 1229 629 1281 Quandiu
647 1244 736 1272 non
759 1228 1015 1272 siccaberis?
1033 1232 1268 1288 Quousque
1287 1227 1434 1272 volves
1452 1230 1556 1272 Evae
1573 1226 1684 1271 filios

302 1299 347 1341 in
371 1313 486 1341 mare
511 1313 719 1356 magnum
747 1308 790 1341 et
812 1297 1143 1342 formidolosum
1162 1333 1172 1351 ‚
1206 1296 1327 1357 quod
1365 1299 1435 1341 vix
1459 1305 1686 1341 transeunt

305 1368 381 1427 qui
402 1366 569 1426 lignum
587 1367 948 1411 conscenderint?
965 1370 1119 1412 Nonne
1141 1382 1220 1424 ego
1237 1367 1283 1410 in
1302 1376 1344 1410 te
1363 1366 1448 1425 legi
1466 1376 1509 1410 et
1526 1375 1684 1411 tonan-

304 1447 392 1482 tem
417 1440 569 1481 Jovem
593 1447 635 1481 et
656 1436 1003 1481 adulterantem?
1025 1440 1083 1480 Et
1116 1437 1268 1496 utique
1297 1452 1386 1480 non
1417 1445 1560 1495 posset
1593 1437 1686 1480 haec

305 1509 415 1565 duo3
436 1507 509 1551 sed
525 1516 667 1550 actum
686 1516 748 1550 est
765 1516 815 1551 ut
830 1507 1012 1550 haberet
1034 1507 1333 1551 auctoritatem
1353 1506 1406 1550 ad
1424 1505 1685 1550 imitandum

303 1593 455 1623 verum
478 1578 740 1622 adulterium
758 1613 768 1632 ‚
801 1577 1076 1622 lenocinante
1099 1577 1207 1622 salso
1236 1578 1459 1622 tonitruo.·'
1476 1577 1582 1630 Quis
1605 1593 1684 1620 au—

302 1658 390 1692 tem
418 1648 723 1708 penulatorum
746 1647 1049 1705 magistrorum
1076 1646 1198 1691 audit
1220 1663 1323 1691 aure
1346 1647 1488 1691 sobria
1504 1681 1514 1701 ‚
1535 1662 1587 1690 ex
1607 1662 1684 1691 eo-

304 1717 405 1762 dem
427 1717 605 1777 pulvere
625 1717 843 1761 hominem
865 1716 1124 1761 clamantem
1147 1726 1189 1761 et
1210 1717 1428 1761 dicentem
1455 1735 1463 1761 :
1486 1735 1506 1758 «
1528 1717 1686 1775 Finges

307 1807 328 1830 »
363 1789 439 1833 bat
462 1790 554 1832 haec
577 1790 816 1843 Homerus,
849 1797 892 1831 et
923 1788 1115 1831 humana
1148 1786 1204 1831 ad
1232 1787 1337 1831 deos
1366 1786 1682 1845 transferebat3

306 1879 326 1902 n
363 1860 508 1904 divina
523 1858 698 1902 mallem
723 1858 779 1902 ad
799 1874 876 1903 nos
889 1861 903 1884 ¹
920 1860 938 1902 P
962 1877 982 1899 n
1006 1858 1090 1903 Sed
1110 1859 1253 1902 verius
1275 1858 1435 1902 dicitur
1456 1858 1578 1918 quod
1597 1859 1685 1902 fin-

305 1932 433 1989 gebat
460 1931 554 1973 haec
575 1927 752 1988 quidem
772 1928 846 1972 ille
873 1947 883 1973 2
911 1928 987 1972 sed
1007 1928 1259 1973 hominibus
1290 1928 1509 1987 flagitiosis
1537 1928 1684 1973 divina

308 2000 565 2054 tribuendo,
589 2014 643 2043 ne
674 1999 836 2057 flagitia
857 1998 1020 2058 flagitia
1041 2007 1323 2058 putarentur,
1350 2007 1393 2042 et
1413 2007 1463 2042 ut
1487 1999 1684 2059 quisquis

304 2088 353 2117 ea
376 2071 559 2125 fecisset,
573 2086 662 2115 non
680 2070 877 2115 homines
896 2070 1103 2130 perditos,
1126 2068 1202 2114 sed
1222 2069 1417 2114 coelestes
1438 2068 1542 2115 deos
1558 2070 1683 2115 vide-

305 2152 425 2187 retur
440 2143 647 2186 imitatus.

363 2214 523 2256 XXVI.
544 2214 601 2255 Et
618 2220 763 2255 tamen
779 2246 790 2266 ‚
821 2226 847 2255 o
868 2211 1035 2255 flumen
1055 2220 1290 2256 tartareum
1305 2246 1315 2266 ,
1337 2213 1560 2271 jactantur
1578 2212 1625 2256 in
1640 2220 1684 2256 te

308 2284 383 2326 filii
398 2283 627 2327 hominum
648 2297 746 2325 cum
765 2281 1039 2326 mercedibus
1058 2291 1108 2327 ut
1126 2283 1221 2327 haec
1243 2281 1433 2339 discant3
1457 2290 1500 2326 et
1522 2297 1682 2342 magna

306 2368 373 2396 res
391 2354 553 2412 agitur,
579 2368 678 2397 cum
705 2353 789 2397 hoc
811 2352 953 2412 agitur
973 2353 1149 2412 publice
1168 2354 1214 2397 in
1230 2353 1327 2397 foro
1341 2388 1352 2408 ‚
1373 2353 1419 2396 in
1439 2362 1679 2412 conspectu

303 2423 451 2483 legum
473 2439 601 2482 supra
623 2423 866 2468 mercedem
888 2424 1039 2469 salaria
1069 2423 1398 2469 decernentium
1417 2432 1460 2467 et
1485 2438 1584 2467 saxa
1606 2432 1681 2467 tua

303 2494 491 2554 percutis
525 2502 568 2537 et
596 2509 720 2538 sonas
761 2493 941 2539 dicens:
974 2494 1086 2539 Hinc
1117 2495 1250 2539 verba
1280 2493 1537 2549 discuntur,
1576 2493 1677 2538 hinc

353 2598 362 2612 ¹
384 2591 496 2623 Cicero
509 2614 517 2630 ‚
531 2588 655 2622 Tuscul.
677 2600 697 2621 1.
