1871 3162
618 286 966 323 CONFESSIONUM,
1002 286 1085 312 ΜΒ.
1121 286 1182 312 lx.
1503 275 1587 314 203

210 351 372 408 majora
400 349 680 408 properanti?
695 352 886 392 Revocat
916 349 1030 391 enim
1054 362 1124 391 me
1144 346 1386 391 recordatio
1407 361 1502 390 mea
1517 382 1527 401 ‚
1547 357 1590 391 et

210 419 338 462 dulce
354 419 460 461 mihi
483 418 533 461 fit
554 453 564 472 ,
592 419 798 472 Domine,
818 418 1013 462 confiteri
1035 417 1115 461 tibi
1139 417 1299 477 quibus
1321 417 1501 460 internis
1521 432 1590 460 me

208 488 393 533 stimulis
415 488 731 547 perdomueris,
771 498 814 531 et
830 487 1199 547 quemadmodum
1236 503 1304 531 me
1337 485 1588 545 complana—

205 560 315 603 veris
337 559 568 602 humiliatis
590 558 813 602 montibus
835 567 878 601 et
908 557 1091 602 collibus
1123 556 1438 616 cogitationum
1472 570 1589 599 mea-

204 643 302 671 rum
320 662 330 681 ,
348 637 390 671 et
414 637 607 671 tortuosa
628 643 724 671 mea
745 627 974 681 direxeris,
999 636 1041 671 et
1070 642 1217 686 aspera
1246 625 1417 669 lenieris
1433 660 1444 680 ,
1474 640 1588 685 quo-

203 713 289 756 que
326 698 457 741 modo
497 698 639 756 ipsum
677 699 806 742 etiam
851 698 1059 756 Alypium
1098 697 1277 741 fratrem
1319 696 1462 740 cordis
1503 696 1588 738 mei

203 767 425 824 subegeris
446 767 613 810 nomini
631 768 843 825 unigeniti
866 767 930 810 tui
947 767 1118 811 Domini
1136 776 1178 810 et
1203 765 1434 811 Salvatoris
1455 765 1590 808 nostri

202 838 306 879 Jesu
323 836 508 890 Christi,
523 836 643 894 quod
664 837 804 895 primo
827 836 1146 895 dedignabatur
1167 836 1295 880 inseri
1317 835 1470 879 litteris
1487 849 1587 878 nos-

204 906 293 949 tris.
320 906 456 963 Magis
476 906 590 949 enim
608 921 677 949 eas
696 905 872 951 volebat
888 905 1084 950 redolere
1099 906 1424 964 gymnasiorum
1439 903 1588 945 cedros

202 990 312 1035 quas
327 977 418 1034 jam
435 976 638 1019 contrivit
657 977 892 1028 Dominus,
914 988 1046 1033 quam
1069 973 1264 1017 salubres
1281 970 1437 1015 herbas
1450 970 1589 1014 eccle-

199 1044 390 1089 siasticas
413 1043 612 1088 adversas
626 1043 914 1102 serpentibus.

261 1118 385 1158 VIII.
422 1118 535 1167 Quas
556 1114 637 1158 tibi
655 1149 666 1167 ,
692 1117 806 1157 Deus
827 1128 965 1167 meuS,
982 1127 1108 1157 voces
1130 1110 1248 1165 dedi,
1273 1125 1373 1155 cum
1402 1109 1588 1167 legerem

211 1184 403 1228 Psalmos
425 1185 562 1228 David
581 1218 592 1238 ‚
617 1183 785 1227 cantica
813 1181 980 1237 fidelia,
1000 1191 1044 1225 et
1079 1196 1206 1225 sonos
1239 1180 1409 1240 pietatis
1440 1179 1589 1224 exclu-

199 1254 351 1298 dentes
372 1253 596 1312 turgidum
620 1253 835 1312 spiritum,
860 1251 979 1296 rudis
1001 1252 1046 1295 in
1069 1266 1275 1310 germano
1307 1264 1453 1294 amore
1478 1259 1556 1293 tuo
1573 1284 1584 1304 ,
1642 1246 1645 1249 ’

203 1324 545 1368 catechumenus
563 1323 722 1367 invilla
740 1338 841 1367 cum
863 1323 1180 1366 catechumeno
1202 1320 1361 1380 Alypio
1381 1319 1558 1363 feriatus
1573 1354 1585 1373 ,

202 1402 340 1437 matre
359 1393 612 1437 adhaerente
629 1393 755 1437 nobis
777 1391 980 1436 muliebri
1002 1391 1180 1445 habitu,
1205 1390 1318 1435 virili
1334 1388 1422 1433 fide
1444 1423 1455 1443 ,
1483 1389 1587 1433 anili

198 1463 442 1517 securitate,
462 1472 656 1506 materna
671 1463 897 1517 charitate,
909 1462 1151 1507 Christiana
1170 1461 1356 1521 pietate?
1374 1462 1490 1513 Quas
1506 1459 1587 1503 tibi

198 1548 325 1578 voces
348 1532 507 1577 dabam
528 1532 574 1576 in
598 1531 901 1586 Psalmisillis,
926 1541 970 1574 et
990 1532 1216 1590 quomodo
1251 1532 1298 1576 in
1332 1540 1376 1576 te
1410 1531 1587 1574 inflam-

199 1604 350 1649 mabar
371 1618 426 1648 ex
437 1603 519 1657 eis,
553 1611 597 1647 et
632 1602 900 1647 accendebar
924 1616 996 1645 eos
1023 1600 1204 1644 recitare
1237 1603 1270 1642 si
1294 1616 1461 1658 possem
1493 1609 1587 1645 toto

201 1674 308 1718 orbe
344 1682 558 1718 terrarum
573 1708 585 1728 ,
624 1673 827 1717 adversus
865 1672 1053 1730 typhum
1093 1671 1260 1729 generis
1293 1669 1490 1714 humani.
1531 1671 1589 1712 Et

201 1752 349 1787 tamen
371 1751 464 1787 toto
485 1742 591 1787 orbe
623 1750 879 1796 cantantur,
906 1749 951 1784 et
987 1756 1077 1784 non
1114 1749 1177 1784 est
1218 1740 1294 1799 qui
1325 1754 1369 1783 se
1398 1739 1585 1783 abscon-

200 1814 275 1857 dat
290 1829 314 1857 a
336 1812 478 1857 calore
493 1821 586 1857 tuo.
614 1814 756 1865 Quam
772 1810 1022 1856 vehementi
1036 1819 1080 1854 et
1096 1810 1184 1854 acri
1205 1809 1357 1854 dolore
1378 1808 1584 1866 indigna-

200 1883 278 1926 bar
309 1882 559 1926 Manichaeis
573 1916 585 1936 ,
609 1890 654 1925 et
675 1881 907 1925 miserabar
924 1895 996 1924 eos
1014 1895 1183 1935 rursus,
1204 1878 1326 1939 quod
1347 1878 1418 1922 illa
1442 1892 1586 1922 sacra-

201 1961 348 1996 menta
365 1987 376 2007 ,
414 1951 488 1995 illa
525 1951 841 1995 medicamenta
881 1951 1096 1994 nescirent
1132 1968 1141 1994 :
1186 1959 1230 1994 et
1267 1949 1407 1992 insani
1444 1956 1588 1991 essent

201 2021 384 2066 adverus
402 2021 648 2066 antidotum
679 2036 768 2080 quo
801 2020 894 2063 sani
921 2034 1010 2063 esse
1039 2019 1296 2078 potuissent.
1334 2017 1500 2062 Vellem
1538 2025 1588 2060 ut

201 2091 362 2136 alicubi
393 2092 518 2150 juxta
558 2100 699 2135 essent
739 2099 868 2143 tunc,
913 2099 956 2133 et
996 2104 1066 2133 me
1100 2089 1318 2133 nesciente
1360 2088 1482 2147 quod
1522 2088 1585 2132 ibi

202 2170 344 2205 essent
371 2195 382 2215 ,
426 2161 702 2204 intuerentur
743 2158 900 2204 faciem
938 2174 1079 2203 meam
1116 2193 1128 2212 ,
1174 2167 1218 2202 et
1260 2157 1465 2203 audirent
1508 2174 1588 2202 vo-

203 2246 273 2274 ces
324 2245 439 2274 meas
463 2265 474 2285 ,
515 2229 693 2290 quando
745 2229 831 2288 legi
874 2238 1081 2289 quartum
1123 2227 1343 2273 Psalmum
1367 2263 1379 2283 ,
1424 2228 1471 2271 in
1512 2227 1588 2272 illo

203 2310 309 2345 tunc
326 2301 432 2354 otio,
452 2300 560 2360 quid
577 2300 631 2343 de
654 2314 722 2342 me
739 2298 888 2343 fecerit
904 2298 977 2342 ille
1000 2298 1210 2343 Psalmus.
1243 2317 1263 2340 «
1282 2299 1394 2343 Cum
1408 2297 1587 2342 invoca-

208 2391 227 2412 »
263 2386 354 2414 rem
370 2405 380 2424 ‚
405 2369 623 2414 exaudivit
641 2385 710 2413 me
734 2372 846 2412 Deus
861 2369 1040 2428 justitiae
1064 2384 1170 2412 meae
1194 2385 1205 2412 :
1231 2369 1276 2411 in
1307 2367 1587 2412 tribulatione

209 2460 229 2483 η
265 2440 452 2485 dilatasti
469 2441 573 2484 mihi
601 2460 609 2485 :
634 2441 835 2484 miserere
856 2439 956 2495 mei,
975 2440 1174 2494 Domine,
1193 2448 1235 2483 et
1257 2439 1411 2483 exaudi
1426 2438 1587 2484 oratio-

208 2530 227 2553 »
263 2526 362 2555 nem
390 2525 531 2554 meam
551 2513 581 2554 ¹.
612 2529 631 2552 »
655 2511 870 2555 Audirent
889 2544 900 2565 ,
926 2509 1154 2568 ignorante
1175 2524 1244 2553 me
1283 2518 1429 2553 utrum
1457 2509 1585 2553 audi-

256 2603 263 2617 ¹
286 2595 459 2638 Explicatio
478 2595 589 2627 Psalmi
608 2595 712 2637 quarti
732 2608 736 2626 :
761 2594 841 2626 Cum
855 2595 1058 2627 invocarem.
