1871 3162
540 277 858 308 CONFESSIONUM
879 298 889 318 ,
925 281 1007 308 Lm.
1044 283 1103 309 lv.
1454 274 1506 312 83

132 447 484 466 mmmmm

698 450 732 466 w

944 451 1511 469 mmmmm

653 581 869 631 CAPUT
904 584 1012 633 XV.

138 735 285 797 Quod
314 737 644 798 corporalibus
676 738 966 802 imaginibus
997 729 1391 798 contenebratus,
1415 757 1511 787 non

505 809 662 868 potuit
683 825 858 870 capere
871 809 1127 871 spiritalia.

187 966 348 1008 XXIV.
386 967 470 1010 SED
502 976 636 1010 tantae
663 966 724 1009 rei
753 964 974 1010 cardinem
1010 966 1055 1008 in
1087 974 1178 1009 arte
1206 974 1281 1009 tua
1309 965 1506 1009 nondum

128 1034 356 1089 videbam,
390 1035 704 1095 Omnipotens,
745 1037 821 1096 qui.
853 1035 958 1081 facis
998 1036 1213 1080 mirabilia
1250 1035 1427 1092 solus¹3
1465 1046 1508 1080 et

128 1103 221 1148 ibat
255 1106 419 1149 animus
453 1121 573 1149 meus
605 1120 681 1164 per
715 1104 875 1150 formas
908 1115 1219 1165 corporeas3et
1242 1105 1502 1164 pulchrum,

126 1173 247 1233 quod
270 1189 346 1233 per
367 1190 410 1218 se
431 1175 572 1233 ipsum
592 1196 604 1232 3
641 1184 791 1234 aptum
825 1184 971 1219 autem
986 1210 997 1230 ,
1023 1176 1145 1235 quod
1166 1175 1222 1219 ad
1249 1175 1415 1236 aliquid
1437 1192 1508 1220 ac-

125 1245 452 1290 commodatum
473 1246 673 1301 deceret,
708 1245 972 1290 definiebam
1006 1255 1048 1290 et
1080 1245 1427 1305 distinguebam,
1464 1257 1507 1290 et

125 1315 329 1374 exemplis
360 1317 577 1375 corporeis
606 1316 868 1360 astruebam.
904 1320 960 1361 Et
1001 1318 1195 1361 converti
1220 1333 1289 1361 me
1318 1317 1373 1361 ad
1408 1318 1502 1361 ani-

125 1385 185 1429 mi
208 1395 434 1440 naturam,
455 1395 498 1430 et
529 1402 618 1430 non
641 1401 710 1430 me
742 1387 912 1431 sinebat
942 1387 1048 1431 falsa
1076 1388 1251 1447 opinio,
1282 1404 1415 1447 quam
1451 1388 1505 1432 de

125 1454 388 1514 spiritalibus
408 1456 642 1510 habebam,
666 1471 814 1499 verum
839 1472 1030 1500 cernere.
1058 1460 1114 1501 Et
1134 1458 1328 1502 irruebat
1346 1459 1391 1501 in
1406 1474 1510 1502 ocu-

124 1523 188 1569 los
205 1525 295 1584 ipsa
324 1526 385 1569 vis
418 1526 532 1580 veri,
563 1534 607 1569 et
640 1526 887 1569 avertebam
915 1526 1198 1584 palpitantem
1229 1538 1421 1570 mentem
1455 1530 1508 1571 ab

124 1594 378 1654 incorporea
399 1611 460 1651 re,
477 1594 531 1639 ad
548 1594 810 1639 lineamenta
827 1604 870 1639 et
886 1594 1066 1650 colores,
1085 1605 1128 1639 et
1146 1605 1362 1640 tumentes
1382 1613 1505 1656 mag-

124 1666 359 1711 nitudines.
399 1669 457 1710 Et
488 1667 590 1726 quia
621 1682 711 1710 non
744 1675 940 1725 poteram
984 1682 1032 1710 ea
1063 1668 1209 1712 videre
1243 1670 1285 1712 in
1326 1671 1471 1715 animo
1491 1707 1501 1726 ,

67 1751 77 1779 t
125 1738 333 1798 putabam
350 1753 419 1782 me
440 1753 529 1782 non
545 1752 668 1797 posse
689 1737 835 1781 videre
853 1738 1047 1781 animum
1061 1753 1222 1782 meum.
1241 1743 1297 1784 Et
1328 1757 1428 1786 cum
1461 1743 1504 1787 in

124 1809 284 1854 virtute
301 1824 450 1868 pacem
462 1823 667 1863 amarem,
679 1808 724 1852 in
736 1808 967 1852 vitiositate
980 1819 1126 1853 autem
1141 1811 1326 1856 odissem
1341 1815 1507 1860 discor-

125 1879 264 1937 diam,
288 1880 332 1925 in
349 1879 424 1924 illa
445 1879 734 1936 unitatem3in
755 1881 835 1923 ista
851 1880 1086 1939 quamdam
1109 1880 1364 1928 divisionem
1380 1898 1508 1932 nota-

123 1950 242 1994 bam.
270 1952 408 2009 Inque
422 1948 496 1992 illa
514 1949 680 1992 unitate
699 1964 818 1993 mens
836 1950 1055 1994 rationalis
1071 1960 1113 1996 et
1133 1961 1287 1997 natura
1316 1958 1504 2003 veritatis

123 2035 173 2064 ac
194 2020 352 2063 summi
365 2019 471 2064 boni
492 2019 599 2062 mihi
621 2034 709 2062 esse
732 2020 974 2064 videbatur.
1003 2024 1054 2065 In
1072 2022 1151 2066 ista
1168 2039 1270 2068 vero
1294 2024 1503 2073 divisione

123 2089 381 2134 irrationalis
422 2090 544 2143 vitae,
588 2090 731 2134 nescio
768 2105 901 2149 quam
931 2091 1215 2138 substantiam
1236 2104 1279 2139 et
1305 2107 1504 2143 naturam

124 2161 281 2206 Summi
301 2160 421 2215 mali,
441 2175 540 2220 quae
561 2175 650 2204 non
667 2159 807 2205 solum
829 2170 938 2205 esset
954 2162 1209 2219 substantia,
1231 2166 1305 2210 sed
1325 2171 1504 2215 omnino

124 2232 212 2277 vita
226 2241 336 2276 esset
350 2267 359 2275 .
383 2241 425 2276 et
446 2241 591 2276 tamen
614 2232 689 2276 abs
713 2241 755 2276 te
774 2249 863 2277 non
885 2243 995 2278 esset
1011 2237 1125 2279 Deus
1148 2252 1268 2281 meus
1285 2274 1295 2291 ‚
1331 2255 1383 2284 ex
1415 2258 1503 2301 quo

125 2311 228 2347 sunt
249 2302 415 2358 omnia,
450 2303 578 2347 miser
604 2304 827 2362 opinabar.
863 2307 919 2348 Ei
953 2314 1096 2350 tamen
1125 2307 1244 2352 illam
1267 2313 1501 2356 Monadem

126 2371 399 2431 appellabam
414 2407 425 2426 ‚
471 2381 680 2432 tanquam
692 2374 781 2417 sine
802 2373 893 2418 ullo
909 2390 1012 2419 sexu
1034 2386 1238 2431 mentem,
1266 2380 1377 2425 hanc
1399 2398 1501 2428 vero

124 2441 305 2488 Diadem
323 2477 334 2496 ,
350 2442 457 2486 iram
479 2442 523 2486 in
547 2440 810 2487 facinoribus
825 2478 836 2498 ‚
859 2443 1087 2489 libidinem
1109 2447 1154 2489 in
1176 2447 1348 2505 flagitiis
1364 2486 1375 2506 ,
1401 2468 1500 2497 nes-

128 2511 243 2556 ciens
264 2510 371 2572 quid
383 2511 597 2572 loquerer.
618 2514 715 2558 Non
732 2513 847 2557 enim
863 2529 1067 2560 noveram
1084 2530 1228 2577 neque
1249 2517 1500 2580 didiceram,

177 2613 186 2630 ¹
205 2607 282 2640 Psal.
301 2617 386 2649 mn,
409 2607 460 2639 18.

1254 2671 1293 2709 6.
