1871 3162
502 283 555 310 DE
585 280 908 311 cmncmzmms
941 281 1133 308 RUDIBUS.
1420 270 1496 308 517

134 362 230 392 cere
254 347 554 405 cognoverint,
579 349 667 392 sive
681 349 802 391 sintae
825 347 902 406 qui
921 344 1215 406 appellantur,
1240 347 1326 391 sive
1352 348 1507 390 scenici

133 426 176 461 et
196 416 444 474 thymelici,
480 417 566 460 sive
588 418 768 474 aurigae,
803 417 890 460 sive
922 424 1170 469 venatoreS‚
1196 430 1304 474 quos
1330 416 1506 459 miseros

133 502 221 531 non
242 487 382 531 solum
404 487 601 531 homines
632 501 733 530 cum
754 486 1027 543 hominibus,
1059 484 1134 530 sed
1155 484 1283 528 etiam
1311 485 1505 530 homines

135 571 235 600 cum
250 556 396 600 bestiis
408 556 452 599 in
467 565 685 600 certamen
701 571 981 615 pugnamque
995 555 1274 599 committunt
1292 574 1304 611 3
1322 570 1409 613 quo
1421 570 1508 598 ma-

126 626 219 685 jore
241 625 442 670 adversus
463 626 647 670 invicem
670 625 882 670 discordia
904 624 1048 669 furere
1071 623 1282 668 senserint
1301 658 1312 678 ,
1337 638 1388 667 eo
1417 637 1508 666 ma-

134 697 195 754 gis
221 705 367 740 amant
388 704 431 740 et
450 695 744 750 delectantur,
771 704 814 739 et
833 694 1019 739 incitatis
1048 692 1220 747 favent,
1246 701 1289 737 et
1317 691 1509 737 faventes

132 765 343 820 incitant,
368 766 466 824 plus
492 765 693 810 adversus
716 781 759 809 se
779 766 893 824 ipsos
915 765 1174 809 insanientes
1194 764 1274 823 ipsi
1295 772 1510 822 spectato-

133 850 200 879 res
231 834 338 878 alter
359 851 438 894 pro
467 836 626 890 altero,
664 851 793 895 quam
822 834 886 878 illi
913 850 1101 894 quorum
1137 834 1346 878 insaniam
1372 833 1510 876 insani

132 915 370 963 provocant
385 939 395 959 ‚
415 904 491 949 sed
512 905 766 949 insaniendo
783 914 975 963 spectare
993 902 1254 948 desiderant.
1281 901 1511 956 Quomodo

133 989 235 1032 ergo
254 974 479 1017 sanitatem
508 974 622 1032 pacis
654 983 800 1018 tenere
824 973 991 1017 animus
1009 983 1173 1032 potest,
1200 973 1274 1032 qui
1292 971 1511 1016 discordiis

133 1052 176 1087 et
208 1043 514 1087 certaminibus
548 1043 767 1102 pascitur?
801 1044 948 1096 Qualis
988 1043 1103 1086 enim
1139 1043 1262 1086 cibus
1297 1042 1509 1096 sumitur,

132 1112 229 1156 talis
250 1112 455 1157 valetudo
473 1114 765 1173 consequitur.
786 1117 1007 1157 Postremo
1020 1114 1216 1172 quamvis
1236 1113 1384 1156 insana
1407 1127 1513 1170 gau-

134 1182 203 1226 dia
226 1197 314 1227 non
339 1184 425 1226 sint
446 1182 602 1241 gaudia
618 1218 628 1237 ,
651 1193 796 1227 tamen
812 1183 1147 1242 qualiacumque
1169 1183 1281 1238 sint,
1306 1191 1348 1225 et
1369 1197 1511 1241 quan-

134 1252 336 1296 tumlibet
350 1252 536 1296 delectet
551 1253 756 1313 jactantia
776 1252 1040 1306 divitiarum,
1059 1262 1101 1296 et
1115 1261 1259 1296 tumor
1275 1252 1509 1306 honorum,

133 1338 291 1380 vorago
302 1324 578 1382 popinarum,
599 1333 641 1367 et
658 1323 770 1367 bella
786 1323 1069 1378 theatrorum,
1082 1321 1407 1367 etimmunditia
1420 1323 1512 1366 for-

133 1394 401 1437 nicationum
418 1429 428 1448 ,
449 1403 492 1438 et
513 1395 689 1453 prurigo
705 1395 989 1448 thermarum,
1007 1393 1149 1438 aufert
1162 1394 1305 1437 omnia
1326 1394 1403 1437 ista
1425 1407 1512 1436 una

132 1462 359 1516 febricula,
385 1472 428 1505 et
445 1463 589 1507 adhuc
606 1463 851 1507 viventibus
872 1472 1006 1507 totam
1025 1462 1174 1507 falsam
1197 1461 1512 1506 beatitudinem

132 1531 375 1576 subtrahit:
394 1541 586 1575 remanet
598 1532 735 1575 inanis
753 1542 794 1576 et
812 1533 952 1576 saucia
966 1533 1242 1586 conscientia,
1265 1535 1400 1575 Deum
1416 1546 1511 1575 sen-

132 1617 232 1646 sura
247 1600 456 1661 judicem,
475 1616 605 1660 quem
624 1601 766 1645 noluit
782 1602 942 1644 habere
957 1602 1180 1645 custodem
1198 1622 1209 1657 3
1227 1610 1270 1644 et
1286 1601 1514 1645 inventura

133 1686 334 1730 asperum
371 1671 603 1714 Dominum
625 1705 635 1723 ,
671 1685 802 1729 quem
833 1670 1004 1714 dulcem
1045 1679 1211 1728 patrem
1247 1685 1441 1729 quaerere
1472 1679 1514 1713 et

133 1756 275 1785 amare
298 1741 572 1800 contempsit.
606 1743 670 1783 Tu
704 1749 848 1784 autem
881 1740 984 1798 quia
1006 1754 1148 1783 veram
1188 1739 1379 1798 requiem
1415 1755 1513 1799 quae

133 1820 231 1870 post
248 1812 361 1854 hanc
383 1810 515 1854 vitam
539 1809 792 1854 Christianis
816 1809 1082 1868 promittitur
1096 1808 1252 1867 quaeris
1270 1842 1281 1862 ,
1297 1807 1424 1851 etiam
1443 1809 1513 1852 hic

134 1895 226 1923 eam
244 1881 356 1923 inter
370 1879 650 1923 amarissimas
664 1878 763 1921 vitae
780 1879 909 1936 hujus
926 1877 1144 1921 molestias
1161 1892 1334 1921 suavem
1352 1877 1514 1936 jucun-

135 1950 324 2007 damque
347 1948 535 2006 gustabis
551 1983 561 2000 ,
590 1948 624 1991 si
651 1949 740 2006 ejus
763 1948 839 2006 qui
872 1962 966 1990 eam
989 1947 1185 2005 promisit
1207 1955 1420 2005 praecepta
1443 1945 1514 1989 di-

134 2016 298 2060 lexeris.
322 2017 420 2062 Cito
446 2017 560 2059 enim
597 2016 752 2060 senties
782 2015 994 2059 dulciores
1023 2031 1112 2059 esse
1141 2015 1319 2075 justitiae
1346 2014 1514 2059 fructus

135 2102 267 2145 quam
288 2087 525 2146 iniquitatis
546 2121 556 2140 ,
583 2096 625 2129 et
646 2086 786 2128 verius
809 2094 939 2144 atque
953 2085 1188 2144 jucundius
1218 2083 1405 2142 gaudere
1432 2085 1515 2129 ho-

134 2156 295 2198 minem
313 2155 368 2198 de
390 2156 503 2199 bona
517 2155 777 2199 conscientia
792 2155 902 2197 inter
916 2154 1156 2211 molestias,
1177 2169 1306 2212 quam
1329 2153 1383 2196 de
1400 2153 1513 2197 mala

135 2226 248 2268 inter
269 2224 441 2269 delicias
463 2244 471 2269 z
493 2226 593 2284 quia
608 2240 698 2268 non
719 2225 778 2268 sic
797 2225 950 2268 venisti
972 2225 1175 2283 conjungi
1193 2222 1395 2267 Ecclesiae
1417 2224 1510 2278 Dei,

136 2303 185 2338 ut
206 2310 256 2338 ex
273 2309 321 2338 ea
342 2293 622 2354 temporalem
647 2294 836 2353 aliquam
859 2294 1090 2338 utilitatem
1114 2293 1318 2352 requiras.
