1871 3162
299 226 385 268 486
557 223 562 228 '
739 243 773 269 s.
809 239 1040 272 mensum
1072 239 1254 272 Emscom

296 413 706 432 mmmmm
711 412 1392 436 mmmmmwmmvxwmmn
1400 414 1680 435 mmmmm

806 543 1025 598 CAPUT
1062 550 1155 597 III.

295 700 538 748 Narratio
567 699 717 760 plena
750 719 855 762 quoe
891 705 998 758 fieri
1038 702 1217 750 debeat
1236 704 1600 752 catechizando.
1625 734 1681 742 -—

355 771 443 817 Ad
460 771 717 818 charitatis
723 775 881 835 finem
903 774 1157 837 dirigenda
1178 779 1414 823 narratio.
1439 805 1495 810 —
1518 778 1683 838 Scrip-

357 852 473 887 caroe
502 851 688 888 veteres
705 854 906 903 propter
927 845 1363 893 commendandam
1391 846 1573 893 Christi
1589 847 1681 894 ad—

358 923 544 958 ventum
558 950 574 971 ,
597 914 861 975 cujasfinis
883 914 1116 961 charitas.

356 1074 409 1115 V.
430 1074 653 1117 NARRATIO
672 1071 800 1131 plena
821 1081 885 1116 est
905 1107 916 1127 ‚
940 1088 1042 1117 cum
1069 1074 1253 1134 quisque
1276 1075 1419 1133 primo
1435 1075 1681 1120 catechiza-

295 1152 368 1187 tur
389 1144 444 1187 ab
466 1158 517 1188 eo
538 1143 661 1203 quod
699 1145 907 1202 scriptum
929 1153 993 1188 est
1022 1163 1031 1189 ε
1066 1163 1087 1186 «
1112 1147 1164 1189 In
1184 1145 1401 1204 principio
1424 1145 1530 1190 fecit
1568 1149 1683 1191 Deus
1750 1181 1754 1183 -

299 1230 320 1254 »
355 1213 518 1257 coelum
541 1222 586 1258 et
606 1222 764 1258 terram
780 1216 817 1269 ¹,
848 1232 867 1254 >s
894 1229 1032 1274 usque
1054 1214 1109 1258 ad
1133 1215 1361 1274 praesentia
1382 1224 1579 1275 tempora
1601 1219 1684 1261 Ec-

296 1283 453 1328 clesiae.
479 1286 577 1330 Non
600 1293 746 1328 tamen
775 1294 1002 1343 propterea
1032 1285 1244 1330 debemus
1273 1278 1416 1331 totum
1454 1290 1685 1331 Pentateu-

297 1356 429 1399 chum
443 1389 453 1409 ,
486 1364 689 1414 totosque
720 1355 927 1400 Judicum
950 1365 994 1400 et
1015 1359 1270 1415 Regnorum
1296 1366 1339 1401 et
1361 1356 1510 1401 Esdrae
1525 1357 1681 1414 libros,

297 1436 528 1487 totumque
555 1425 841 1484 Evangelium
860 1436 904 1471 et
925 1431 1060 1471 Actus
1083 1426 1396 1486 Apostolorum
1415 1462 1426 1483 ‚
1450 1427 1549 1483 vel,
1574 1429 1608 1472 si
1630 1430 1686 1474 ad

296 1498 481 1542 verbum
499 1497 777 1552 edidicimus,
806 1499 1055 1542 memoriter
1077 1498 1258 1542 reddere
1274 1533 1286 1553 ‚
1312 1498 1383 1543 vel
1409 1500 1566 1543 nostris
1587 1515 1684 1544 ver-

298 1569 362 1612 bis
380 1569 525 1612 omnia
538 1584 636 1628 quae
651 1569 715 1612 his
733 1568 1014 1613 continentur
1025 1568 1322 1613 voluminibus
1337 1569 1555 1614 narrando
1572 1570 1685 1615 evol-

295 1653 395 1681 vere
413 1647 454 1681 et
473 1637 687 1697 explicare
703 1659 714 1695 3
734 1638 854 1698 quod
872 1653 950 1682 nec
973 1648 1144 1697 tempus
1161 1640 1277 1697 capit
1289 1674 1300 1694 ‚
1325 1654 1406 1683 nec
1430 1639 1520 1684 ulla
1535 1655 1684 1685 neces·-

297 1708 398 1752 sitas
414 1707 605 1766 postulat
630 1727 638 1752 :
663 1709 739 1751 sed
762 1717 920 1751 cuncta
949 1709 1196 1752 summatim
1222 1709 1551 1769 generatimque
1566 1726 1686 1755 com·

297 1778 455 1836 plecti,
480 1779 538 1822 ita
560 1787 610 1822 ut
633 1777 850 1836 eligantur
873 1777 1076 1838 quaedam
1104 1778 1372 1824 mirabiliora
1392 1796 1492 1840 quae
1514 1782 1686 1826 suavius

299 1847 563 1903 audiuntur‚
589 1857 720 1908 atque
739 1849 784 1892 in
806 1849 905 1907 ipsis
929 1849 1120 1893 articulis
1149 1850 1388 1894 constituta
1408 1860 1536 1906 sunt,
1562 1860 1613 1895 ut
1633 1867 1685 1896 ea

297 1929 505 1978 tanquam
527 1920 573 1962 in
603 1919 836 1964 involucris
867 1919 1094 1963 ostendere
1108 1954 1119 1974 ‚
1140 1920 1376 1980 statimque
1398 1936 1422 1964 a
1445 1931 1684 1980 conspectu

300 1991 498 2049 abripere
520 2006 610 2034 non
632 1998 846 2049 opor-teat,
872 1989 947 2034 sed
967 1990 1241 2050 aliquantum
1264 1991 1538 2036 immorando
1559 1992 1684 2051 quasi

299 2059 513 2104 resolvere
542 2069 672 2119 atque
700 2059 942 2118 expandere
957 2094 967 2114 ‚
987 2068 1030 2103 et
1049 2059 1319 2119 inspicienda
1341 2069 1472 2120 atque
1489 2060 1685 2105 miranda

300 2131 457 2176 offerre
480 2130 632 2174 animis
654 2129 904 2174 auditorum
928 2149 936 2174 :
962 2139 1116 2174 caetera
1136 2145 1239 2174 vero
1257 2130 1385 2173 celeri
1406 2131 1685 2189 percursione

298 2202 529 2245 inserendo
547 2210 790 2245 contexere.
818 2204 884 2245 Ita
903 2210 947 2244 et
968 2200 1041 2244 illa
1062 2217 1160 2261 quae
1185 2201 1366 2244 maxime
1386 2203 1684 2246 commendari

299 2271 519 2325 volumus,
540 2270 724 2315 aliorum
746 2271 1032 2314 submissione
1053 2271 1188 2329 magis
1212 2272 1435 2329 eminent3
1460 2287 1540 2316 nec
1562 2271 1617 2316 ad
1634 2287 1684 2316 ea

303 2341 505 2399 fatigatus
527 2341 750 2400 pervenit,
771 2356 902 2400 quem
919 2342 1136 2386 narrando
1155 2341 1354 2386 volumus
1372 2343 1555 2386 excitare
1571 2363 1583 2400 3
1601 2357 1682 2386 nec

300 2410 415 2453 illius
457 2411 666 2455 memoria
705 2409 994 2455 confunditur
1011 2446 1022 2466 ,
1063 2426 1194 2471 quem
1233 2410 1432 2455 docendo
1473 2410 1681 2456 debemus

302 2488 530 2524 instruere.

352 2584 362 2599 ¹
383 2579 464 2610 Gen.
486 2588 511 2618 1,
530 2587 561 2609 1.
