1871 3162
301 223 384 263 472
703 236 738 265 s.
774 238 1002 268 AUGUSTINJ
1037 239 1215 269 EPlscopl

301 412 369 427 muz
373 411 439 427 m&
444 412 580 429 ΊΊἜὮΜΛΊ
587 414 651 429 ἱῆἱὶ
655 413 721 429 1342
727 414 793 429 NVK!
798 414 935 430 &WVVR'KOE'S
941 415 1007 431 11¹2!
1012 415 1148 431 ΧῬΙΊΜΑΛ
1153 416 1218 431 xvv]
1223 416 1289 432 ἱὶιἋ
1296 415 1360 432 ἱὶιἋ
1365 415 1431 431 mn*
1436 414 1502 431 ἱὶΑΊ
1506 415 1572 431 §MR
1577 415 1643 431 mxx
1651 416 1683 431 W

772 546 989 594 CAPUT
1030 549 1181 595 xvii.

326 700 462 748 Num
483 699 673 760 aliquid
695 718 758 747 ex
788 702 1268 765 omnipczrtefalsum
1286 705 1347 748 sit
1368 712 1454 748 (zat
1474 719 1650 748 verum.

358 860 521 903 XXXI.
550 863 603 904 A.
632 862 935 904 Pnomciscnnn
951 860 1006 904 ad
1021 860 1187 920 reliqua
1214 879 1223 905 ι
1249 860 1444 904 namhoc
1457 859 1563 903 mihi
1576 860 1686 903 bene

297 943 549 988 persuasum
567 938 644 974 est.
667 932 720 973 R.
741 932 857 988 Ergo
878 929 987 974 illud
1010 946 1161 990 quaero
1176 965 1186 985 ‚
1213 940 1360 974 utrum
1384 938 1541 989 praeter
1563 928 1688 973 disci·

295 998 435 1058 plinas
456 999 618 1060 quibus
641 1000 889 1056 erudimur,
919 1010 960 1045 et
992 1001 1151 1060 quibus
1174 1001 1302 1044 etiam
1325 1000 1466 1059 ipsum
1493 999 1684 1044 studium

295 1070 516 1128 sapientiae
529 1071 805 1114 annumerari
819 1072 960 1125 decet,
978 1072 1188 1130 possimus
1200 1070 1443 1130 quidquam
1458 1071 1516 1113 ita
1535 1084 1685 1113 verum

295 1140 504 1196 invenire,
522 1140 642 1201 quod
660 1156 749 1185 non
761 1142 872 1202 sicut
886 1141 1118 1185 theatricus
1132 1140 1319 1185 Achilles
1339 1155 1389 1183 ex
1404 1139 1549 1200 aliqua
1565 1147 1687 1198 parte

296 1209 452 1255 falsum
475 1213 545 1266 sit,
567 1221 616 1256 ut
638 1228 688 1256 ex
710 1211 790 1256 alia
813 1227 965 1256 verum
987 1227 1076 1255 esse
1100 1213 1260 1271 possit?
1282 1215 1334 1255 A.
1358 1211 1465 1255 Mihi
1484 1209 1688 1253 videntur

296 1282 432 1326 multa
457 1283 659 1327 inveniri.
683 1285 780 1328 Non
807 1283 922 1326 enim
953 1282 1192 1342 disciplinae
1220 1282 1351 1325 istum
1380 1282 1544 1325 habent
1576 1280 1687 1339 lapi·

293 1352 390 1396 dem
409 1389 419 1407 ,
447 1369 526 1397 nec
551 1362 696 1397 tamen
714 1389 724 1408 ‚
749 1363 797 1398 ut
829 1369 955 1397 verus
976 1355 1029 1397 sit
1060 1353 1191 1413 lapis,
1215 1353 1410 1396 imitatur
1436 1350 1601 1410 aliquid
1618 1366 1686 1394 se-

292 1424 489 1468 cundum
517 1424 639 1485 quod
660 1424 793 1469 falsus
806 1424 990 1469 dicatur.
1013 1429 1107 1478 Quo
1122 1440 1210 1468 uno
1227 1431 1567 1468 commemorato
1585 1456 1595 1475 ‚
1622 1422 1686 1464 vi-

292 1494 366 1538 des
377 1496 469 1554 jam
485 1495 879 1539 innumerabilibus
893 1494 1263 1553 supersedendum
1288 1508 1392 1547 esse,
1418 1507 1517 1551 quae
1535 1500 1688 1550 sponte

291 1575 523 1610 occurrant
560 1566 863 1623 cogitantibus.
906 1568 958 1608 R.
1002 1565 1139 1609 Video
1172 1579 1361 1623 prorsus.
1405 1563 1489 1608 Sed
1538 1577 1686 1607 nonne

293 1637 371 1680 tibi
388 1636 592 1680 videntur
608 1652 697 1680 uno
715 1636 906 1694 corporis
923 1635 1100 1679 nomine
1117 1633 1312 1678 includi?
1326 1637 1379 1677 A.
1398 1633 1683 1686 Viderentur,

292 1707 325 1749 si
350 1716 426 1749 aut
447 1707 576 1749 inane
599 1706 708 1749 nihil
730 1721 818 1749 esse
848 1714 1016 1749 certum
1046 1705 1278 1760 haberem,
1316 1713 1390 1748 aut
1422 1705 1563 1763 ipsum
1594 1705 1688 1747 ani-

292 1792 413 1820 mum
445 1778 557 1820 inter
586 1792 767 1835 corpora
793 1775 1114 1819 numerandum
1158 1776 1406 1828 arbitrarer,
1452 1784 1528 1819 aut
1556 1776 1686 1818 etiam

296 1851 430 1891 Deum
450 1863 607 1907 corpus
625 1846 803 1907 aliquod
825 1862 913 1890 esse
935 1847 1171 1891 crederem.
1200 1851 1304 1900 Quae
1323 1846 1467 1890 onmia
1490 1846 1524 1889 si
1551 1855 1653 1889 sunt
1673 1881 1682 1892 .

290 1920 346 1962 ad
382 1917 543 1961 nullius
574 1918 861 1962 imitationem
899 1916 1001 1961 falsa
1038 1926 1081 1960 ct
1117 1932 1216 1960 vera
1254 1932 1341 1960 esse
1375 1916 1515 1960 video.
1556 1920 1607 1959 A.
1636 1918 1684 1959 In

294 1989 471 2046 longum
495 2004 574 2032 nos
592 1989 741 2042 mittis,
767 1987 842 2032 sed
865 1997 964 2032 utar
980 1996 1194 2047 quantum
1214 2003 1389 2046 possum
1407 1986 1683 2045 compendio.

291 2062 419 2104 Certe
441 2061 556 2103 enim
577 2059 695 2103 aliud
716 2059 916 2119 estquod
938 2060 1066 2102 inane
1087 2058 1278 2118 appellas
1292 2094 1301 2111 ,
1329 2057 1446 2101 aliud
1470 2059 1591 2117 quod
1612 2071 1686 2099 ve·

292 2130 479 2174 ritatem.
502 2134 552 2174 A.
576 2134 723 2188 Longe
747 2128 882 2173 aliud.
908 2129 1025 2182 Quid
1041 2129 1155 2172 enim
1175 2144 1242 2171 me
1259 2128 1452 2181 inanius,
1471 2128 1504 2170 si
1526 2127 1685 2170 verita—

294 2210 378 2244 tem
389 2201 517 2244 inane
531 2199 696 2260 aliquid
710 2209 832 2258 puto,
855 2209 930 2243 aut
949 2208 1175 2258 tantopere
1188 2198 1490 2259 aliquidinane
1503 2199 1685 2257 appeto?

292 2271 408 2323 Quid
442 2272 556 2314 enim
588 2271 706 2314 aliud
740 2286 872 2330 quam
900 2269 1126 2314 veritatem
1157 2270 1353 2312 invenire
1383 2268 1605 2312 desidero?
1628 2272 1679 2312 P..

292 2343 407 2399 Ergo
432 2351 475 2384 et
502 2341 612 2386 illud
643 2341 819 2386 fortasse
847 2341 1071 2395 concedis,
1105 2339 1215 2383 nihil
1245 2354 1397 2383 verum
1419 2355 1508 2383 esse
1527 2374 1538 2393 ‚
1563 2338 1683 2398 quod

293 2426 381 2453 non
398 2413 577 2456 veritate
598 2413 673 2456 fiat
690 2421 740 2456 ut
759 2426 911 2455 verum
937 2411 1005 2455 sit.
1038 2414 1088 2454 A.
1116 2412 1211 2454 Jam
1246 2410 1328 2453 hoc
1351 2409 1454 2453 olim
1485 2408 1683 2453 manifes-

294 2491 387 2524 tum
411 2492 486 2525 est.
514 2486 566 2527 R.
590 2485 703 2528 Num
727 2482 899 2526 dubitas
930 2480 1040 2525 nihil
1072 2496 1160 2524 esse
1194 2480 1324 2523 inane
1357 2489 1512 2539 praeter
1538 2480 1680 2538 ipsum

296 2551 423 2595 inane
442 2587 451 2595 .
480 2563 553 2596 aut
576 2562 691 2596 celte
713 2554 897 2611 corpus?
922 2556 969 2596 A.
1001 2555 1176 2594 Prorsus
1199 2565 1287 2594 non
1311 2549 1481 2595 dubito⁶
1503 2553 1555 2593 R.
1582 2550 1680 2609 Opi-
