1871 3162
249 194 332 234 298
669 202 704 234 s.
740 203 971 235 Auevs'rm1
1002 205 1184 235 nmscom

248 380 528 398 mmmm

811 381 950 398 m

1233 380 1623 399 mmmmm

710 515 928 564 CAPUT
969 516 1089 563 XII.

372 668 507 733 Quid
525 668 849 732 Deasfecerit
870 680 985 715 ante
1011 668 1179 715 mundi
1197 672 1506 716 creationem.

304 830 425 872 XIV.
451 831 559 872 Ecca
577 830 816 887 respondeo
833 830 992 873 dicenti
1009 828 1148 882 :Quid
1166 829 1350 874 faciebat
1373 833 1486 874 Deus
1506 840 1628 874 ante-

246 914 378 959 quam
399 898 559 943 faceret
578 899 741 944 coelum
754 909 795 944 et
810 902 999 944 terram?
1019 900 1260 959 respondeo
1274 916 1364 945 non
1380 900 1492 944 illud
1509 900 1627 960 quod

246 969 424 1029 quidam
440 968 709 1028 respondisse
728 970 981 1028 perhibetur
998 967 1270 1030 jocularia-31³⁹
1289 970 1470 1015 eludens
1485 986 1628 1030 quaes-

246 1040 375 1085 tionis
406 1040 659 1084 violentiam
688 1059 697 1084 :
730 1041 858 1095 Alta,
889 1041 1053 1100 inquit,
1084 1042 1376 1085 scrutantibus
1412 1042 1630 1100 gehennas

246 1112 441 1170 parabat.
467 1110 601 1155 Aliud
615 1120 678 1154 est
699 1110 847 1154 videre
861 1145 872 1166 ‚
893 1111 1011 1154 aliud
1032 1111 1173 1155 ridere
1198 1131 1208 1156 :
1228 1112 1321 1156 haec
1338 1127 1427 1155 non
1450 1127 1630 1170 respon—

247 1180 344 1226 deo.
376 1181 600 1225 Libentius
621 1182 736 1225 enim
759 1180 1055 1240 responderim
1071 1217 1082 1236 ‚
1107 1183 1282 1235 Nescio,
1316 1181 1436 1241 quod
1453 1182 1627 1238 nescio3

246 1268 376 1313 quam
389 1252 500 1297 illud
513 1252 631 1296 unde
647 1252 851 1296 irridetur
863 1254 938 1312 qui
952 1252 1036 1296 alta
1054 1253 1351 1312 interrogavit,
1367 1262 1411 1297 et
1425 1252 1631 1298 laudatur

245 1325 321 1384 qui
340 1323 443 1368 falsa
464 1323 700 1383 respondit.
725 1323 807 1368 Sed
829 1324 926 1367 dico
948 1333 1012 1378 te,
1028 1327 1142 1367 Deus
1158 1333 1318 1378 noster,
1344 1324 1484 1368 omnis
1504 1338 1626 1367 crea—

246 1405 358 1439 turae
372 1403 626 1438 creatorem.
645 1397 702 1438 Et
713 1394 747 1437 si
761 1394 860 1439 coeli
879 1403 922 1437 et
936 1403 1060 1438 terrae
1078 1395 1255 1438 nomine
1269 1394 1409 1438 omnis
1432 1402 1629 1438 creatura

198 1471 201 1475 “
246 1464 520 1524 intelligitur,
540 1465 750 1509 audenter
765 1464 862 1509 dico
876 1484 884 1509 :
899 1468 1147 1524 Antequam
1165 1463 1327 1508 faceret
1341 1467 1455 1508 Deus
1467 1463 1629 1508 coelum

247 1544 289 1580 et
311 1545 492 1591 terram,
519 1551 609 1579 non
638 1534 826 1579 faciebat
848 1533 1038 1594 aliquid3
1069 1535 1101 1578 si
1133 1535 1249 1578 enim
1278 1534 1489 1589 iaciebat,
1523 1534 1630 1594 quid

246 1607 328 1650 nisi
355 1615 596 1650 creaturam
624 1606 844 1650 faciebat?
869 1607 926 1649 Et
953 1605 1120 1648 utinam
1148 1605 1208 1649 sie
1231 1605 1361 1648 sciam
1374 1639 1389 1660 ,
1413 1604 1631 1665 quidquid

246 1676 411 1720 utiliter
423 1677 531 1721 scire
552 1676 697 1736 cupio,
723 1674 1096 1736 quemadmodum
1115 1675 1203 1719 scio
1219 1674 1338 1735 quod
1356 1673 1475 1719 nulla
1497 1674 1630 1719 fiebat

247 1756 460 1803 creatura,
485 1755 718 1807 antequam
735 1747 858 1791 fieret
872 1744 961 1790 ulla
983 1755 1195 1791 creatura.
