1871 3162
227 226 311 266 506
663 236 695 264 s.
731 237 962 267 anousnm
994 239 1175 267 EPIScom

221 302 424 362 pulchra,
451 303 521 348 vel
543 303 722 348 urbium
752 304 821 349 vel
857 319 1084 363 agrorum,
1124 319 1223 365 quae
1247 306 1338 365 jam
1378 319 1456 350 nos
1491 319 1605 366 saepe

221 372 416 418 videndo
455 375 547 418 sine
579 374 724 435 aliqua
757 374 982 434 voluptate
1014 375 1609 435 praeteribamusfostendi-

222 459 319 488 mus
335 445 395 488 eis
416 445 493 505 qui
514 454 645 509 antea*
661 460 888 505 nunquam
905 446 1122 503 viderant,
1140 457 1191 492 ut
1212 457 1358 493 nostra
1375 445 1610 492 delectatio

220 514 266 558 in
286 530 438 559 eorum
459 516 660 561 novitatis
682 515 977 560 delectatione
998 520 1267 562 renovetur?
1283 521 1341 563 Et
1369 527 1491 563 tanto
1514 533 1609 562 ma·-

221 585 296 643 gis,
320 595 487 646 quanto
500 595 602 631 sunt
619 587 843 632 amiciores
870 607 880 632 :
905 588 1008 648 quia
1030 603 1109 648 per
1132 589 1287 633 amoris
1320 589 1545 634 vinculum
1565 590 1611 633 in

222 665 439 715 quantum
466 656 511 699 in
535 655 619 700 illis
651 672 817 712 sumus,
854 658 900 701 in
932 667 1105 703 tantum
1133 668 1176 703 et
1204 659 1331 704 nobis
1356 675 1469 705 nova
1498 660 1612 703 fiunt

223 741 323 785 quae
350 734 494 770 vetera
524 726 719 771 fuerunt.
763 727 848 772 Sed
880 729 913 772 si
934 729 981 772 in
1012 730 1142 774 rebus
1157 729 1506 790 contemplandis
1530 729 1612 774 ali-

223 804 440 855 quantum
460 795 740 854 profecimus,
755 812 845 841 non
861 797 1063 848 volumus
1084 814 1155 844 eos
1175 815 1284 860 quos
1302 799 1521 858 diligimus
1538 799 1613 843 lae-

223 867 304 910 tari
320 875 364 911 et
391 877 581 927 stupere,
602 882 703 912 cum
718 868 950 912 intuentur
971 883 1103 929 opera
1119 884 1333 914 manuum
1351 870 1611 927 hominum3

222 937 298 981 sed
315 938 516 982 volumus
548 954 620 983 eos
645 939 691 983 in
710 941 848 998 ipsam
879 948 1016 984 artem
1048 940 1334 984 consiliumve
1357 941 1614 985 institutoris

223 1008 438 1064 attollere,
472 1018 604 1069 atque
630 1009 734 1054 inde
767 1024 973 1068 exurgere
1000 1010 1045 1054 in
1063 1009 1394 1054 admirationem
1412 1009 1616 1054 laudem·-

223 1094 310 1139 que
328 1081 632 1125 omnicreantis
651 1080 742 1135 Dei,
757 1081 835 1124 ubi
853 1075 1010 1125 amoris
1026 1079 1399 1126 fructuosissimus
1417 1081 1515 1125 finis
1533 1088 1612 1139 est,

223 1160 391 1210 quanto
425 1167 528 1210 ergo
562 1152 696 1210 magis
737 1151 942 1196 delectari
978 1167 1055 1196 nos
1093 1161 1267 1211 oportet
1283 1188 1294 1207 ,
1329 1167 1432 1196 cum
1473 1152 1615 1210 ipsum

223 1222 363 1264 Deum
379 1222 469 1280 jam
490 1221 654 1266 discere
678 1222 874 1266 homines
897 1221 1113 1266 accedunt
1131 1257 1142 1277 ,
1168 1232 1349 1282 propter
1374 1237 1506 1281 quem
1528 1222 1618 1265 dis-

224 1291 361 1335 cenda
384 1300 486 1335 sunt
508 1307 800 1352 quaecumque
822 1290 1034 1337 discenda
1053 1302 1179 1350 sunt3
1204 1302 1247 1336 et
1276 1293 1323 1336 in
1347 1308 1497 1336 eorum
1534 1308 1617 1336 no-

223 1361 357 1406 vitate
369 1362 584 1418 innovari,
606 1372 655 1407 ut
677 1363 711 1406 si
729 1361 928 1422 frigidior
951 1372 1015 1407 est
1036 1362 1162 1408 solita
1180 1372 1326 1408 uostra
1347 1362 1614 1422 praedicatio,

224 1431 398 1477 insolita
421 1448 573 1477 eorum
597 1433 819 1477 auditione
849 1433 1073 1478 fervescat.
1109 1436 1206 1477 Huc
1227 1433 1395 1477 accedit
1410 1432 1472 1476 'ad
1494 1448 1616 1476 com-

225 1502 466 1562 parandam
488 1503 708 1558 laetitiam,
737 1503 859 1563 quod
891 1504 1155 1562 cogitamUS,
1189 1513 1232 1547 et
1261 1503 1584 1547 consideramus
1604 1538 1614 1558 ,

224 1573 278 1617 de
299 1589 386 1634 qua
407 1575 560 1618 erroris
584 1584 723 1617 morte
746 1574 793 1616 in
818 1573 955 1618 vitam
988 1573 1094 1617 fidei
1118 1582 1307 1617 trauseat
1328 1574 1477 1617 homo.
1503 1576 1561 1617 Et
1583 1574 1618 1617 si

224 1642 342 1688 vicos
383 1643 681 1687 usitatissimos
721 1658 822 1687 cum
865 1643 1059 1686 benefica
1095 1643 1313 1687 hilaritate
1354 1643 1585 1687 transimus
1604 1679 1614 1698 ,

227 1715 406 1773 quando
428 1713 557 1763 alicui
575 1713 689 1759 forte
707 1713 801 1773 quis
817 1712 1005 1757 errando
1025 1712 1301 1758 laboraverat
1315 1749 1326 1769 ,
1347 1713 1620 1759 demonstra-

227 1799 323 1828 mus
344 1784 459 1829 viam
488 1803 496 1827 ε
522 1793 687 1843 quanto
703 1784 886 1828 alacrius
904 1793 1065 1828 etcum
1090 1784 1251 1843 gaudio
1274 1786 1493 1845 majorein
1508 1785 1616 1830 doc-

226 1855 338 1899 trina
370 1853 576 1909 salutari,
608 1854 737 1898 etiam
761 1853 833 1898 illa
865 1870 963 1915 quae
987 1865 1165 1914 propter
1194 1872 1272 1900 nos
1297 1865 1490 1900 retexere
1526 1872 1616 1900 non

228 1941 336 1985 opus
357 1934 445 1980 est,
480 1924 784 1984 perambulare
806 1924 1016 1969 debemus
1038 1946 1049 1983 3
1071 1942 1170 1970 cum
1195 1927 1383 1985 animam
1404 1927 1617 1971 miseran-

229 1996 328 2040 dam
349 2005 393 2040 et
411 1995 630 2040 erroribus
652 1995 798 2040 saeculi
820 1994 1044 2055 fatigatam
1067 2011 1145 2055 per
1169 1997 1326 2041 itinera
1348 1997 1465 2057 pacis
1481 2032 1493 2052 ,
1518 1998 1613 2057 ipso

228 2067 304 2127 qui
318 2066 445 2111 nobis
467 2081 561 2111 eam
578 2065 777 2127 praestitit
789 2066 990 2126 jubente,
1017 2065 1303 2111 deducimus?
