1871 3162
296 231 377 268 528
718 238 752 268 s.
788 237 1018 271 Aucusrmr
1050 243 1231 272 Emscom

292 320 317 350 a
340 304 541 359 Domino,
577 304 711 363 magis
742 306 903 350 carnali
932 308 1086 352 timore
1107 322 1239 367 quam
1260 307 1440 367 spiritali
1462 308 1673 353 charitate

290 375 577 420 tenebantur:
603 374 744 434 legem
765 386 910 420 autem
933 393 1023 421 non
1043 378 1196 438 implet
1227 379 1309 422 nisi
1339 379 1537 422 charitas.
1572 379 1672 424 ldeo

288 445 437 490 multis
467 447 739 490 sacramentis
772 446 1013 491 visibilibus
1046 449 1212 492 onerati
1244 459 1371 503 sunt,
1406 464 1494 506 quo
1531 449 1673 493 servili

285 517 394 576 jugo
415 526 731 576 premerentur,
755 516 800 560 in
819 517 1192 563 observationibus
1208 519 1405 563 ciborum
1421 520 1524 562 etin
1541 520 1673 563 sacri·

286 587 394 632 ficiis
417 588 685 644 animalium,
711 597 754 632 et
774 588 820 632 in
841 588 935 632 aliis
956 588 1349 633 innumerabilibus
1369 609 1377 634 2
1411 606 1509 649 quae
1528 600 1673 633 tamen

286 658 408 717 signa
427 667 549 702 erant
566 674 712 702 rerum
728 658 986 718 spiritalium
1004 658 1057 703 ad
1082 660 1316 704 Dominum
1343 663 1367 703 J
1372 675 1490 704 esum
1523 660 1672 705 Chris-

286 737 382 773 tum
410 737 453 772 et
480 728 535 773 ad
557 729 794 773 Ecclesiam
829 730 1170 788 pertinentium,
1194 746 1292 791 quae
1330 740 1434 775 tunc
1467 746 1489 775 a
1525 732 1673 790 paucis

285 799 443 844 sanctis
471 808 514 844 et
543 798 902 857 intelligebantur
923 800 978 843 ad
999 800 1193 845 fructum
1214 801 1380 857 salutis,
1406 811 1449 846 et
1470 802 1674 846 observa-

284 871 447 914 bantur
481 871 536 915 ad
569 871 896 929 congruentiam
928 872 1159 930 temporis,
1195 888 1219 916 a
1247 872 1530 916 multitudine
1572 888 1673 916 vero

286 941 526 986 carnalium
564 940 873 987 tantummodo
912 941 1280 998 observabantur,
1324 958 1413 987 non
1454 942 1674 1002 intellige-

284 1013 462 1058 bantur.

342 1086 549 1129 XXXVI.
585 1088 667 1128 Per
687 1085 825 1128 multa
846 1085 994 1144 itaque
1015 1093 1058 1129 et
1074 1085 1191 1129 varia
1208 1086 1327 1144 signa
1345 1100 1490 1129 rerum
1508 1085 1674 1130 futura-

283 1170 397 1211 rum,
423 1171 531 1216 quas
545 1154 729 1216 longum
751 1164 815 1200 est
837 1171 986 1200 omnes
1012 1171 1367 1211 commemorare,
1398 1165 1441 1200 et
1467 1171 1537 1200 eas
1554 1173 1673 1202 nunc

280 1228 327 1272 in
345 1228 535 1273 Ecclesia
551 1227 750 1272 videmus
773 1227 957 1287 impleri,
980 1227 1216 1287 perductus
1238 1237 1301 1271 est
1318 1227 1389 1271 ille
1411 1227 1600 1287 populus
1618 1228 1674 1273 ad

282 1307 442 1343 terram
477 1300 787 1359 promissionis,
812 1299 889 1342 ubi
912 1297 1208 1357 temporaliter
1231 1298 1548 1358 carnaliterque
1572 1314 1672 1358 reg-

281 1379 405 1414 naret
427 1385 506 1429 pro
527 1370 659 1415 modo
679 1369 880 1414 desiderii
903 1369 970 1413 sui
992 1388 1000 1414 :
1027 1368 1148 1429 quod
1170 1378 1312 1413 tamen
1335 1384 1520 1429 regnum
1540 1378 1671 1413 terre-

279 1456 387 1485 num
404 1441 527 1500 regni
543 1440 742 1500 spiritalis
757 1441 990 1499 imaginem
1007 1441 1149 1499 gessit.
1164 1441 1228 1487 Ibi
1242 1440 1479 1484 Jerusalem
1494 1440 1668 1484 condita

278 1520 342 1556 est
363 1511 645 1557 famosissima
662 1511 811 1556 civitas
829 1511 921 1565 Dei,
946 1510 1134 1553 serviens
1154 1511 1198 1552 in
1215 1510 1339 1568 signo
1356 1508 1506 1553 liberae
1524 1510 1670 1554 civita-

275 1583 347 1637 tis,
380 1598 480 1642 quae
513 1582 697 1626 coelestis
728 1579 967 1624 Jerusalem
996 1579 1200 1633 dicitur1,
1238 1579 1358 1638 quod
1391 1580 1576 1624 verbum
1606 1590 1669 1625 est

277 1652 520 1706 hebraeum,
555 1659 599 1694 et
624 1651 935 1709 interpretatur
959 1649 1075 1693 Visio
1097 1649 1228 1708 pacis.
1254 1651 1390 1710 Cujus
1422 1651 1535 1695 cives
1566 1662 1669 1697 sunt

278 1737 428 1767 omnes
461 1721 715 1766 sanctificati
745 1720 944 1763 homines
977 1719 1054 1778 qui
1086 1718 1281 1775 fuerunt,
1307 1729 1350 1764 et
1371 1721 1447 1780 qui
1476 1731 1597 1778 sunt,
1623 1732 1666 1767 et

276 1794 353 1854 qui
372 1792 510 1837 futuri
532 1801 656 1849 sunt,
680 1800 724 1835 et
747 1805 896 1835 omnes
918 1790 1172 1835 sanctificati
1201 1792 1391 1850 spiritus,
1416 1793 1545 1837 etiam
1567 1794 1666 1853 qui-

277 1879 466 1925 cumque
495 1864 540 1907 in
570 1861 748 1907 excelsis
779 1861 993 1906 coelorum
1014 1862 1212 1920 partibus
1237 1862 1305 1921 pia
1329 1862 1559 1907 devotione
1581 1866 1664 1908 ob—

278 1945 521 1996 temperant
538 1938 644 1990 Deo,
671 1949 751 1978 nec
781 1934 1008 1977 imitantur
1029 1933 1207 1992 impiam
1230 1933 1394 1978 diaboli
1416 1935 1664 1993 superbiam

277 2016 321 2052 et
342 2006 596 2066 angelorum
620 2006 725 2065 ejus.
747 2005 888 2064 Hujus
910 2003 1094 2048 civitatis
1116 2019 1188 2048 rex
1210 2013 1272 2048 est
1302 2006 1510 2049 Dominus
1540 2008 1664 2050 Jesus

276 2079 490 2132 Christus,
524 2076 719 2120 Verbum
754 2074 831 2119 Dei
865 2089 954 2134 quo
982 2083 1194 2133 reguntur
1227 2075 1383 2119 summi
1413 2075 1585 2133 Angeli,
1621 2085 1664 2120 et

276 2149 469 2194 Verbum
491 2147 715 2192 hominem
738 2160 958 2190 assumens
978 2154 1029 2189 ut
1049 2160 1101 2189 eo
1124 2155 1374 2203 regerentur
1390 2154 1433 2188 et
1447 2146 1659 2202 homiues,

277 2221 354 2281 qui
377 2218 507 2265 simul
528 2233 676 2264 omnes
699 2233 799 2262 cum
817 2216 892 2261 illo
908 2217 954 2260 in
973 2225 1133 2261 aeterna
1162 2232 1266 2276 pace
1296 2217 1557 2275 regnabunt.
1595 2217 1663 2262 Ad

276 2292 407 2352 hujus
430 2290 559 2349 Regis
580 2288 976 2349 praefigurationem
997 2288 1044 2330 in
1066 2287 1141 2331 illo
1163 2296 1334 2331 terreno
1356 2302 1487 2345 regno
1511 2289 1662 2348 populi

280 2362 410 2407 Isra'el
444 2362 631 2406 maxime
658 2359 841 2404 eminuit
876 2374 948 2402 rex
978 2358 1156 2413 David2,
1188 2358 1242 2401 de
1264 2359 1388 2417 cujus
1408 2359 1570 2403 semine
1592 2375 1660 2403 se-

278 2433 475 2477 cundum
508 2446 683 2476 carnem
710 2430 877 2474 veniret
907 2429 1151 2473 verissimus
1183 2444 1256 2472 rex
1287 2438 1431 2473 noster
1454 2431 1660 2475 Dominus

279 2508 402 2549 Jesus
420 2504 615 2547 Christus
635 2523 642 2547 :
668 2521 687 2545 «
708 2502 791 2554 Qui
812 2510 874 2545 est
895 2517 1023 2560 super
1044 2501 1189 2546 omnia
1211 2504 1321 2544 Deus
1343 2502 1594 2547 benedictus
1616 2503 1660 2548 in

332 2597 337 2612 ¹
365 2589 464 2620 Galat.
485 2599 529 2628 w,
553 2589 605 2619 ¹20.
621 2605 660 2609 —
675 2595 685 2609 ²
704 2588 719 2617 3
740 2589 815 2627 Reg.
838 2598 901 2618 xv1.
923 2586 975 2617 53.
