1871 3162
551 258 868 287 CONFESSIONUM
881 275 892 297 ‚
927 258 1008 285 Lm.
1046 259 1105 285 v1.
1431 249 1449 284 1
1460 246 1512 285 33

142 325 424 386 impellebant
442 324 529 368 huc
553 332 684 384 atque
711 323 815 368 illuc
837 338 911 368 cor
940 338 1114 380 meum3
1138 323 1379 366 transibant
1405 331 1518 366 tem-

141 413 268 456 pora,
296 404 339 440 et
363 394 590 439 tardabam
613 394 807 439 converti
829 393 883 438 ad
907 394 1163 447 Dominum,
1194 402 1237 437 et
1266 392 1520 437 differebam

141 467 196 511 de
225 467 294 510 die
315 466 360 510 in
383 466 499 509 diem
520 465 664 509 vivere
686 465 730 507 in
755 473 796 508 te
812 500 822 519 ,
849 473 892 508 et
926 479 1015 508 non
1037 463 1294 507 differebam
1327 463 1521 522 quotidie

141 539 187 582 in
203 537 456 596 memetipso
479 536 604 580 mori.
632 539 790 579 Amans
811 536 979 579 beatam
1000 535 1156 589 vitam,
1176 533 1383 578 timebam
1401 533 1521 577 illam

141 609 186 652 in
207 607 308 652 sede
330 622 406 652 sua
421 642 432 662 ‚
462 616 505 651 et
537 607 592 651 ab
623 622 672 650 ea
694 604 864 666 fugiens
885 606 1136 666 quaerebam
1162 620 1274 649 eam.
1306 605 1521 649 Putabam

141 679 257 723 enim
281 693 349 722 me
377 678 581 722 miserum
609 676 702 722 fore
735 677 887 731 nimis,
925 677 957 720 si
991 675 1187 720 foeminae
1211 675 1404 735 privarer
1435 690 1524 719 am-

140 749 336 809 plexibus
354 770 365 807 3
386 758 428 793 et
445 748 702 792 medicinam
726 747 1031 792 misericordiae
1054 757 1142 792 tuae
1164 747 1218 791 ad
1236 747 1432 791 eamdem
1454 747 1524 790 in-

141 821 386 864 firmitatem
410 820 645 864 sanandam
667 834 756 863 non
778 818 1025 878 cogitabam
1041 854 1051 873 ,
1075 819 1175 878 quia
1202 828 1404 877 expertus
1432 833 1522 862 non

142 907 284 948 eram3
325 901 367 935 et
401 891 671 950 propriarum
713 891 870 933 virium
908 889 1138 933 credebam
1169 904 1258 933 esse
1291 889 1523 933 continen-

141 963 244 1006 tiam
260 997 271 1016 ‚
297 977 482 1021 quarum
502 961 607 1004 mihi
630 976 719 1004 non
746 976 863 1004 eram
885 960 1081 1004 conscius
1097 995 1108 1014 ,
1135 975 1234 1003 cum
1258 968 1343 1003 tam
1366 959 1523 1003 stultus

141 1048 276 1077 essem
298 1042 347 1075 ut
369 1033 575 1076 nescirem
589 1067 599 1086 ,
621 1032 732 1075 sicut
753 1032 963 1090 scriptum
981 1040 1044 1074 est
1063 1050 1072 1075 :
1098 1050 1117 1071 «
1143 1031 1370 1076 Neminem
1400 1045 1522 1089 posse

143 1122 163 1144 »
199 1118 288 1146 esse
314 1104 610 1146 continentem
626 1136 636 1156 ,
661 1102 743 1145 nisi
772 1110 821 1145 tu
849 1101 1059 1144 dederis1.
1085 1118 1104 1141 »
1133 1101 1293 1160 Utique
1321 1101 1466 1155 dares,
1491 1100 1525 1143 si

141 1173 304 1231 gemitu
330 1172 502 1215 interno
523 1170 738 1229 pulsarem
773 1185 896 1214 aures
918 1179 1013 1215 tuas
1029 1205 1040 1225 ,
1064 1178 1108 1214 et
1140 1170 1227 1214 fide
1248 1169 1384 1215 solida
1414 1171 1459 1214 in
1481 1179 1524 1214 te

136 1244 343 1302 jactarem
366 1256 514 1286 curam
538 1255 695 1285 meam.

142 1407 1522 1425 ὶἭΜᾺΜΑἱΜΛΊΝΜΝἏΝΜΜΜΜΜΜἊΜΜΜΜΜΊΝΛΜΜΜΜΜΜῚ

652 1541 867 1590 CAPUT
902 1542 1017 1588 XII.

148 1701 398 1746 Contentio
428 1702 554 1746 inter
573 1699 802 1761 Αζνριίιγη
836 1709 881 1745 et
910 1702 1234 1763 Augustinum
1262 1699 1322 1747 de
1359 1703 1522 1746 matri-

588 1772 747 1815 monio
771 1780 817 1815 et
837 1770 1078 1816 coelibatu.

198 1932 319 1973 XXI.
343 1933 617 1974 PnomssEBAT
637 1945 708 1974 me
730 1945 832 1975 sane
854 1930 1036 1990 Alypius
1065 1931 1120 1975 ab
1145 1947 1279 1976 uxore
1300 1932 1518 1988 ducenda,

140 2017 317 2045 causans
335 2001 457 2045 nullo
479 1999 611 2046 modo
634 2016 712 2046 nos
734 2017 856 2061 posse
877 2017 1029 2046 securo
1050 2003 1139 2047 otio
1161 2003 1289 2046 simul
1310 2004 1356 2047 in
1375 2019 1520 2049 amore

140 2072 360 2130 sapientiae
385 2071 550 2125 vivere,
581 2072 692 2116 sicut
708 2073 800 2132 jam
823 2071 900 2116 diu
929 2070 1270 2117 desideraremus
1287 2108 1297 2127 ,
1325 2074 1358 2117 si
1379 2073 1425 2118 id
1456 2073 1521 2119 fe-

140 2143 305 2186 cissem.
337 2145 442 2186 Erat
470 2143 585 2185 enim
619 2142 708 2201 ipse
730 2142 776 2185 in
803 2157 852 2186 ea
874 2158 919 2187 re
941 2143 1071 2186 etiam
1093 2152 1198 2187 tunc
1233 2143 1492 2188 castissimus
1507 2180 1518 2200 ‚

140 2213 197 2256 ita
226 2221 275 2255 ut
310 2212 469 2256 mirum
503 2221 612 2256 esset
630 2233 641 2269 3
680 2213 781 2272 quia
813 2212 883 2257 vel
917 2214 1224 2273 experientiam
1264 2215 1522 2259 concubitus

141 2291 333 2341 coeperat
354 2282 400 2326 in
420 2283 615 2341 ingressu
637 2281 936 2326 adolescentiae
957 2298 1045 2327 suae
1064 2319 1073 2338 ‚
1100 2283 1175 2328 sed
1196 2300 1284 2328 non
1306 2285 1487 2329 haeserat
1506 2307 1517 2343 3

142 2353 362 2412 magisque
380 2352 578 2397 doluerat
600 2362 643 2397 et
662 2362 901 2412 spreverat,
926 2363 969 2398 et
990 2353 1149 2398 deinde
1171 2356 1262 2415 jam
1289 2356 1519 2400 continen-

146 2423 301 2465 tissime
323 2423 508 2467 vivebat.
534 2426 627 2481 Ego
656 2432 801 2468 autem
826 2424 1075 2469 resistebam
1104 2424 1194 2480 illi,
1221 2425 1426 2484 exemplis
1445 2443 1521 2470 eo-

143 2507 238 2536 rum
258 2492 334 2552 qui
355 2494 574 2552 conjugati
592 2493 825 2539 coluissent
841 2495 1110 2553 sapientiam,
1126 2504 1168 2540 et
1184 2497 1519 2554 promeruissent

192 2598 197 2612 ¹
221 2591 293 2631 Sap.
315 2601 382 2630 vui,
403 2599 456 2621 Ἦ.
