1871 3162
274 218 354 258 348
683 232 717 261 s.
754 231 983 263 Aueusnm
1016 235 1195 263 Enscom

272 312 479 356 negamus
497 301 621 344 aDeo
640 298 814 356 factam,
833 303 922 346 Deo
941 317 962 345 a
980 317 1069 361 quo
1086 309 1186 346 sunt
1201 299 1345 345 omnia
1360 299 1476 344 bona
1494 298 1619 344 valde
1637 318 1646 345 ε

272 370 373 430 quia
413 370 525 415 sicut
556 370 736 415 dicimus
768 372 952 430 amplius
986 373 1151 417 bonum
1185 387 1275 416 esse
1305 370 1426 431 quod
1456 379 1646 415 creatum

272 451 402 502 atque
418 441 651 486 formatum
674 452 760 498 est,
781 443 839 486 ita
858 444 1046 488 fatemur
1068 445 1209 488 minus
1231 444 1397 489 bonum
1417 457 1506 487 esse
1527 441 1648 502 quod

270 512 434 557 factum
451 523 513 558 est
530 513 716 558 creabile
737 523 867 574 atque
890 514 1119 560 formabile
1134 550 1145 571 ‚
1171 514 1247 560 sed
1272 524 1416 559 tamen
1443 514 1611 558 bonum
1637 530 1646 556 z

271 599 361 628 non
383 594 528 628 autem
550 600 906 630 commemorasse
924 586 1211 645 Scripturam,
1236 586 1357 644 quod
1378 586 1491 628 hanc
1511 583 1651 627 infor-

272 654 466 698 mitatem
489 653 638 700 fecerit
658 658 772 700 Deus
790 691 801 711 ,
826 657 935 701 sicut
959 656 1041 701 alia
1063 656 1201 701 multa
1218 671 1307 701 non
1336 669 1652 700 commemora-

272 726 359 779 vit,
383 734 433 768 ut
455 725 693 770 Cherubim
726 735 769 771 et
793 728 1065 787 Seraphim¹‚
1103 737 1145 771 et
1178 741 1276 787 quae
1300 726 1532 785 Apostolus
1560 724 1651 768 dis-

272 796 406 840 tincte
424 796 483 839 ait
503 815 512 840 :
543 815 563 838 «
589 796 718 841 Sedes
732 833 744 852 ,
766 799 1115 853 Dominationes⁷
1136 798 1408 857 Principatus
1424 833 1435 852 ,
1458 800 1654 842 Potesta-

276 883 297 906 »
331 875 394 910 tes
406 870 439 921 ²,
462 885 481 908 »
500 883 599 926 quae
617 876 763 912 tamen
786 870 929 913 omnia
953 873 1089 914 Deum
1107 869 1255 914 fecisse
1270 867 1551 913 manifestum
1573 876 1650 911 est.

273 939 362 980 Aut
383 938 416 980 si
438 937 483 981 in
500 952 551 981 eo
571 937 691 997 quod
711 937 876 983 dictum
897 949 983 984 est:
1006 941 1163 985 «Fecit
1177 940 1341 984 coelum
1364 949 1408 983 et
1428 948 1611 992 terram,
1633 956 1652 978 »

273 1009 584 1067 comprehensa
607 1018 708 1053 sunt
731 1010 897 1067 omnia3
923 1010 1031 1070 quid
1053 1011 1107 1054 de
1145 1010 1267 1070 aquis
1289 1009 1474 1054 dicimus
1491 1045 1501 1063 ‚
1528 1023 1656 1067 super

273 1095 382 1139 quas
403 1079 622 1123 ferebatur
647 1079 831 1138 Spiritus
855 1081 962 1124 Dei?
987 1081 1029 1125 Si
1052 1081 1183 1134 enim,
1209 1089 1324 1124 terra
1341 1080 1576 1132 nominata,
1598 1078 1657 1122 si-

274 1149 367 1192 mul
395 1148 724 1206 intelliguntur,
749 1149 973 1209 quomodo
994 1151 1084 1209 jam
1108 1159 1232 1194 terrae
1256 1149 1432 1193 nomine
1458 1149 1656 1192 materies

273 1219 471 1264 informis
489 1221 718 1279 accipitur,
739 1221 915 1280 quando
933 1230 1021 1265 tam
1042 1221 1253 1279 speciosas
1274 1236 1406 1280 aquas
1429 1219 1657 1264 videmus?

275 1294 364 1334 Aut
384 1290 418 1333 si
440 1291 498 1334 ita
520 1291 727 1349 accipitur
744 1326 754 1346 ‚
780 1307 858 1335 cur
880 1306 932 1334 ex
966 1290 1118 1335 eadem
1147 1290 1415 1335 informitate
1447 1290 1656 1349 scriptum

274 1369 336 1404 est
362 1359 524 1404 factum
536 1361 861 1405 firmamentum
879 1371 922 1405 et
940 1370 1143 1405 vocatum
1161 1360 1340 1415 coelum,
1365 1376 1507 1420 neque
1527 1360 1658 1419 scrip-

276 1440 368 1474 tum
391 1440 454 1475 est
475 1430 607 1476 factas
630 1447 719 1476 esse
742 1434 903 1492 aquas?
924 1435 1021 1477 Non
1037 1434 1152 1476 enim
1175 1432 1318 1476 adhuc
1336 1432 1542 1476 informes
1557 1441 1658 1475 sunt

275 1510 318 1543 et
334 1501 508 1555 invisae,
533 1518 639 1560 quas
667 1503 726 1546 ita
754 1503 909 1546 decora
931 1503 1070 1561 specie
1093 1503 1228 1546 fluere
1253 1503 1485 1546 cernimus.
1514 1506 1603 1546 Aut
1624 1502 1658 1545 si

276 1581 381 1615 tunc
402 1583 663 1631 acceperunt
696 1574 819 1617 istam
852 1574 1037 1632 speciem
1060 1589 1161 1617 cum
1199 1573 1307 1618 dixit
1329 1577 1467 1618 Deus:
1493 1593 1512 1616 «
1538 1576 1657 1618 Con-

277 1661 297 1683 »
334 1651 536 1700 gregetur
558 1658 669 1701 aqua
688 1659 785 1703 quae
805 1653 867 1688 est
890 1644 970 1687 sub
999 1645 1272 1688 firmamento
1287 1646 1301 1670 3
1321 1680 1331 1699 ‚
1356 1664 1375 1686 »
1402 1654 1450 1689 ut
1474 1659 1657 1702 congre-

276 1713 389 1770 gatio
413 1713 465 1756 sit
481 1714 570 1771 ipsa
592 1712 817 1770 formati03
848 1712 955 1772 quid
978 1714 1312 1772 respondebitur
1340 1715 1394 1759 de
1415 1716 1536 1776 aquis
1559 1731 1657 1775 qnae

277 1798 404 1841 super
422 1783 743 1826 firmamentum
763 1786 893 1827 sunt?
910 1785 1011 1843 quia
1026 1799 1170 1844 neque
1186 1785 1392 1829 informes
1410 1795 1497 1829 tam
1515 1787 1658 1830 liono-

276 1852 456 1897 rabilem
478 1854 623 1897 sedem
642 1855 832 1914 accipere
854 1856 1111 1899 meruissent
1126 1892 1136 1910 ‚
1162 1872 1242 1900 nec
1259 1858 1468 1916 scriptum
1489 1867 1552 1901 est
1573 1873 1658 1917 qua

276 1939 381 1968 voce
405 1923 601 1968 formatae
623 1925 722 1968 sint.
757 1924 880 1968 Unde
909 1926 944 1969 si
967 1925 1135 1984 aliquid
1163 1928 1336 1970 Genesis
1359 1928 1493 1971 tacuit
1520 1931 1657 1971 Deum

278 1994 448 2049 fecisse,
483 1995 600 2053 quod
640 2004 785 2038 tamen
814 1998 950 2038 Deum
985 1994 1134 2040 fecisse
1164 2012 1244 2040 nec
1276 2012 1375 2040 sana
1409 1997 1540 2051 fides,
1579 2013 1658 2042 nec

278 2074 419 2108 certus
447 2065 630 2123 ambigit
650 2064 923 2123 intellectus3
947 2081 1027 2108 nec
1046 2065 1143 2109 ideo
1166 2065 1255 2109 nlla
1290 2067 1432 2110 sobria
1461 2065 1660 2112 doctrina

278 2136 422 2179 dicere
445 2135 622 2179 audebit
653 2136 750 2179 istas
772 2151 905 2196 aquas
924 2145 1159 2180 coaeternas
1192 2139 1280 2180 Deo
1296 2172 1306 2191 ,
1344 2139 1444 2197 quia
1478 2139 1523 2182 in
1547 2138 1660 2183 libro

281 2208 494 2251 Geneseos
525 2216 879 2250 commemoratas
900 2206 1075 2266 quidem
1112 2206 1376 2262 audivimus,
1411 2209 1489 2251 ubi
1516 2218 1662 2253 autem

280 2277 406 2320 factae
437 2276 522 2319 sint
550 2292 638 2320 non
673 2277 917 2320 invenimus
943 2297 951 2321 :
983 2293 1060 2321 cnr
1091 2293 1181 2322 non
1210 2277 1442 2322 informem
1483 2296 1660 2339 quoque

279 2346 398 2390 illam
419 2347 642 2390 materiem
661 2382 670 2400 ,
694 2362 823 2405 quam
852 2348 1070 2405 Scriptura
1092 2348 1185 2391 haec
1216 2358 1373 2392 terram
1400 2350 1660 2393 invisibilem

282 2423 324 2458 et
344 2416 672 2475 incompositam
689 2452 699 2471 ,
722 2417 1084 2476 tenebrosamque
1102 2418 1304 2474 abyssum
1328 2418 1519 2477 appellat
1538 2454 1547 2467 ‚
1576 2420 1659 2463 do-

283 2495 406 2529 cente
437 2488 615 2530 veritate
648 2486 936 2544 intelligamus
959 2504 980 2530 a
1005 2491 1093 2531 Deo
1116 2487 1272 2531 factam
1298 2504 1386 2531 csse
1414 2488 1468 2532 dc
1493 2489 1629 2533 nihilo
1647 2524 1656 2540 ,

337 2578 343 2592 ¹
365 2573 429 2602 [caii
455 2582 500 2611 vi,
522 2581 553 2604 9..
573 2576 605 2603 et
623 2582 742 2604 xwvn.
763 2574 812 2603 16.
830 2589 871 2595 --
892 2579 904 2594 '¹
924 2572 1152 2611 C010;<.1‚16.
1178 2588 1212 2595 -·
1235 2571 1247 2594 3
1267 2575 1436 2614 G(›n.1‚9.
