1871 3162
538 260 879 300 εοΝΡΕεειοΝυΜ,
918 264 1000 289 Lm.
1035 264 1101 288 111·
1447 255 1496 291 61

187 330 283 371 XX.
307 326 430 371 Unde
446 326 556 370 illud
574 328 725 382 etiam,
753 326 871 386 quod
893 342 994 370 cum
1012 326 1117 370 mihi
1139 335 1350 370 narrasset
1365 328 1504 385 ipsum

126 398 265 442 visum
282 432 292 451 ‚
318 407 361 441 et
383 412 463 455 ego
485 396 539 440 ad
560 397 605 440 id
624 398 794 440 trahere
812 411 1007 452 conarer,
1026 405 1076 440 ut
1097 394 1171 439 illa
1189 410 1231 439 se
1254 395 1398 455 potius
1417 412 1506 440 non

127 467 371 526 desperaret
390 465 583 511 futuram
603 482 693 510 esse
714 467 834 527 quod
856 482 996 523 eram3
1021 467 1231 510 continuo
1255 466 1344 509 sine
1362 465 1507 525 aliqua

126 538 395 581 haesitatione
421 557 429 582 :
457 557 477 580 (ι
492 540 589 582 Non
606 572 616 592 ‚
647 538 790 597 inquit
811 559 821 594 3
847 553 937 581 non
961 537 1076 580 enim
1095 537 1201 580 mihi
1222 536 1389 581 dictum
1413 546 1476 580 est
1497 558 1504 580 ;

128 625 149 648 »
186 608 269 651 Ubi
288 607 385 662 ille,
405 608 467 651 ibi
489 617 532 651 et
554 617 603 651 tu
622 629 633 665 3
653 608 727 652 sed
753 624 763 650 :
790 608 874 652 Ubi
896 617 944 651 tu
960 643 971 662 ,
995 607 1055 650 ibi
1078 616 1120 650 et
1140 606 1228 650 ille.
1249 607 1508 651 »Confiteor

125 678 205 721 tibi
218 713 229 733 ,
251 679 450 733 Domine,
470 677 815 723 recordationem
829 694 969 722 meam
985 687 1199 738 quantum
1211 677 1370 732 recolo,
1390 676 1509 736 quod

124 763 237 808 saepe
259 764 348 792 non
370 749 486 793 tacui
506 783 516 803 ,
542 748 728 808 amplius
757 764 826 792 me
848 749 930 794 isto
953 764 1030 807 per
1051 758 1236 792 matrem
1258 748 1508 807 vigilantem

124 833 328 877 responso
357 827 434 862 tuo
451 853 462 873 ‚
495 818 616 878 quod
640 828 729 862 tam
758 819 899 863 vicina
924 818 1294 877 interpretationis
1318 816 1507 861 falsitate

123 888 295 933 turbata
328 903 417 932 non
439 898 502 932 est
517 923 528 943 ‚
567 897 610 932 et
636 898 726 932 tam
747 889 833 932 cito
857 888 966 932 vidit
996 889 1116 948 quod
1137 886 1374 933 videndum
1396 887 1507 945 fuits3

123 957 242 1017 quod
279 973 360 1016 ego
390 966 506 1001 certe
534 966 772 1017 antequam
801 958 974 1001 dixisset
1004 972 1092 1001 non
1123 956 1344 1011 videram,
1380 957 1509 1000 etiam

123 1036 218 1071 tum
251 1037 520 1072 commotum
554 1027 686 1071 fuisse
717 1043 849 1087 quam
871 1028 963 1086 ipso
985 1027 1152 1071 somnio
1167 1061 1178 1080 ,
1203 1043 1292 1086 quo
1314 1025 1509 1070 foeminae

122 1098 205 1156 piae
229 1097 436 1156 gaudium
460 1107 582 1142 tanto
606 1108 703 1156 post
726 1097 950 1152 futurum,
973 1097 1027 1141 ad
1044 1097 1384 1142 consolationem
1403 1106 1510 1141 tunc

122 1170 344 1228 praesentis
367 1168 666 1213 sollicitudinis
684 1203 695 1223 ‚
727 1178 849 1213 tanto
873 1178 972 1212 ante
994 1168 1258 1227 praedictum
1283 1177 1361 1211 est.
1401 1169 1511 1212 Nam

121 1253 278 1282 novem
292 1238 429 1282 ferme
447 1239 550 1282 anni
569 1238 705 1282 secuti
723 1247 824 1282 sunt
839 1274 850 1292 ‚
871 1238 1032 1298 quibus
1048 1254 1128 1296 ego
1140 1239 1184 1281 in
1198 1237 1271 1282 illo
1288 1237 1393 1281 limo
1410 1252 1528 1296 pro-1

121 1307 247 1352 fundi
270 1324 318 1352 ac
341 1309 530 1353 tenebris
552 1308 749 1353 falsitatis
763 1344 773 1363 ‚
799 1323 900 1352 cum
918 1324 1031 1367 saepe
1055 1323 1232 1366 surgere
1254 1323 1449 1361 conarer,
1468 1316 1510 1351 et

126 1379 298 1437 gravius
332 1379 531 1423 alliderer
547 1414 557 1434 ‚
583 1379 803 1424 volutatus
825 1394 920 1423 sum
955 1398 963 1422 ε
990 1394 1090 1422 cum
1114 1388 1263 1422 tamen
1284 1377 1357 1421 illa
1379 1377 1512 1421 vidua

123 1458 238 1492 casta
252 1484 262 1503 ‚
279 1449 349 1508 pia
363 1458 406 1493 et
423 1450 580 1503 sobria,
599 1448 747 1508 quales
767 1464 882 1492 amas
894 1484 904 1503 ‚
918 1450 1008 1508 jam
1025 1448 1203 1508 quidem
1220 1463 1295 1506 spe
1310 1447 1506 1502 alacrior,

124 1518 200 1563 sed
221 1520 328 1563 fletu
350 1529 392 1563 et
411 1519 576 1578 gemitu
598 1534 688 1563 non
716 1519 903 1577 segnior,
929 1534 1017 1562 non
1041 1517 1254 1561 desineret
1269 1518 1385 1561 horis
1409 1532 1507 1562 om—

123 1590 253 1633 nibus
276 1590 522 1634 orationum
545 1605 719 1633 suarum
743 1588 797 1632 de
821 1604 890 1632 me
909 1588 1114 1647 plangere
1144 1588 1198 1632 ad
1220 1597 1285 1642 te,
1311 1597 1353 1631 et
1370 1588 1508 1631 intra-

122 1661 230 1704 bant
245 1661 291 1704 in
308 1670 589 1720 conspectum
608 1670 735 1704 tuum
754 1675 901 1718 preces
918 1661 1025 1719 ejus,
1047 1668 1089 1703 et
1109 1674 1178 1702 me
1202 1668 1348 1703 tamen
1366 1659 1509 1703 dimit-

122 1730 244 1775 tebas
262 1731 404 1775 adhuc
425 1730 542 1776 volvi
564 1739 607 1774 et
623 1729 786 1775 involvi
804 1728 877 1773 illa
901 1729 1099 1788 caligine.
