1871 3162
541 248 888 286 conrnssmmm,
923 249 1006 276 Lm.
1041 250 1108 275 111.
1455 239 1510 279 59

133 312 202 357 vel
226 312 281 356 ad
303 311 598 356 exhibendum
620 311 740 371 quod
762 312 817 356 ad
839 326 1026 371 praesens
1045 327 1153 371 opus
1174 320 1261 366 est,
1285 312 1354 356 vel
1370 313 1424 357 ad
1439 315 1510 358 fu-

132 391 229 426 tura
247 381 595 441 praenuntianda.

1003 559 1295 576 ἸΜΑΛΝἋΛΙΙΛΜΛΜ
1299 559 1508 576 mmm

123 557 736 576 mmmmmmmm

655 704 870 753 CAPUT
916 706 978 752 X.

272 868 330 916 Ν
332 884 439 931 zcgoe
460 867 849 915 Manichaeorum
867 867 927 915 de
946 879 1085 915 terroe
1091 868 1359 933 fructibus.

181 1041 346 1084 XVIII.
381 1041 481 1083 Hffic
507 1054 587 1098 ego
604 1040 797 1083 nesciens
814 1073 826 1094 ,
850 1038 1086 1083 irridebam
1106 1038 1201 1084 illos
1222 1049 1394 1085 sanctos
1418 1057 1508 1086 ser-

122 1123 198 1154 vos
227 1118 271 1153 et
295 1110 530 1168 Prophetas
558 1118 671 1153 tuos.
711 1112 768 1153 Et
795 1109 904 1168 quid
936 1110 1119 1168 agebam
1148 1125 1249 1154 cum
1271 1111 1507 1156 irridebam

123 1195 211 1234 eos,
237 1180 319 1223 nisi
351 1189 400 1223 ut
426 1179 627 1222 irriderer
649 1179 725 1222 abs
748 1188 791 1223 te
806 1213 817 1234 ,
843 1179 1000 1222 sensim
1019 1188 1149 1239 atque
1170 1180 1382 1239 paulatim
1403 1198 1506 1242 per-

121 1249 281 1295 ductus
297 1249 351 1295 ad
364 1266 434 1294 eas
449 1266 584 1309 nugas
598 1259 648 1294 ut
659 1250 879 1294 crederem
898 1251 1031 1294 ficum
1051 1250 1221 1310 plorare
1238 1268 1338 1296 cum
1352 1253 1506 1297 decer-

119 1322 254 1380 pitur,
278 1330 322 1365 et
338 1330 519 1365 matrem
542 1323 633 1380 ejus
647 1322 843 1365 arborem
865 1321 1064 1378 lacrymis
1084 1320 1261 1366 lacteis?
1283 1325 1424 1376 Quam
1442 1334 1506 1368 ta-

120 1406 222 1435 men
248 1392 383 1435 ficum
405 1391 438 1434 si
453 1391 708 1435 comedisset
730 1391 884 1451 aliquis
907 1400 1080 1435 sanctus
1095 1426 1106 1446 ,
1132 1392 1274 1437 alieno
1290 1408 1390 1437 sane
1415 1410 1505 1439 non

119 1452 198 1506 suo
219 1461 378 1506 scelere
400 1460 670 1519 decerptam,
700 1461 900 1504 misceret
927 1461 1164 1505 visceribus
1181 1496 1192 1516 ‚
1215 1471 1258 1506 et
1280 1463 1505 1508 anhelaret

120 1532 175 1576 de
208 1531 281 1576 illa
315 1529 504 1589 Angelos
523 1565 534 1586 ,
579 1531 668 1575 imo
700 1546 804 1575 vero
841 1531 1074 1589 particulas
1105 1532 1182 1575 Dei
1212 1534 1427 1591 gemendo
1458 1535 1504 1578 in

118 1603 314 1648 oratione
344 1611 474 1662 atque
496 1602 710 1646 ructando
749 1620 757 1646 :
794 1617 893 1661 quae
914 1602 1140 1661 particulae
1163 1605 1321 1647 summi
1347 1614 1392 1649 et
1414 1607 1502 1650 veri

117 1674 195 1718 Dei
216 1673 360 1731 ligatae
380 1672 561 1718 fuissent
574 1672 706 1717 inillo
724 1687 876 1730 pomo,
897 1673 976 1715 nisi
994 1673 1119 1717 electi
1141 1674 1278 1718 sancti
1299 1674 1430 1719 dente
1452 1692 1501 1721 ac

118 1753 268 1789 ventre
289 1743 573 1788 solverentur.
598 1747 655 1788 Et
672 1742 837 1788 credidi
854 1744 983 1787 miser
1000 1744 1133 1801 magis
1155 1759 1243 1788 esse
1264 1745 1500 1792 misericor·

116 1814 230 1858 diam
250 1815 539 1874 praestandam
553 1814 769 1859 fructibus
786 1823 928 1868 terrae,
944 1829 1076 1873 quam
1091 1815 1358 1872 hominibus,
1373 1833 1499 1878 prop-

116 1893 183 1928 ter
200 1899 308 1943 quos
342 1894 636 1928 nascerentur.
670 1885 713 1928 Si
745 1884 841 1943 quis
863 1884 980 1927 enim
1010 1885 1200 1929 esuriens
1229 1896 1395 1945 peteret
1421 1890 1498 1948 qui

114 1954 382 1999 Manichacus
399 1970 487 1999 non
506 1964 616 1999 esset
631 1990 642 2009 ‚
667 1955 789 2014 quasi
815 1954 990 2012 capitali
1013 1954 1228 2014 supplicio
1249 1959 1495 2005 damnanda

113 2025 310 2070 buccella
330 2025 565 2082 videretur,
585 2027 619 2070 si
635 2026 674 2070 ei
694 2025 886 2070 daretur.
