<?xml version="1.0" encoding="UTF-8"?>
<!DOCTYPE html PUBLIC "-//W3C//DTD XHTML 1.0 Transitional//EN"
    "http://www.w3.org/TR/xhtml1/DTD/xhtml1-transitional.dtd">
<html xmlns="http://www.w3.org/1999/xhtml" xml:lang="en" lang="en">
 <head>
  <title>
</title>
<meta http-equiv="Content-Type" content="text/html;charset=utf-8" />
  <meta name='ocr-system' content='tesseract 3.04.00' />
  <meta name='ocr-capabilities' content='ocr_page ocr_carea ocr_par ocr_line ocrx_word'/>
</head>
<body>
  <div class='ocr_page' id='page_1' title='image "./operaomniaaccura25auguuoft_0352.png"; bbox 0 0 1871 3162; ppageno 0'>
   <div class='ocr_carea' id='block_1_1' title="bbox 214 247 1152 291">
    <p class='ocr_par' dir='ltr' id='par_1_1' title="bbox 214 247 1152 291">
     <span class='ocr_line' id='line_1_1' title="bbox 214 247 1152 291; baseline 0.007 -8"><span class='ocrx_word' id='word_1_1' title='bbox 214 247 303 285; x_wconf 9' lang='lat' dir='ltr'>selo·</span> <span class='ocrx_word' id='word_1_2' title='bbox 646 263 676 288; x_wconf 85' lang='lat' dir='ltr'>s.</span> <span class='ocrx_word' id='word_1_3' title='bbox 716 262 736 287; x_wconf 76' lang='grc'>..1</span> <span class='ocrx_word' id='word_1_4' title='bbox 748 265 939 289; x_wconf 59' lang='lat' dir='ltr'>cussum</span> <span class='ocrx_word' id='word_1_5' title='bbox 977 264 1152 291; x_wconf 53' lang='lat' dir='ltr'>Eristos]</span> 
     </span>
    </p>
   </div>
   <div class='ocr_carea' id='block_1_2' title="bbox 210 448 1588 466">
    <p class='ocr_par' dir='ltr' id='par_1_2' title="bbox 210 448 1588 466">
     <span class='ocr_line' id='line_1_2' title="bbox 210 448 1588 466; baseline 0 -3"><span class='ocrx_word' id='word_1_6' title='bbox 210 448 313 463; x_wconf 52' lang='lat' dir='ltr'>nummu</span> <span class='ocrx_word' id='word_1_7' title='bbox 321 449 386 464; x_wconf 61' lang='grc' dir='ltr'>ἱῑΑἱ</span> <span class='ocrx_word' id='word_1_8' title='bbox 395 449 460 464; x_wconf 53' lang='lat' dir='ltr'>irtel]</span> <span class='ocrx_word' id='word_1_9' title='bbox 467 449 667 466; x_wconf 52' lang='grc' dir='ltr'>ὶψὶὶὶῚῖῑὶῶιὶὶ</span> <span class='ocrx_word' id='word_1_10' title='bbox 672 449 737 465; x_wconf 57' lang='grc' dir='ltr'>ΊΛΊᾹ</span> <span class='ocrx_word' id='word_1_11' title='bbox 743 449 809 464; x_wconf 58' lang='grc' dir='ltr'>ὶὶιὶὶ</span> <span class='ocrx_word' id='word_1_12' title='bbox 815 449 878 464; x_wconf 60' lang='grc' dir='ltr'>ἱὶιὶἱ</span> <span class='ocrx_word' id='word_1_13' title='bbox 885 449 950 464; x_wconf 48' lang='lat' dir='ltr'>§mxx</span> <span class='ocrx_word' id='word_1_14' title='bbox 957 448 1093 464; x_wconf 46' lang='lat' dir='ltr'>§tammus</span> <span class='ocrx_word' id='word_1_15' title='bbox 1099 449 1163 465; x_wconf 50' lang='lat' dir='ltr'>utut</span> <span class='ocrx_word' id='word_1_16' title='bbox 1170 449 1233 464; x_wconf 57' lang='grc' dir='ltr'>ὶνὶἱ</span> <span class='ocrx_word' id='word_1_17' title='bbox 1240 448 1271 464; x_wconf 51' lang='lat' dir='ltr'>Sl</span> <span class='ocrx_word' id='word_1_18' title='bbox 1277 449 1290 464; x_wconf 59' lang='grc' dir='ltr'>ἱ</span> <span class='ocrx_word' id='word_1_19' title='bbox 1297 449 1342 464; x_wconf 43' lang='lat' dir='ltr'>tvl</span> <span class='ocrx_word' id='word_1_20' title='bbox 1348 449 1375 463; x_wconf 61' lang='grc' dir='ltr'>ὶὶ</span> <span class='ocrx_word' id='word_1_21' title='bbox 1382 449 1411 464; x_wconf 57' lang='lat'>21</span> <span class='ocrx_word' id='word_1_22' title='bbox 1418 448 1446 463; x_wconf 58' lang='grc' dir='ltr'>’.ἱ</span> <span class='ocrx_word' id='word_1_23' title='bbox 1454 449 1483 463; x_wconf 55' lang='lat' dir='ltr'>tl</span> <span class='ocrx_word' id='word_1_24' title='bbox 1489 449 1516 463; x_wconf 58' lang='lat'>⁸1</span> <span class='ocrx_word' id='word_1_25' title='bbox 1523 448 1588 464; x_wconf 58' lang='lat' dir='ltr'>tt‘nx</span> 
     </span>
    </p>
   </div>
   <div class='ocr_carea' id='block_1_3' title="bbox 695 594 1104 644">
    <p class='ocr_par' dir='ltr' id='par_1_3' title="bbox 695 594 1104 644">
     <span class='ocr_line' id='line_1_3' title="bbox 695 594 1104 644; baseline -0.007 0"><span class='ocrx_word' id='word_1_26' title='bbox 695 594 857 644; x_wconf 56' lang='lat' dir='ltr'>CAH</span> <span class='ocrx_word' id='word_1_27' title='bbox 872 598 910 642; x_wconf 75' lang='lat' dir='ltr'>&#39;f</span> <span class='ocrx_word' id='word_1_28' title='bbox 970 598 1104 643; x_wconf 51' lang='lat' dir='ltr'>XVI.</span> 
     </span>
    </p>
   </div>
   <div class='ocr_carea' id='block_1_4' title="bbox 206 760 1586 877">
    <p class='ocr_par' dir='ltr' id='par_1_4' title="bbox 206 760 1586 877">
     <span class='ocr_line' id='line_1_4' title="bbox 206 760 1586 820; baseline -0.001 -13"><span class='ocrx_word' id='word_1_29' title='bbox 206 763 326 807; x_wconf 70' lang='lat' dir='ltr'>Rem</span> <span class='ocrx_word' id='word_1_30' title='bbox 343 760 522 806; x_wconf 67' lang='lat' dir='ltr'>lzccbere</span> <span class='ocrx_word' id='word_1_31' title='bbox 543 777 639 805; x_wconf 79' lang='lat' dir='ltr'>non</span> <span class='ocrx_word' id='word_1_32' title='bbox 660 760 759 805; x_wconf 75' lang='lat' dir='ltr'>vult</span> <span class='ocrx_word' id='word_1_33' title='bbox 779 777 887 805; x_wconf 80' lang='lat' dir='ltr'>eum</span> <span class='ocrx_word' id='word_1_34' title='bbox 907 763 980 817; x_wconf 63' lang='lat' dir='ltr'>iis,</span> <span class='ocrx_word' id='word_1_35' title='bbox 1006 763 1089 820; x_wconf 75' lang='lat' dir='ltr'>qai</span> <span class='ocrx_word' id='word_1_36' title='bbox 1108 760 1443 806; x_wconf 73' lang='lat' dir='ltr'>contradicant</span> <span class='ocrx_word' id='word_1_37' title='bbox 1466 761 1586 808; x_wconf 74' lang='lat' dir='ltr'>veri-</span> 
     </span>
     <span class='ocr_line' id='line_1_5' title="bbox 747 830 1052 877; baseline 0.007 -2"><span class='ocrx_word' id='word_1_38' title='bbox 747 833 846 875; x_wconf 75' lang='lat' dir='ltr'>ratz‘</span> <span class='ocrx_word' id='word_1_39' title='bbox 868 830 1052 877; x_wconf 69' lang='lat' dir='ltr'>divinae.</span> 
     </span>
    </p>
   </div>
   <div class='ocr_carea' id='block_1_5' title="bbox 203 989 1589 1402">
    <p class='ocr_par' dir='ltr' id='par_1_5' title="bbox 203 989 1589 1402">
     <span class='ocr_line' id='line_1_6' title="bbox 266 989 1586 1051; baseline 0.002 -18"><span class='ocrx_word' id='word_1_40' title='bbox 266 992 432 1033; x_wconf 81' lang='lat' dir='ltr'>XXIII.</span> <span class='ocrx_word' id='word_1_41' title='bbox 470 991 571 1035; x_wconf 76' lang='lat' dir='ltr'>Ctm</span> <span class='ocrx_word' id='word_1_42' title='bbox 586 990 653 1034; x_wconf 88' lang='lat' dir='ltr'>his</span> <span class='ocrx_word' id='word_1_43' title='bbox 676 990 792 1033; x_wconf 89' lang='lat' dir='ltr'>enim</span> <span class='ocrx_word' id='word_1_44' title='bbox 810 989 910 1034; x_wconf 92' lang='lat' dir='ltr'>volo</span> <span class='ocrx_word' id='word_1_45' title='bbox 932 1005 1078 1035; x_wconf 88' lang='lat' dir='ltr'>coram</span> <span class='ocrx_word' id='word_1_46' title='bbox 1100 999 1143 1034; x_wconf 88' lang='lat' dir='ltr'>te</span> <span class='ocrx_word' id='word_1_47' title='bbox 1177 989 1341 1050; x_wconf 85' lang='lat' dir='ltr'>aliquid</span> <span class='ocrx_word' id='word_1_48' title='bbox 1373 991 1586 1051; x_wconf 78' lang='lat' dir='ltr'>colloqui,</span> 
     </span>
     <span class='ocr_line' id='line_1_7' title="bbox 208 1061 1589 1121; baseline 0.001 -16"><span class='ocrx_word' id='word_1_49' title='bbox 208 1065 318 1105; x_wconf 82' lang='lat' dir='ltr'>Deus</span> <span class='ocrx_word' id='word_1_50' title='bbox 337 1077 473 1116; x_wconf 88' lang='lat' dir='ltr'>meus,</span> <span class='ocrx_word' id='word_1_51' title='bbox 501 1061 577 1121; x_wconf 89' lang='lat' dir='ltr'>qui</span> <span class='ocrx_word' id='word_1_52' title='bbox 594 1061 688 1105; x_wconf 87' lang='lat' dir='ltr'>haec</span> <span class='ocrx_word' id='word_1_53' title='bbox 711 1061 880 1116; x_wconf 88' lang='lat' dir='ltr'>omnia,</span> <span class='ocrx_word' id='word_1_54' title='bbox 906 1077 1004 1121; x_wconf 78' lang='lat' dir='ltr'>quae</span> <span class='ocrx_word' id='word_1_55' title='bbox 1021 1062 1137 1105; x_wconf 86' lang='lat' dir='ltr'>intus</span> <span class='ocrx_word' id='word_1_56' title='bbox 1158 1062 1203 1105; x_wconf 90' lang='lat' dir='ltr'>in</span> <span class='ocrx_word' id='word_1_57' title='bbox 1226 1071 1371 1105; x_wconf 88' lang='lat' dir='ltr'>mente</span> <span class='ocrx_word' id='word_1_58' title='bbox 1388 1077 1483 1106; x_wconf 82' lang='lat' dir='ltr'>mea</span> <span class='ocrx_word' id='word_1_59' title='bbox 1500 1078 1589 1106; x_wconf 89' lang='lat' dir='ltr'>non</span> 
     </span>
     <span class='ocr_line' id='line_1_8' title="bbox 207 1131 1589 1193; baseline 0.001 -18"><span class='ocrx_word' id='word_1_60' title='bbox 207 1142 318 1176; x_wconf 77' lang='lat' dir='ltr'>tacet</span> <span class='ocrx_word' id='word_1_61' title='bbox 340 1133 494 1176; x_wconf 83' lang='lat' dir='ltr'>veritas</span> <span class='ocrx_word' id='word_1_62' title='bbox 513 1142 587 1176; x_wconf 85' lang='lat' dir='ltr'>tua</span> <span class='ocrx_word' id='word_1_63' title='bbox 602 1167 612 1187; x_wconf 85' lang='lat'>,</span> <span class='ocrx_word' id='word_1_64' title='bbox 628 1147 728 1177; x_wconf 86' lang='lat' dir='ltr'>vera</span> <span class='ocrx_word' id='word_1_65' title='bbox 752 1146 840 1175; x_wconf 87' lang='lat' dir='ltr'>esse.</span> <span class='ocrx_word' id='word_1_66' title='bbox 864 1131 1128 1176; x_wconf 86' lang='lat' dir='ltr'>concedunt.</span> <span class='ocrx_word' id='word_1_67' title='bbox 1156 1135 1261 1176; x_wconf 76' lang='lat' dir='ltr'>Nam</span> <span class='ocrx_word' id='word_1_68' title='bbox 1287 1133 1361 1193; x_wconf 88' lang='lat' dir='ltr'>qui</span> <span class='ocrx_word' id='word_1_69' title='bbox 1387 1135 1479 1177; x_wconf 88' lang='lat' dir='ltr'>haec</span> <span class='ocrx_word' id='word_1_70' title='bbox 1512 1149 1589 1177; x_wconf 88' lang='lat' dir='ltr'>ne-</span> 
     </span>
     <span class='ocr_line' id='line_1_9' title="bbox 205 1202 1589 1263; baseline 0.001 -17"><span class='ocrx_word' id='word_1_71' title='bbox 205 1213 308 1262; x_wconf 72' lang='lat' dir='ltr'>gant</span> <span class='ocrx_word' id='word_1_72' title='bbox 327 1238 336 1258; x_wconf 82' lang='lat'>,</span> <span class='ocrx_word' id='word_1_73' title='bbox 363 1204 521 1247; x_wconf 81' lang='lat' dir='ltr'>latrent</span> <span class='ocrx_word' id='word_1_74' title='bbox 537 1213 750 1263; x_wconf 84' lang='lat' dir='ltr'>quantum</span> <span class='ocrx_word' id='word_1_75' title='bbox 767 1202 924 1247; x_wconf 71' lang='lat' dir='ltr'>volunt</span> <span class='ocrx_word' id='word_1_76' title='bbox 941 1213 984 1247; x_wconf 93' lang='lat' dir='ltr'>et</span> <span class='ocrx_word' id='word_1_77' title='bbox 1004 1204 1256 1262; x_wconf 76' lang='lat' dir='ltr'>obstrepant</span> <span class='ocrx_word' id='word_1_78' title='bbox 1272 1204 1353 1247; x_wconf 81' lang='lat' dir='ltr'>sibi</span> <span class='ocrx_word' id='word_1_79' title='bbox 1380 1223 1387 1248; x_wconf 89' lang='lat'>:</span> <span class='ocrx_word' id='word_1_80' title='bbox 1415 1220 1589 1263; x_wconf 84' lang='lat' dir='ltr'>persua-</span> 
     </span>
     <span class='ocr_line' id='line_1_10' title="bbox 206 1273 1589 1333; baseline 0.001 -16"><span class='ocrx_word' id='word_1_81' title='bbox 206 1274 309 1317; x_wconf 82' lang='lat' dir='ltr'>dere</span> <span class='ocrx_word' id='word_1_82' title='bbox 331 1274 522 1318; x_wconf 83' lang='lat' dir='ltr'>conabor</span> <span class='ocrx_word' id='word_1_83' title='bbox 543 1283 594 1317; x_wconf 91' lang='lat' dir='ltr'>ut</span> <span class='ocrx_word' id='word_1_84' title='bbox 611 1273 852 1333; x_wconf 84' lang='lat' dir='ltr'>quiescant,</span> <span class='ocrx_word' id='word_1_85' title='bbox 883 1282 925 1317; x_wconf 90' lang='lat' dir='ltr'>et</span> <span class='ocrx_word' id='word_1_86' title='bbox 944 1273 1057 1317; x_wconf 81' lang='lat' dir='ltr'>viani</span> <span class='ocrx_word' id='word_1_87' title='bbox 1077 1274 1301 1332; x_wconf 84' lang='lat' dir='ltr'>praebeant</span> <span class='ocrx_word' id='word_1_88' title='bbox 1319 1273 1373 1317; x_wconf 82' lang='lat' dir='ltr'>ad</span> <span class='ocrx_word' id='word_1_89' title='bbox 1394 1289 1438 1318; x_wconf 90' lang='lat' dir='ltr'>se</span> <span class='ocrx_word' id='word_1_90' title='bbox 1455 1276 1589 1319; x_wconf 83' lang='lat' dir='ltr'>verbo</span> 
     </span>
     <span class='ocr_line' id='line_1_11' title="bbox 203 1342 1586 1402; baseline 0.001 -15"><span class='ocrx_word' id='word_1_91' title='bbox 203 1343 431 1396; x_wconf 86' lang='lat' dir='ltr'>tuo.Quod</span> <span class='ocrx_word' id='word_1_92' title='bbox 443 1344 477 1387; x_wconf 92' lang='lat' dir='ltr'>si</span> <span class='ocrx_word' id='word_1_93' title='bbox 490 1342 711 1387; x_wconf 87' lang='lat' dir='ltr'>noluerint</span> <span class='ocrx_word' id='word_1_94' title='bbox 723 1352 766 1387; x_wconf 85' lang='lat' dir='ltr'>et</span> <span class='ocrx_word' id='word_1_95' title='bbox 778 1342 1017 1402; x_wconf 81' lang='lat' dir='ltr'>repulerint</span> <span class='ocrx_word' id='word_1_96' title='bbox 1030 1359 1113 1397; x_wconf 90' lang='lat' dir='ltr'>me,</span> <span class='ocrx_word' id='word_1_97' title='bbox 1126 1344 1440 1399; x_wconf 85' lang='lat' dir='ltr'>obsecro,Deus</span> <span class='ocrx_word' id='word_1_98' title='bbox 1450 1360 1586 1400; x_wconf 88' lang='lat' dir='ltr'>meus,</span> 
     </span>
    </p>
   </div>
   <div class='ocr_carea' id='block_1_6' title="bbox 97 1413 1589 1473">
    <p class='ocr_par' dir='ltr' id='par_1_6' title="bbox 97 1413 1589 1473">
     <span class='ocr_line' id='line_1_12' title="bbox 97 1413 1589 1473; baseline 0.001 -15"><span class='ocrx_word' id='word_1_99' title='bbox 97 1424 115 1426; x_wconf 65' lang='grc'>”</span> <span class='ocrx_word' id='word_1_100' title='bbox 147 1439 166 1449; x_wconf 61' lang='lat'><em>2</em></span> <span class='ocrx_word' id='word_1_101' title='bbox 202 1429 257 1458; x_wconf 87' lang='lat' dir='ltr'>ne</span> <span class='ocrx_word' id='word_1_102' title='bbox 280 1423 329 1458; x_wconf 89' lang='lat' dir='ltr'>tu</span> <span class='ocrx_word' id='word_1_103' title='bbox 351 1414 472 1458; x_wconf 82' lang='lat' dir='ltr'>sileas</span> <span class='ocrx_word' id='word_1_104' title='bbox 495 1429 517 1457; x_wconf 90' lang='grc'>3</span> <span class='ocrx_word' id='word_1_105' title='bbox 534 1417 642 1457; x_wconf 89' lang='lat' dir='ltr'>me¹.</span> <span class='ocrx_word' id='word_1_106' title='bbox 668 1416 732 1456; x_wconf 89' lang='lat' dir='ltr'>Tu</span> <span class='ocrx_word' id='word_1_107' title='bbox 746 1413 924 1473; x_wconf 89' lang='lat' dir='ltr'>loquere</span> <span class='ocrx_word' id='word_1_108' title='bbox 939 1415 984 1457; x_wconf 89' lang='lat' dir='ltr'>in</span> <span class='ocrx_word' id='word_1_109' title='bbox 1005 1413 1135 1458; x_wconf 89' lang='lat' dir='ltr'>corde</span> <span class='ocrx_word' id='word_1_110' title='bbox 1159 1430 1254 1459; x_wconf 88' lang='lat' dir='ltr'>meo</span> <span class='ocrx_word' id='word_1_111' title='bbox 1277 1419 1500 1470; x_wconf 81' lang='lat' dir='ltr'>veraciter,</span> <span class='ocrx_word' id='word_1_112' title='bbox 1520 1432 1589 1460; x_wconf 91' lang='lat' dir='ltr'>so-</span> 
     </span>
    </p>
   </div>
   <div class='ocr_carea' id='block_1_7' title="bbox 203 1484 1592 2535">
    <p class='ocr_par' dir='ltr' id='par_1_7' title="bbox 203 1484 1592 2535">
     <span class='ocr_line' id='line_1_13' title="bbox 205 1484 1589 1544; baseline 0.001 -15"><span class='ocrx_word' id='word_1_113' title='bbox 205 1485 273 1529; x_wconf 89' lang='lat' dir='ltr'>lus</span> <span class='ocrx_word' id='word_1_114' title='bbox 291 1485 406 1529; x_wconf 85' lang='lat' dir='ltr'>enim</span> <span class='ocrx_word' id='word_1_115' title='bbox 437 1485 496 1529; x_wconf 90' lang='grc'>310</span> <span class='ocrx_word' id='word_1_116' title='bbox 517 1484 731 1544; x_wconf 74' lang='lat' dir='ltr'>loqueris,</span> <span class='ocrx_word' id='word_1_117' title='bbox 757 1494 799 1528; x_wconf 91' lang='lat' dir='ltr'>et</span> <span class='ocrx_word' id='word_1_118' title='bbox 827 1485 1039 1528; x_wconf 83' lang='lat' dir='ltr'>dimittam</span> <span class='ocrx_word' id='word_1_119' title='bbox 1077 1500 1148 1528; x_wconf 87' lang='lat' dir='ltr'>eos</span> <span class='ocrx_word' id='word_1_120' title='bbox 1178 1484 1279 1529; x_wconf 79' lang='lat' dir='ltr'>foris</span> <span class='ocrx_word' id='word_1_121' title='bbox 1308 1486 1528 1530; x_wconf 81' lang='lat' dir='ltr'>sufflantes</span> <span class='ocrx_word' id='word_1_122' title='bbox 1545 1489 1589 1530; x_wconf 91' lang='lat' dir='ltr'>in</span> 
     </span>
     <span class='ocr_line' id='line_1_14' title="bbox 204 1554 1589 1614; baseline 0 -15"><span class='ocrx_word' id='word_1_123' title='bbox 204 1554 450 1614; x_wconf 86' lang='lat' dir='ltr'>pulverem,</span> <span class='ocrx_word' id='word_1_124' title='bbox 476 1564 519 1598; x_wconf 89' lang='lat' dir='ltr'>et</span> <span class='ocrx_word' id='word_1_125' title='bbox 545 1555 778 1598; x_wconf 79' lang='lat' dir='ltr'>excitantes</span> <span class='ocrx_word' id='word_1_126' title='bbox 797 1563 954 1598; x_wconf 85' lang='lat' dir='ltr'>terram</span> <span class='ocrx_word' id='word_1_127' title='bbox 978 1555 1022 1598; x_wconf 89' lang='lat' dir='ltr'>in</span> <span class='ocrx_word' id='word_1_128' title='bbox 1045 1555 1193 1599; x_wconf 86' lang='lat' dir='ltr'>oculos</span> <span class='ocrx_word' id='word_1_129' title='bbox 1216 1571 1338 1612; x_wconf 73' lang='lat' dir='ltr'>suos,</span> <span class='ocrx_word' id='word_1_130' title='bbox 1367 1566 1409 1599; x_wconf 86' lang='lat' dir='ltr'>et</span> <span class='ocrx_word' id='word_1_131' title='bbox 1432 1557 1589 1600; x_wconf 88' lang='lat' dir='ltr'>intrem</span> 
     </span>
     <span class='ocr_line' id='line_1_15' title="bbox 203 1625 1591 1683; baseline -0.001 -13"><span class='ocrx_word' id='word_1_132' title='bbox 203 1628 248 1670; x_wconf 90' lang='lat' dir='ltr'>in</span> <span class='ocrx_word' id='word_1_133' title='bbox 267 1626 411 1670; x_wconf 85' lang='lat' dir='ltr'>cubile</span> <span class='ocrx_word' id='word_1_134' title='bbox 434 1640 597 1680; x_wconf 91' lang='lat' dir='ltr'>meum,</span> <span class='ocrx_word' id='word_1_135' title='bbox 624 1634 667 1669; x_wconf 84' lang='lat' dir='ltr'>et</span> <span class='ocrx_word' id='word_1_136' title='bbox 690 1635 860 1669; x_wconf 88' lang='lat' dir='ltr'>cantem</span> <span class='ocrx_word' id='word_1_137' title='bbox 880 1625 959 1669; x_wconf 90' lang='lat' dir='ltr'>tibi</span> <span class='ocrx_word' id='word_1_138' title='bbox 985 1626 1208 1680; x_wconf 77' lang='lat' dir='ltr'>amatoria,</span> <span class='ocrx_word' id='word_1_139' title='bbox 1235 1627 1591 1683; x_wconf 80' lang='lat' dir='ltr'>gemensinenar-</span> 
     </span>
     <span class='ocr_line' id='line_1_16' title="bbox 203 1695 1590 1755; baseline -0.001 -14"><span class='ocrx_word' id='word_1_140' title='bbox 203 1696 359 1741; x_wconf 79' lang='lat' dir='ltr'>rabiles</span> <span class='ocrx_word' id='word_1_141' title='bbox 378 1696 561 1754; x_wconf 84' lang='lat' dir='ltr'>gemitus</span> <span class='ocrx_word' id='word_1_142' title='bbox 580 1696 626 1739; x_wconf 91' lang='lat' dir='ltr'>in</span> <span class='ocrx_word' id='word_1_143' title='bbox 648 1696 990 1755; x_wconf 80' lang='lat' dir='ltr'>peregrinatione</span> <span class='ocrx_word' id='word_1_144' title='bbox 1013 1711 1106 1739; x_wconf 81' lang='lat' dir='ltr'>mea</span> <span class='ocrx_word' id='word_1_145' title='bbox 1122 1731 1132 1751; x_wconf 94' lang='lat'>,</span> <span class='ocrx_word' id='word_1_146' title='bbox 1158 1706 1200 1740; x_wconf 83' lang='lat' dir='ltr'>et</span> <span class='ocrx_word' id='word_1_147' title='bbox 1217 1695 1446 1740; x_wconf 81' lang='lat' dir='ltr'>recordans</span> <span class='ocrx_word' id='word_1_148' title='bbox 1465 1699 1489 1740; x_wconf 89' lang='lat' dir='ltr'>J</span> <span class='ocrx_word' id='word_1_149' title='bbox 1493 1712 1590 1740; x_wconf 89' lang='lat' dir='ltr'>eru-</span> 
     </span>
     <span class='ocr_line' id='line_1_17' title="bbox 205 1766 1590 1827; baseline -0.001 -15"><span class='ocrx_word' id='word_1_150' title='bbox 205 1768 362 1823; x_wconf 81' lang='lat' dir='ltr'>salem,</span> <span class='ocrx_word' id='word_1_151' title='bbox 390 1776 563 1811; x_wconf 76' lang='lat' dir='ltr'>extento</span> <span class='ocrx_word' id='word_1_152' title='bbox 585 1767 629 1809; x_wconf 85' lang='lat' dir='ltr'>in</span> <span class='ocrx_word' id='word_1_153' title='bbox 652 1781 746 1809; x_wconf 86' lang='lat' dir='ltr'>eam</span> <span class='ocrx_word' id='word_1_154' title='bbox 772 1781 943 1810; x_wconf 86' lang='lat' dir='ltr'>sursum</span> <span class='ocrx_word' id='word_1_155' title='bbox 962 1766 1114 1821; x_wconf 86' lang='lat' dir='ltr'>corde,</span> <span class='ocrx_word' id='word_1_156' title='bbox 1147 1766 1384 1811; x_wconf 84' lang='lat' dir='ltr'>Jerusalem</span> <span class='ocrx_word' id='word_1_157' title='bbox 1408 1768 1590 1827; x_wconf 83' lang='lat' dir='ltr'>patriam</span> 
     </span>
     <span class='ocr_line' id='line_1_18' title="bbox 206 1837 1592 1898; baseline 0 -15"><span class='ocrx_word' id='word_1_158' title='bbox 206 1855 364 1892; x_wconf 84' lang='lat' dir='ltr'>meam,</span> <span class='ocrx_word' id='word_1_159' title='bbox 388 1837 626 1882; x_wconf 81' lang='lat' dir='ltr'>Jerusalem</span> <span class='ocrx_word' id='word_1_160' title='bbox 647 1847 828 1881; x_wconf 88' lang='lat' dir='ltr'>matrem</span> <span class='ocrx_word' id='word_1_161' title='bbox 850 1852 1009 1895; x_wconf 85' lang='lat' dir='ltr'>meam,</span> <span class='ocrx_word' id='word_1_162' title='bbox 1026 1847 1156 1897; x_wconf 76' lang='lat' dir='ltr'>teque</span> <span class='ocrx_word' id='word_1_163' title='bbox 1178 1853 1305 1898; x_wconf 88' lang='lat' dir='ltr'>super</span> <span class='ocrx_word' id='word_1_164' title='bbox 1328 1853 1421 1882; x_wconf 84' lang='lat' dir='ltr'>eam</span> <span class='ocrx_word' id='word_1_165' title='bbox 1440 1854 1592 1897; x_wconf 80' lang='lat' dir='ltr'>regna-</span> 
     </span>
     <span class='ocr_line' id='line_1_19' title="bbox 207 1908 1592 1967; baseline -0.001 -13"><span class='ocrx_word' id='word_1_166' title='bbox 207 1921 374 1964; x_wconf 84' lang='lat' dir='ltr'>torem,</span> <span class='ocrx_word' id='word_1_167' title='bbox 414 1908 746 1963; x_wconf 81' lang='lat' dir='ltr'>illustratorem,</span> <span class='ocrx_word' id='word_1_168' title='bbox 780 1917 977 1967; x_wconf 84' lang='lat' dir='ltr'>patrem,</span> <span class='ocrx_word' id='word_1_169' title='bbox 1014 1918 1226 1964; x_wconf 83' lang='lat' dir='ltr'>tutorem,</span> <span class='ocrx_word' id='word_1_170' title='bbox 1264 1909 1467 1952; x_wconf 85' lang='lat' dir='ltr'>maritum</span> <span class='ocrx_word' id='word_1_171' title='bbox 1493 1944 1504 1965; x_wconf 93' lang='lat'>,</span> <span class='ocrx_word' id='word_1_172' title='bbox 1548 1918 1592 1953; x_wconf 81' lang='lat' dir='ltr'>et</span> 
     </span>
     <span class='ocr_line' id='line_1_20' title="bbox 213 1977 1591 2036; baseline -0.001 -11"><span class='ocrx_word' id='word_1_173' title='bbox 213 1991 347 2025; x_wconf 83' lang='lat' dir='ltr'>castas</span> <span class='ocrx_word' id='word_1_174' title='bbox 381 1989 422 2024; x_wconf 87' lang='lat' dir='ltr'>et</span> <span class='ocrx_word' id='word_1_175' title='bbox 455 1980 584 2024; x_wconf 82' lang='lat' dir='ltr'>fortes</span> <span class='ocrx_word' id='word_1_176' title='bbox 607 1979 805 2034; x_wconf 83' lang='lat' dir='ltr'>delicias,</span> <span class='ocrx_word' id='word_1_177' title='bbox 839 1988 882 2021; x_wconf 91' lang='lat' dir='ltr'>et</span> <span class='ocrx_word' id='word_1_178' title='bbox 903 1977 1090 2022; x_wconf 89' lang='lat' dir='ltr'>solidum</span> <span class='ocrx_word' id='word_1_179' title='bbox 1115 1978 1347 2036; x_wconf 81' lang='lat' dir='ltr'>gaudium,</span> <span class='ocrx_word' id='word_1_180' title='bbox 1374 1989 1416 2023; x_wconf 88' lang='lat' dir='ltr'>et</span> <span class='ocrx_word' id='word_1_181' title='bbox 1447 1979 1591 2023; x_wconf 83' lang='lat' dir='ltr'>onmia</span> 
     </span>
     <span class='ocr_line' id='line_1_21' title="bbox 209 2048 1589 2106; baseline -0.002 -10"><span class='ocrx_word' id='word_1_182' title='bbox 209 2054 324 2096; x_wconf 81' lang='lat' dir='ltr'>bona</span> <span class='ocrx_word' id='word_1_183' title='bbox 342 2049 579 2094; x_wconf 79' lang='lat' dir='ltr'>ineffabilia</span> <span class='ocrx_word' id='word_1_184' title='bbox 597 2048 725 2093; x_wconf 89' lang='lat' dir='ltr'>simul</span> <span class='ocrx_word' id='word_1_185' title='bbox 749 2048 911 2105; x_wconf 77' lang='lat' dir='ltr'>omnia,</span> <span class='ocrx_word' id='word_1_186' title='bbox 937 2049 1037 2106; x_wconf 82' lang='lat' dir='ltr'>quia</span> <span class='ocrx_word' id='word_1_187' title='bbox 1059 2064 1195 2092; x_wconf 86' lang='lat' dir='ltr'>unum</span> <span class='ocrx_word' id='word_1_188' title='bbox 1214 2064 1432 2092; x_wconf 85' lang='lat' dir='ltr'>summum</span> <span class='ocrx_word' id='word_1_189' title='bbox 1451 2059 1493 2092; x_wconf 86' lang='grc'>01</span> <span class='ocrx_word' id='word_1_190' title='bbox 1513 2065 1589 2093; x_wconf 80' lang='lat' dir='ltr'>ve-</span> 
     </span>
     <span class='ocr_line' id='line_1_22' title="bbox 215 2119 1592 2178; baseline -0.002 -12"><span class='ocrx_word' id='word_1_191' title='bbox 215 2138 310 2166; x_wconf 88' lang='lat' dir='ltr'>rum</span> <span class='ocrx_word' id='word_1_192' title='bbox 330 2123 494 2166; x_wconf 86' lang='lat' dir='ltr'>bonum</span> <span class='ocrx_word' id='word_1_193' title='bbox 517 2143 528 2178; x_wconf 74' lang='lat'>3</span> <span class='ocrx_word' id='word_1_194' title='bbox 554 2131 595 2164; x_wconf 89' lang='lat' dir='ltr'>et</span> <span class='ocrx_word' id='word_1_195' title='bbox 613 2136 701 2164; x_wconf 88' lang='lat' dir='ltr'>non</span> <span class='ocrx_word' id='word_1_196' title='bbox 720 2128 887 2164; x_wconf 88' lang='lat' dir='ltr'>avertar</span> <span class='ocrx_word' id='word_1_197' title='bbox 903 2119 1042 2162; x_wconf 84' lang='lat' dir='ltr'>donec</span> <span class='ocrx_word' id='word_1_198' title='bbox 1075 2119 1120 2161; x_wconf 90' lang='lat' dir='ltr'>in</span> <span class='ocrx_word' id='word_1_199' title='bbox 1147 2121 1238 2177; x_wconf 82' lang='lat' dir='ltr'>ejus</span> <span class='ocrx_word' id='word_1_200' title='bbox 1265 2135 1415 2178; x_wconf 82' lang='lat' dir='ltr'>pacem</span> <span class='ocrx_word' id='word_1_201' title='bbox 1445 2120 1592 2164; x_wconf 84' lang='lat' dir='ltr'>matris</span> 
     </span>
     <span class='ocr_line' id='line_1_23' title="bbox 211 2188 1590 2249; baseline -0.002 -12"><span class='ocrx_word' id='word_1_202' title='bbox 211 2192 488 2246; x_wconf 86' lang='lat' dir='ltr'>charissimae,</span> <span class='ocrx_word' id='word_1_203' title='bbox 509 2191 586 2235; x_wconf 78' lang='lat' dir='ltr'>ubi</span> <span class='ocrx_word' id='word_1_204' title='bbox 602 2199 704 2235; x_wconf 86' lang='lat' dir='ltr'>sunt</span> <span class='ocrx_word' id='word_1_205' title='bbox 726 2189 925 2249; x_wconf 81' lang='lat' dir='ltr'>primitiae</span> <span class='ocrx_word' id='word_1_206' title='bbox 938 2189 1111 2248; x_wconf 86' lang='lat' dir='ltr'>spiritus</span> <span class='ocrx_word' id='word_1_207' title='bbox 1133 2189 1233 2243; x_wconf 91' lang='lat' dir='ltr'>mei,</span> <span class='ocrx_word' id='word_1_208' title='bbox 1250 2188 1366 2233; x_wconf 89' lang='lat' dir='ltr'>unde</span> <span class='ocrx_word' id='word_1_209' title='bbox 1384 2189 1489 2232; x_wconf 87' lang='lat' dir='ltr'>mihi</span> <span class='ocrx_word' id='word_1_210' title='bbox 1511 2190 1590 2235; x_wconf 86' lang='lat' dir='ltr'>ista</span> 
     </span>
     <span class='ocr_line' id='line_1_24' title="bbox 209 2257 1590 2320; baseline -0.003 -13"><span class='ocrx_word' id='word_1_211' title='bbox 209 2273 324 2308; x_wconf 83' lang='lat' dir='ltr'>certa</span> <span class='ocrx_word' id='word_1_212' title='bbox 343 2273 466 2317; x_wconf 83' lang='lat' dir='ltr'>sunt,</span> <span class='ocrx_word' id='word_1_213' title='bbox 487 2260 662 2320; x_wconf 85' lang='lat' dir='ltr'>colligas</span> <span class='ocrx_word' id='word_1_214' title='bbox 683 2269 826 2305; x_wconf 88' lang='lat' dir='ltr'>totum</span> <span class='ocrx_word' id='word_1_215' title='bbox 846 2257 967 2320; x_wconf 91' lang='lat' dir='ltr'>quod</span> <span class='ocrx_word' id='word_1_216' title='bbox 989 2274 1102 2313; x_wconf 87' lang='lat' dir='ltr'>sum,</span> <span class='ocrx_word' id='word_1_217' title='bbox 1129 2275 1152 2302; x_wconf 88' lang='lat' dir='ltr'>a</span> <span class='ocrx_word' id='word_1_218' title='bbox 1169 2257 1432 2318; x_wconf 85' lang='lat' dir='ltr'>dispersione</span> <span class='ocrx_word' id='word_1_219' title='bbox 1450 2268 1492 2303; x_wconf 91' lang='lat' dir='ltr'>et</span> <span class='ocrx_word' id='word_1_220' title='bbox 1513 2259 1590 2303; x_wconf 89' lang='lat' dir='ltr'>de-</span> 
     </span>
     <span class='ocr_line' id='line_1_25' title="bbox 211 2329 1586 2390; baseline -0.004 -12"><span class='ocrx_word' id='word_1_221' title='bbox 211 2334 429 2378; x_wconf 81' lang='lat' dir='ltr'>formitate</span> <span class='ocrx_word' id='word_1_222' title='bbox 450 2333 548 2388; x_wconf 88' lang='lat' dir='ltr'>hac,</span> <span class='ocrx_word' id='word_1_223' title='bbox 573 2342 614 2376; x_wconf 87' lang='lat' dir='ltr'>et</span> <span class='ocrx_word' id='word_1_224' title='bbox 638 2330 880 2376; x_wconf 86' lang='lat' dir='ltr'>conformes</span> <span class='ocrx_word' id='word_1_225' title='bbox 899 2339 1030 2390; x_wconf 86' lang='lat' dir='ltr'>atque</span> <span class='ocrx_word' id='word_1_226' title='bbox 1050 2329 1278 2374; x_wconf 89' lang='lat' dir='ltr'>confirmes</span> <span class='ocrx_word' id='word_1_227' title='bbox 1293 2329 1338 2373; x_wconf 92' lang='lat' dir='ltr'>in</span> <span class='ocrx_word' id='word_1_228' title='bbox 1356 2339 1586 2386; x_wconf 85' lang='lat' dir='ltr'>aeternum,</span> 
     </span>
     <span class='ocr_line' id='line_1_26' title="bbox 209 2399 1588 2460; baseline -0.002 -13"><span class='ocrx_word' id='word_1_229' title='bbox 209 2408 323 2448; x_wconf 82' lang='lat' dir='ltr'>Deus</span> <span class='ocrx_word' id='word_1_230' title='bbox 345 2419 482 2459; x_wconf 89' lang='lat' dir='ltr'>meus,</span> <span class='ocrx_word' id='word_1_231' title='bbox 502 2401 793 2446; x_wconf 87' lang='lat' dir='ltr'>misericordia</span> <span class='ocrx_word' id='word_1_232' title='bbox 814 2415 926 2445; x_wconf 74' lang='lat' dir='ltr'>mea.</span> <span class='ocrx_word' id='word_1_233' title='bbox 943 2401 1054 2444; x_wconf 85' lang='lat' dir='ltr'>Cum</span> <span class='ocrx_word' id='word_1_234' title='bbox 1079 2399 1147 2443; x_wconf 91' lang='lat' dir='ltr'>his</span> <span class='ocrx_word' id='word_1_235' title='bbox 1163 2409 1307 2443; x_wconf 83' lang='lat' dir='ltr'>autem</span> <span class='ocrx_word' id='word_1_236' title='bbox 1333 2401 1409 2460; x_wconf 85' lang='lat' dir='ltr'>qui</span> <span class='ocrx_word' id='word_1_237' title='bbox 1432 2409 1588 2444; x_wconf 82' lang='lat' dir='ltr'>cuncta</span> 
     </span>
     <span class='ocr_line' id='line_1_27' title="bbox 207 2470 1591 2535; baseline -0.002 -16"><span class='ocrx_word' id='word_1_238' title='bbox 207 2475 283 2520; x_wconf 90' lang='lat' dir='ltr'>illa</span> <span class='ocrx_word' id='word_1_239' title='bbox 306 2491 404 2535; x_wconf 87' lang='lat' dir='ltr'>quae</span> <span class='ocrx_word' id='word_1_240' title='bbox 430 2489 530 2518; x_wconf 86' lang='lat' dir='ltr'>vere</span> <span class='ocrx_word' id='word_1_241' title='bbox 549 2483 650 2518; x_wconf 90' lang='lat' dir='ltr'>sunt</span> <span class='ocrx_word' id='word_1_242' title='bbox 666 2508 682 2529; x_wconf 85' lang='lat'>,</span> <span class='ocrx_word' id='word_1_243' title='bbox 709 2472 814 2518; x_wconf 86' lang='lat' dir='ltr'>falsa</span> <span class='ocrx_word' id='word_1_244' title='bbox 835 2487 923 2517; x_wconf 87' lang='lat' dir='ltr'>esse</span> <span class='ocrx_word' id='word_1_245' title='bbox 944 2486 1034 2517; x_wconf 92' lang='lat' dir='ltr'>non</span> <span class='ocrx_word' id='word_1_246' title='bbox 1060 2470 1229 2527; x_wconf 87' lang='lat' dir='ltr'>dicunt,</span> <span class='ocrx_word' id='word_1_247' title='bbox 1264 2472 1523 2517; x_wconf 80' lang='lat' dir='ltr'>honorantes</span> <span class='ocrx_word' id='word_1_248' title='bbox 1547 2480 1591 2516; x_wconf 89' lang='lat' dir='ltr'>et</span> 
     </span>
    </p>
   </div>
   <div class='ocr_carea' id='block_1_8' title="bbox 258 2571 542 2613">
    <p class='ocr_par' dir='ltr' id='par_1_8' title="bbox 258 2571 542 2613">
     <span class='ocr_line' id='line_1_28' title="bbox 258 2571 542 2613; baseline 0.007 -11"><span class='ocrx_word' id='word_1_249' title='bbox 258 2579 265 2593; x_wconf 85' lang='lat'><em>1</em></span> <span class='ocrx_word' id='word_1_250' title='bbox 289 2571 368 2603; x_wconf 76' lang='lat' dir='ltr'>Psal.</span> <span class='ocrx_word' id='word_1_251' title='bbox 389 2581 491 2613; x_wconf 81' lang='lat' dir='ltr'>xxvn,</span> <span class='ocrx_word' id='word_1_252' title='bbox 512 2581 542 2604; x_wconf 86' lang='lat'>1.</span> 
     </span>
    </p>
   </div>
  </div>
 </body>
</html>
