1871 3162
299 211 354 248 10
716 216 751 246 s.
785 215 1015 246 Aucnsrm
1046 215 1230 245 nrrscorr

296 299 397 329 cens
415 284 497 329 tihi
518 284 575 329 de
589 282 835 344 primordiis
855 291 898 326 et
914 279 1098 326 infantia
1115 295 1212 325 mea
1229 295 1329 341 quae
1349 296 1440 326 non
1457 281 1637 325 memini
1659 302 1671 339 3

297 365 340 400 et
357 354 514 400 dedisti
535 369 585 399 ea
601 353 767 399 homini
788 368 839 397 ex
867 351 958 396 aliis
974 350 1030 396 de
1050 367 1094 396 se
1115 352 1326 413 conjicere
1339 386 1351 407 ‚
1377 360 1421 396 et
1441 352 1675 396 auctorita-

296 426 413 470 tibus
436 425 566 469 etiam
593 423 945 468 muliercularum
982 422 1121 467 multa
1159 422 1214 467 de
1242 438 1286 467 se
1317 421 1507 468 credere.
1542 425 1672 466 Eram

296 496 413 540 enim
434 505 477 539 et
497 494 696 539 vivebam
722 493 847 537 etiam
869 502 998 550 tunc;
1031 501 1075 537 et
1095 492 1215 550 signa
1240 492 1401 552 quibus
1434 507 1556 536 sensa
1578 507 1674 535 mea

296 574 399 610 nota
420 564 509 609 aliis
530 564 715 608 facerem
734 598 746 617 ,
762 564 852 622 Jam
867 563 914 606 in
934 563 1022 606 fine
1042 562 1239 608 infantiae
1260 563 1528 621 quaerebam.
1550 561 1675 606 Unde

299 636 378 679 hoc
401 635 486 679 tale
507 633 667 678 animal
696 633 776 677 nisi
799 633 875 677 abs
896 641 952 687 te⁷
968 633 1182 677 Domine?
1204 636 1272 677 An
1293 633 1523 693 quisquam
1548 646 1592 676 se
1610 629 1674 675 fa·-

296 703 439 748 ciendi
466 705 546 747 erit
573 701 754 747 artifex?
785 711 860 747 aut
883 703 973 747 ulla
1002 718 1112 747 vena
1140 703 1326 747 trahitur
1352 701 1527 746 aliunde
1546 736 1557 757 ,
1589 716 1675 761 qua

296 790 384 818 esse
405 783 447 818 et
464 774 606 818 vivere
638 782 784 817 currat
805 774 851 816 in
872 789 950 818 nos
970 808 981 825 ‚
1013 781 1170 832 praeter
1199 788 1331 832 quam
1360 773 1478 832 quod
1502 780 1551 815 tu
1571 770 1677 815 facis

295 861 374 890 nos
392 880 402 900 ‚
447 845 629 889 Domine
644 879 656 899 ,
680 845 750 888 cui
780 859 871 888 esse
900 853 943 888 et
962 844 1105 888 vivere
1126 859 1215 888 non
1250 842 1368 888 aliud
1405 854 1537 903 atque
1559 841 1679 886 aliud

296 925 357 959 est
379 936 390 972 3
416 915 516 974 quia
537 929 704 958 summe
724 929 814 958 esse
829 949 840 965 ‚
867 924 996 974 atque
1013 928 1180 958 summe
1202 914 1345 958 vivere
1361 949 1372 968 ‚
1391 912 1581 972 idipsum
1604 913 1678 956 es?

300 989 502 1031 Summus
519 986 635 1029 enim
652 1000 695 1029 es
711 1020 721 1039 ,
747 994 790 1029 et
807 1001 896 1030 non
919 986 1097 1029 mutaris
1113 1005 1123 1040 3
1159 1000 1301 1044 neque
1318 985 1539 1043 peragitur
1568 984 1614 1027 in
1635 992 1678 1027 te

296 1055 531 1101 hodiernus
551 1056 641 1099 dies
660 1090 672 1107 ‚
692 1064 735 1099 et
752 1064 898 1099 tamen
918 1055 964 1099 in
980 1064 1024 1098 te
1046 1055 1266 1114 peragitur
1280 1089 1292 1109 ‚
1317 1054 1420 1114 quia
1441 1054 1488 1097 in
1512 1062 1555 1097 te
1576 1062 1679 1098 sunt

297 1135 340 1170 et
367 1125 448 1169 ista
476 1126 635 1169 omnia.
667 1127 764 1170 Non
786 1125 900 1168 enim
932 1124 1142 1168 haberent
1163 1124 1251 1168 vias
1288 1122 1562 1177 transeundi,
1597 1122 1678 1167 nisi

296 1196 538 1240 contineres
569 1211 632 1239 ea.
658 1199 715 1240 Et
735 1196 942 1255 quoniam
970 1196 1072 1239 anni
1100 1195 1164 1238 tui
1193 1209 1283 1238 non
1313 1194 1543 1248 deficiunt,
1574 1194 1678 1237 anni

296 1266 360 1309 tui
387 1264 622 1309 hodiernus
643 1265 763 1309 dies?
787 1268 841 1308 Et
857 1280 990 1325 quam
1012 1264 1137 1309 multi
1152 1265 1242 1323 jam
1264 1263 1354 1307 dies
1376 1264 1510 1308 nostri
1534 1273 1577 1307 et
1600 1279 1677 1323 pa-

297 1345 411 1380 trum
429 1345 676 1379 nostrorum
703 1350 779 1394 per
796 1335 1056 1379 hodiernum
1089 1343 1216 1378 tuum
1245 1334 1538 1388 transierunt,
1564 1344 1608 1378 et
1629 1349 1679 1378 ex

296 1405 372 1449 illo
405 1414 665 1464 acceperunt
687 1403 860 1458 modos,
890 1414 933 1448 et
954 1413 1194 1464 utcumque
1215 1404 1468 1455 extiterunt,
1488 1412 1531 1447 et
1560 1413 1681 1448 tran·
1726 1402 1732 1406 ’

297 1475 444 1519 sibunt
461 1474 604 1518 adhuc
623 1474 716 1529 alii,
737 1483 779 1518 et
801 1474 1040 1532 accipient,
1060 1484 1103 1518 et
1118 1484 1357 1534 utcumque
1379 1474 1587 1519 existent!
1616 1477 1681 1518 Tu

297 1554 440 1588 autem
463 1543 577 1588 idem
612 1544 702 1603 ipse
725 1559 797 1601 es;
821 1553 863 1587 et
894 1544 1038 1588 omnia
1061 1546 1244 1588 crastina
1268 1553 1398 1604 atque
1428 1543 1565 1598 ultra,
1586 1559 1681 1588 om-

298 1614 455 1674 niaque
471 1615 671 1658 hesterna
691 1623 734 1658 et
764 1623 879 1658 retro
900 1612 1030 1658 hodie
1051 1613 1204 1668 facies,
1228 1614 1360 1658 hodie
1382 1613 1536 1658 fecisti.
1563 1614 1681 1667 Quid

298 1685 352 1728 ad
373 1700 466 1738 me,
490 1685 524 1728 si
544 1685 641 1744 quis
664 1700 753 1728 non
789 1684 1031 1743 intelligat?
1053 1684 1252 1728 Gaudeat
1284 1694 1327 1728 et
1348 1685 1458 1743 ipse,
1491 1684 1637 1728 dicens
1666 1703 1674 1728 :

296 1753 412 1806 Quid
433 1763 496 1797 est
518 1755 629 1798 hoc?
647 1754 830 1812 gaudeat
852 1754 980 1797 etiam
1002 1754 1083 1811 sic3
1103 1763 1146 1798 et
1167 1763 1283 1798 amet
1304 1769 1393 1798 non
1415 1753 1681 1798 inveniendo

297 1825 488 1869 invenire
505 1825 648 1884 potius
664 1860 675 1881 ,
695 1840 827 1885 quam
843 1825 1105 1870 inveniendo
1124 1840 1213 1869 non
1231 1825 1426 1869 invenire
1441 1833 1500 1868 te.

787 2098 1002 2144 CAPUT
1056 2099 1162 2143 Vll.

521 2240 752 2301 Infantia
773 2255 958 2299 quoque
976 2240 1192 2299 peccatis
1215 2238 1447 2284 obnoxia.

356 2378 437 2420 XI.
462 2378 651 2430 ExAum,
673 2379 800 2420 Deus.
822 2378 898 2419 Vae
911 2376 1095 2434 peccatis
1109 2375 1338 2435 hominum
1357 2375 1366 2418 l
1384 2378 1441 2419 Et
1456 2376 1588 2420 homo
1609 2375 1679 2419 di-

300 2446 357 2489 cit
376 2446 496 2499 haec,
531 2456 574 2489 et
604 2446 814 2490 misereris
843 2447 933 2505 ejus
951 2481 962 2501 ,
1001 2447 1209 2506 quoniam
1237 2455 1285 2490 tu
1319 2444 1456 2490 fecisti
1483 2461 1610 2501 eum,
1635 2456 1678 2491 et

330 2525 525 2560 eccatum
546 2531 635 2560 non
656 2515 792 2561 fecisti
813 2516 859 2560 in
885 2531 951 2560 eo.
972 2517 1076 2569 Quis
1102 2531 1172 2559 me
1192 2525 1502 2561 commemorat
1524 2531 1678 2575 pecca-
