1871 3162
189 196 272 233 236
627 211 659 237 s.
696 208 925 238 Aucusrrm
959 212 1141 239 EPISCOPI

187 287 261 315 nes
292 272 454 317 colores
488 272 727 334 formaeque
759 291 990 335 corporum
1014 291 1090 335 per
1124 275 1300 322 oculos:
1342 290 1417 333 per
1442 291 1567 319 aures

185 352 331 387 autem
348 345 491 387 onmia
516 359 672 402 genera
694 361 898 390 sonorum
918 368 928 403 3
947 361 1183 406 omnesque
1206 347 1359 390 odores
1378 361 1453 404 per
1476 345 1569 390 adi-

188 423 279 457 tum
317 415 514 473 narium3
556 431 704 460 omnes
736 433 907 475 sapores
948 433 1024 475 per
1061 419 1144 461 oris
1168 418 1363 474 aditum3
1389 433 1411 461 a
1439 432 1568 461 sensu

184 494 330 529 autem
358 486 489 529 totius
524 486 742 544 corporis,
779 487 884 547 quid
919 486 1105 542 durum,
1137 488 1244 547 quid
1281 487 1434 542 molle,
1460 488 1568 547 quid

185 555 374 601 calidum
397 555 660 614 frigidumve
677 593 687 612 ,
721 558 819 602 lene
846 568 922 603 aut
944 556 1168 618 asperum,
1193 574 1322 618 grave
1343 574 1420 602 seu
1441 558 1536 603 leve
1551 594 1562 612 ‚

184 627 271 670 sive
289 627 553 670 extrinsecus
571 662 581 682 ,
606 627 693 671 sive
715 628 971 673 intrinsecus
989 629 1159 687 corpori
1182 647 1190 673 ;
1216 630 1309 672 haec
1332 629 1478 673 omnia
1501 644 1570 672 re-

184 697 289 755 cipit
312 696 543 741 recolenda
576 713 676 742 cum
698 714 807 758 opus
830 709 893 744 est
915 710 956 744 et
979 699 1251 745 retractanda
1283 699 1456 758 grandis
1480 715 1570 744 me-

184 768 331 811 moriae
366 766 582 823 recessus,
621 779 665 813 et
695 771 839 815 nescio
873 771 949 831 qui
972 773 1123 816 secreti
1161 780 1290 831 atque
1327 771 1570 816 ineffabiles

182 838 300 881 sinus
332 839 451 898 ejus,
492 854 591 898 quae
626 841 770 885 omnia
799 842 886 885 suis
913 858 1101 901 quaeque
1133 841 1301 886 foribus
1326 841 1489 886 intrant
1512 842 1567 885 ad

183 923 278 952 eam
299 944 309 963 ‚
342 918 385 952 et
412 919 685 968 reponuntur
706 912 750 955 in
773 927 837 956 ea.
877 916 964 958 Nec
995 913 1086 972 ipsa
1108 922 1253 958 tamen
1275 912 1441 956 intrant
1458 947 1468 967 ‚
1494 911 1570 956 sed

183 994 329 1022 rerum
367 994 589 1024 sensarum
621 981 827 1041 imagines
861 981 947 1027 illic
984 992 1141 1042 praesto
1174 992 1275 1027 sunt
1313 982 1570 1041 cogitationi

184 1050 473 1094 reminiscenti
495 1067 579 1095 eas.
606 1056 711 1105 Quae
732 1053 955 1113 quomodo
982 1053 1203 1098 fabricatae
1221 1054 1307 1098 sint
1323 1053 1422 1112 quis
1446 1052 1567 1108 dicit,

182 1135 284 1164 cum
303 1131 507 1179 appareat
529 1122 690 1181 quibus
719 1124 914 1169 sensibus
944 1133 1078 1184 raptae
1101 1126 1186 1169 sint
1208 1123 1475 1183 interiusque
1499 1138 1570 1166 re-

182 1191 401 1235 conditae?
431 1194 540 1237 Nam
575 1201 618 1237 et
654 1194 699 1236 in
722 1195 911 1239 tenebris
936 1205 1066 1254 atque
1087 1195 1133 1238 in
1156 1194 1329 1239 silentio
1352 1195 1458 1238 dum
1496 1194 1571 1237 ha-

182 1260 296 1315 bito,
317 1262 362 1304 in
384 1263 591 1307 memoria
613 1279 707 1307 mea
727 1265 902 1323 profero
925 1265 958 1309 si
981 1264 1079 1309 volo
1097 1264 1285 1318 colores,
1309 1273 1352 1308 et
1371 1264 1571 1308 discerno

181 1331 294 1374 inter
312 1331 462 1375 album
485 1341 527 1375 et
547 1333 720 1391 nigrum
738 1369 749 1388 ,
774 1343 817 1378 et
838 1334 951 1378 inter
972 1350 1082 1394 quos
1106 1334 1209 1379 alios
1236 1333 1336 1378 volo
1358 1354 1366 1378 :
1393 1349 1473 1377 nec
1495 1333 1566 1376 in-

181 1411 364 1445 currunt
386 1402 479 1446 soni
503 1411 634 1462 atque
654 1404 930 1463 perturbant,
956 1405 1076 1464 quod
1099 1420 1174 1464 per
1191 1403 1340 1448 oculos
1363 1404 1568 1447 haustum

180 1471 406 1517 considero
422 1488 522 1517 cum
539 1483 582 1517 et
598 1474 679 1533 ipsi
695 1474 756 1518 ihi
779 1475 879 1529 sint,
900 1484 944 1519 et
965 1476 1087 1535 quasi
1109 1490 1300 1519 seorsum
1317 1474 1491 1533 repositi
1505 1475 1570 1518 la-

183 1553 315 1588 teant.
342 1546 451 1589 Nam
473 1553 515 1587 et
538 1546 649 1603 ipsos
677 1560 808 1603 posco
831 1546 863 1588 si
897 1545 1066 1604 placet,
1093 1554 1224 1604 atque
1253 1543 1412 1589 adsunt
1432 1543 1564 1589 illico.

181 1617 236 1657 Et
270 1615 517 1673 quiescente
552 1614 698 1673 lingua
734 1631 782 1660 ac
805 1614 956 1660 silente
986 1625 1163 1674 gutture
1185 1624 1314 1660 canto
1355 1625 1570 1675 quantum

179 1684 301 1739 volo,
327 1686 622 1744 imaginesque
639 1685 725 1729 illae
747 1686 943 1731 colorum
966 1702 1066 1746 quae
1082 1686 1366 1731 nihilominus
1391 1686 1451 1729 ibi
1469 1695 1571 1730 sunt

179 1771 268 1800 non
289 1771 331 1799 se
348 1756 634 1815 interponunt
652 1792 661 1810 ‚
691 1773 833 1816 neque
850 1757 1195 1817 interrumpunt,
1222 1773 1323 1802 curn
1342 1758 1570 1802 thesaurus

180 1826 287 1870 alius
316 1836 573 1871 retractatur
596 1828 669 1887 qui
693 1828 868 1872 influxit
891 1829 945 1872 ab
970 1829 1162 1872 auribus.
1193 1832 1258 1872 Ita
1288 1838 1443 1872 caetera
1471 1844 1571 1887 quae

180 1913 256 1957 per
277 1913 425 1942 sensus
455 1908 632 1943 caeteros
647 1900 818 1957 *ingesta
849 1909 980 1960 atque
1003 1909 1206 1958 congesta
1230 1909 1330 1944 sunt
1367 1901 1571 1944 recordor

179 1978 309 2027 prout
325 1969 456 2013 libet:
477 1979 519 2013 et
541 1985 690 2013 auram
706 1969 897 2014 liliorum
920 1970 1119 2014 discerno
1142 1986 1165 2014 a
1188 1970 1310 2014 violis
1331 1969 1439 2013 nihil
1462 1970 1569 2014 olfa-

179 2039 296 2082 ciens
317 2061 328 2095 3
353 2049 395 2083 et
418 2038 502 2083 mel
533 2039 587 2084 de
608 2038 752 2093 fruto,
779 2040 877 2083 lene
909 2055 1059 2098 aspero
1087 2039 1195 2083 nihil
1225 2049 1330 2083 tunc
1352 2040 1568 2098 gustando

179 2124 323 2168 neque
345 2111 656 2154 contrectando
673 2145 683 2163 ,
704 2109 778 2153 sed
797 2109 1115 2153 reminiscendo
1134 2118 1367 2168 antepono.

239 2181 356 2222 XIV.
386 2182 508 2223 Intus
532 2180 623 2223 haec
647 2195 727 2238 ago
746 2180 791 2222 in
808 2179 905 2223 aula
924 2179 1091 2237 ingenti
1111 2180 1331 2223 memoriae
1355 2195 1474 2223 meae.
1500 2180 1566 2224 Ibi

179 2250 295 2292 enim
317 2249 424 2292 mihi
445 2248 604 2293 coelum
627 2259 670 2293 et
692 2259 803 2293 terra
824 2258 866 2293 et
889 2265 1004 2293 mare
1022 2258 1180 2308 praesto
1201 2259 1317 2304 sunt,
1344 2265 1443 2294 cum
1468 2265 1564 2294 om-

179 2318 306 2362 nibus
336 2335 434 2378 quae
464 2320 509 2362 in
538 2320 597 2362 eis
633 2319 791 2363 sentire
821 2319 966 2377 potui,
992 2328 1156 2378 praeter
1171 2319 1242 2363 illa
1266 2335 1366 2379 quae
1403 2320 1565 2364 oblitus

180 2403 291 2432 sum.
333 2389 399 2431 Ibi
432 2398 473 2432 et
508 2389 599 2447 ipse
633 2389 739 2432 mihi
777 2404 985 2443 occurro,
1029 2405 1186 2449 meque
1220 2389 1389 2445 recolo,
1426 2389 1561 2450 quid,

181 2458 358 2518 quando
375 2494 385 2513 ‚
415 2468 457 2503 et
492 2460 567 2503 ubi
597 2460 754 2517 egerim
772 2495 782 2515 ‚
809 2476 986 2520 quoque
1018 2461 1150 2504 modo
1179 2477 1277 2505 cum
1303 2476 1473 2520 agerem
1496 2459 1564 2505 af-

187 2528 321 2574 fectus
344 2528 515 2573 fuerim.
542 2530 609 2574 Ibi
633 2540 735 2574 sunt
757 2531 900 2575 omnia
923 2546 1022 2590 quae
1040 2531 1127 2576 sive
1148 2541 1319 2590 experta
1344 2547 1365 2576 a
1387 2546 1456 2575 me
1477 2532 1564 2576 sive
