1871 3162
212 190 232 226 4
247 192 292 227 18
645 204 673 226 s.
712 200 940 226 AUGcsTrm
974 200 1154 225 muscom

208 274 324 308 certa
357 273 400 308 et
422 273 582 307 aeterna
605 263 878 323 requirenda.
904 266 997 308 Hoc
1029 263 1161 318 facio,
1187 266 1312 307 Pater
1329 297 1339 317 ,
1380 263 1482 322 quia
1503 263 1586 306 hoc

209 335 347 379 solum
371 335 492 388 novi,
515 333 590 377 sed
619 334 735 377 unde
757 334 810 376 ad
842 343 884 376 te
906 334 1184 392 perveniatur
1203 333 1371 391 ignoro.
1397 335 1461 376 Tu
1483 333 1589 376 mihi

209 420 415 464 suggere,
443 414 489 448 tu
510 404 688 448 ostende
703 439 713 457 ‚
736 413 784 447 tu
807 404 1014 447 viaticum
1036 404 1198 463 praebe.
1224 404 1267 448 Si
1287 401 1373 446 fide
1406 412 1448 446 te
1470 403 1590 446 inve-

208 477 360 530 niunt,
385 474 461 534 qui
482 474 536 518 ad
558 483 600 517 te
623 473 875 532 refugiunt,
901 474 1034 517 fidem
1067 474 1123 517 da
1150 493 1159 517 :
1183 473 1218 517 si
1235 473 1396 517 virtute
1415 506 1426 528 ‚
1450 472 1590 517 virtu-

208 556 296 590 tem
331 565 339 590 :
364 545 399 589 si
434 544 634 599 scientia,
673 544 911 587 scientiam.
950 545 1072 600 Auge
1105 543 1150 586 in
1181 558 1251 586 me
1286 542 1416 585 fidem
1435 576 1447 596 ‚
1484 555 1592 598 auge

210 631 330 676 spem
347 651 359 672 ,
383 630 492 673 auge
513 615 783 659 charitatem.
810 615 847 657 O
869 611 1127 657 admiranda
1143 621 1186 656 et
1214 611 1443 670 singularis
1463 611 1592 656 boni-

212 697 276 731 tas
298 696 373 730 tua
392 686 401 728 ἔ

263 759 339 799 VI.
363 754 433 798 Ad
454 763 497 798 te
521 753 667 797 ambio
683 787 694 806 ‚
719 762 762 796 et
783 753 942 812 quibus
973 752 1104 797 rebus
1135 751 1190 795 ad
1215 760 1257 795 te
1282 751 1501 794 ambiatur
1518 784 1529 805 ,
1570 765 1593 794 a

209 835 252 870 te
272 839 446 868 rursum
462 833 580 882 peto.
609 825 675 866 Tu
691 823 807 866 enim
829 824 863 866 si
881 822 1041 866 deseris
1056 857 1067 877 ,
1088 823 1255 882 peritur
1278 841 1287 865 ι
1313 820 1390 865 sed
1411 836 1497 865 non
1519 820 1595 863 de-

210 897 328 950 seris,
344 894 446 954 quia
467 903 516 937 tu
531 908 574 936 es
595 907 815 936 summum
842 893 1026 947 bonum,
1051 892 1171 951 quod
1192 907 1320 936 nemo
1338 901 1454 935 recte
1475 906 1597 951 quae-

211 966 337 1020 sivit,
364 974 408 1008 et
439 964 616 1007 minime
651 962 833 1006 invenit.
868 963 1022 1007 Omnis
1052 971 1197 1006 autem
1219 970 1334 1006 recte
1373 961 1592 1020 quaesivit,

212 1051 344 1097 quern
365 1045 416 1080 tu
438 1044 553 1079 recte
585 1048 780 1093 quaerere
802 1032 957 1078 fecisti.
980 1036 1066 1077 Fac
1088 1048 1182 1088 me,
1216 1036 1342 1077 Pater
1360 1067 1370 1086 ‚
1403 1046 1597 1091 quaerere

211 1117 280 1162 te,
305 1105 478 1150 vindica
511 1118 580 1147 me
607 1103 663 1147 ab
695 1117 838 1146 errore
865 1122 874 1147 ι
900 1104 1115 1162 quaerenti
1143 1112 1186 1146 te
1208 1102 1313 1145 mihi
1346 1100 1456 1145 nihil
1478 1099 1596 1144 aliud

214 1192 293 1237 pro
330 1185 373 1220 te
401 1184 615 1219 occurrat.
642 1173 683 1216 Si
716 1173 825 1216 nihil
848 1172 968 1217 aliud
1005 1172 1204 1216 desidero
1223 1186 1355 1231 quam
1378 1180 1420 1214 te
1436 1205 1446 1224 ,
1473 1170 1595 1214 inve-

213 1248 330 1292 niam
351 1255 394 1290 te
421 1247 510 1305 jam
532 1259 681 1303 quaeso
698 1280 710 1299 ,
730 1248 871 1289 Pater.
901 1243 945 1287 Si
970 1252 1115 1287 autem
1144 1251 1207 1286 est
1228 1243 1272 1285 in
1295 1257 1364 1284 me
1387 1240 1598 1300 superflui

215 1317 398 1375 alicujus
420 1314 627 1373 appetitio
645 1348 656 1369 ,
681 1323 730 1357 tu
753 1315 844 1373 ipse
867 1327 935 1356 me
958 1311 1138 1366 munda,
1164 1321 1207 1355 et
1227 1311 1296 1356 fac
1318 1311 1526 1354 idoneum
1544 1309 1598 1353 ad

215 1386 454 1432 videndum
478 1395 534 1428 te.
557 1387 773 1429 Caeterum
797 1385 852 1427 de
875 1383 1012 1427 salute
1032 1384 1160 1441 hujus
1192 1381 1384 1425 mortalis
1406 1380 1598 1438 corporis

216 1457 329 1510 mei,
355 1454 553 1515 quandiu
573 1455 717 1499 nescio
752 1452 861 1512 quid
893 1453 998 1495 mihi
1036 1467 1089 1495 ex
1125 1466 1176 1493 eo
1195 1451 1303 1493 utile
1326 1450 1406 1503 sit,
1450 1449 1519 1493 vel
1542 1450 1600 1492 eis

219 1540 328 1587 quos
351 1525 499 1580 diligo,
517 1525 597 1565 tibi
619 1524 728 1566 illud
745 1522 986 1574 committo,
999 1523 1125 1563 Pater
1142 1519 1451 1577 sapientissime
1470 1528 1600 1578 atque

221 1595 384 1655 optime
399 1627 409 1647 ‚
441 1602 483 1635 et
504 1607 584 1650 pro
610 1606 662 1634 eo
684 1589 803 1649 quod
826 1589 880 1632 ad
901 1598 1072 1647 tempus
1095 1588 1372 1632 admonueris
1394 1588 1602 1646 depreca-

218 1667 300 1710 bor
325 1683 334 1708 :
362 1670 531 1706 tantum
555 1676 630 1704 oro
652 1658 1053 1703 excellentissimam
1077 1657 1353 1701 clementiam
1378 1666 1498 1700 tuam
1516 1691 1527 1712 ,
1552 1666 1601 1700 ut

220 1750 290 1779 me
316 1732 487 1792 penitus
510 1729 563 1773 ad
584 1739 627 1772 te
648 1736 871 1772 convertas
888 1762 898 1781 ‚
924 1725 1123 1786 nihilque
1140 1726 1249 1769 mihi
1268 1741 1510 1785 repugnare
1531 1726 1600 1770 fa-

218 1805 303 1850 cias
326 1799 523 1846 tendenti
545 1798 600 1842 ad
616 1808 679 1853 te,
694 1798 935 1857 jubeasque
956 1811 1026 1839 me
1049 1795 1156 1840 dum
1177 1797 1260 1841 hoc
1282 1796 1426 1855 ipsum
1445 1811 1601 1855 corpus

219 1890 301 1934 ago
324 1882 455 1932 atque
486 1880 636 1930 porto,
668 1883 852 1929 purum,
884 1867 1207 1924 magnanimum
1225 1902 1236 1922 ⁷
1271 1868 1438 1927 justum
1456 1902 1468 1921 ,
1494 1882 1600 1926 pru-

218 1945 482 2001 dentemque
504 1956 615 1995 esse,
654 1938 987 1998 perfectumque
1015 1945 1252 1980 amatorem
1279 1946 1601 1996 perceptorem-

215 2029 302 2075 que
323 2011 544 2071 sapientiae
566 2019 654 2053 tuae
672 2044 682 2063 ‚
716 2018 759 2052 et
780 2008 961 2065 dignum
985 2007 1255 2050 habitatione
1273 2017 1404 2067 atque
1427 2007 1600 2051 habita-

220 2096 359 2130 torem
375 2081 610 2128 beatissimi
630 2080 751 2138 regni
774 2079 839 2123 tui
866 2097 874 2122 ε
902 2092 1044 2121 amen.
1069 2079 1225 2120 Amen.
