1871 3162
253 233 340 270 210
678 241 711 271 s.
747 244 977 272 aucvs‘nm
1011 244 1196 270 emscom

238 321 341 350 cum
364 307 514 366 populi
537 307 844 351 tumultuantis
866 307 1036 352 laetitiae-
1060 321 1234 351 causam
1253 306 1479 366 quaesisset
1500 314 1630 365 atque

236 376 439 432 audisset,
461 377 638 432 exilivit,
659 392 799 436 eoque
822 393 865 421 se
890 387 939 421 ut
955 377 1151 431 duceret,
1176 391 1303 420 suum
1326 375 1484 420 ducem
1503 391 1631 434 roga-

233 447 310 492 vit.
331 450 429 500 Quo
444 448 681 506 perductus
697 447 946 505 impetravit
961 446 1149 501 admitti,
1169 457 1218 490 ut
1239 446 1415 490 sudario
1433 454 1631 503 tangeret

233 516 443 562 feretrum
463 518 658 576 pretiosae
678 517 723 561 in
741 526 982 576 conspectu
997 526 1076 561 tuo
1092 518 1241 561 mortis
1259 526 1509 560 sanctorum
1530 525 1630 559 tuo·

232 590 374 631 rum1.
402 586 532 640 Quod
568 587 643 631 ubi
673 586 794 642 fecit,
831 596 964 647 atque
998 588 1192 631 admovit
1219 586 1372 640 oculis,
1398 586 1629 630 confestim

234 658 371 717 aperti
403 666 519 701 sunt.
546 655 655 701 Inde
692 657 808 702 {ama
841 657 1102 713 discurrens,
1132 657 1234 701 inde
1257 656 1408 701 laudes
1429 666 1517 700 tuae
1539 656 1630 700 fer-

229 737 377 772 ventes
407 727 620 780 lucentes,
645 728 749 773 inde
778 728 920 773 illius2
949 729 1136 773 inimicae
1160 728 1331 772 animus
1353 727 1433 771 etsi
1455 726 1511 771 ad
1532 741 1630 771 cre-

230 798 363 841 dendi
393 799 621 842 sanitatem
644 814 734 843 non
755 797 1002 858 ampliatus,
1024 814 1047 842 a
1064 798 1357 858 persequendi
1381 807 1528 841 tamen
1549 796 1630 840 fu-

229 882 325 911 rore
347 883 617 927 compressus
636 878 714 912 est.
731 869 898 912 Gratias
923 869 1015 923 tibi,
1038 871 1148 912 Deus
1169 883 1303 912 meus.
1330 866 1458 911 Unde
1478 875 1521 910 et
1539 882 1629 926 quo

230 938 391 981 duxisti
409 939 753 982 recordationem
777 953 936 993 meam,
962 947 1012 982 ut
1031 939 1125 982 haec
1149 939 1279 982 etiam
1297 937 1529 982 confiterer
1548 936 1630 980 tibi

227 1023 327 1066 quae
352 1023 508 1067 magna
530 1008 693 1052 oblitus
717 1008 1042 1067 praeterieram?
1072 1011 1128 1052 Et
1158 1016 1304 1052 tamen
1329 1016 1437 1051 tunc
1452 1021 1550 1050 cum
1570 1006 1628 1050 ita

229 1076 440 1137 fragraret
454 1078 560 1123 odor
570 1088 896 1137 unguentorum
915 1088 1112 1133 tuorum,
1131 1094 1220 1123 non
1236 1077 1518 1133 currebamus
1532 1085 1629 1136 post

229 1150 315 1202 te³‚
341 1158 384 1192 et
406 1147 504 1192 ideo
524 1148 619 1207 plus
642 1149 802 1192 flebam
824 1149 938 1192 inter
957 1149 1129 1193 cantica
1148 1150 1415 1207 hymnorum
1431 1158 1625 1202 tuorum,

230 1219 335 1263 olim
365 1219 582 1279 suspirans
616 1219 712 1273 tibi,
741 1229 783 1263 et
816 1219 992 1263 tandem
1015 1219 1245 1279 respirans,
1271 1228 1486 1280 quantum
1509 1227 1628 1278 patet

235 1305 342 1334 aura
359 1289 406 1333 in
425 1289 558 1334 domo
576 1288 737 1334 foenea.

241 1458 379 1474 &&&&&
380 1458 1152 1476 mmmmsmwnmwmmwmm
1156 1458 1424 1475 mmmm
1428 1459 1630 1475 mmmmtwtx

732 1594 948 1641 CAPUT
992 1595 1131 1641 VIII.

227 1747 407 1794 Evoda‘c·
430 1751 689 1794 conversio.
728 1749 909 1794 Matris
942 1747 1098 1793 obitas
1110 1784 1126 1805 ,
1160 1749 1358 1809 ejusque
1388 1765 1421 1793 a
1447 1748 1623 1793 teneris

725 1820 867 1864 annis
890 1817 1128 1866 educatio.

283 1980 425 2022 XVII.
447 1980 533 2031 Qut
554 1979 751 2023 habitare
767 1979 870 2023 Iacis
901 1981 1128 2024 unanimes
1161 1982 1209 2023 in
1247 1980 1408 2025 domo4
1426 2016 1437 2036 ,
1463 1998 1622 2028 conso-

225 2048 347 2093 ciasti
375 2049 502 2093 nobis
535 2058 578 2093 et
610 2048 827 2094 Evodium
858 2051 1067 2109 juvenem
1096 2065 1147 2093 ex
1179 2059 1328 2095 nostro
1363 2053 1618 2112 municipio.

224 2121 426 2173 Quicum
449 2136 579 2179 agens
601 2121 647 2165 in
670 2122 798 2165 rebus
822 2121 1046 2176 militaret,
1072 2122 1190 2181 prior
1212 2123 1338 2166 nobis
1368 2123 1423 2167 ad
1447 2133 1490 2168 te
1511 2140 1620 2168 con-

223 2207 370 2236 versus
391 2200 519 2235 estet
556 2193 822 2251 baptizatus,
848 2202 891 2236 et
914 2192 1063 2237 relicta
1098 2192 1248 2237 militia
1282 2194 1505 2250 saeculari,
1546 2211 1618 2240 ac-

221 2263 388 2307 cinctus
417 2263 461 2306 in
497 2272 586 2305 tua.
624 2263 758 2307 Simul
784 2279 981 2317 eramus,
1019 2263 1147 2307 simul
1183 2265 1422 2308 habitaturi
1456 2265 1616 2323 placito

221 2343 385 2377 sancto.
426 2334 738 2387 Quaerebamus
762 2334 962 2393 quisnam
994 2333 1115 2378 locus
1150 2350 1227 2378 nos
1254 2335 1401 2379 utilius
1434 2336 1616 2382 haberet

221 2403 452 2453 servientes
482 2403 560 2447 tibi
579 2425 590 2459 3
609 2405 769 2462 pariter
792 2405 1090 2447 remeabamus
1123 2404 1168 2447 in
1194 2404 1401 2449 Africam.
1427 2408 1483 2449 Et
1511 2422 1612 2450 cum

232 2473 349 2530 apud
372 2474 477 2516 ostia
499 2474 700 2516 Tiberina
722 2488 908 2517 essemus
927 2508 937 2528 ,
973 2483 1109 2517 mater
1135 2472 1343 2519 defuncta
1366 2485 1443 2519 est.
1478 2476 1615 2520 Multa

276 2577 282 2591 ¹
306 2572 326 2599 P
353 2570 380 2601 al
416 2581 487 2609 cxv,
519 2571 568 2601 15.
603 2587 629 2592 -
651 2578 661 2591 ²
678 2572 817 2602 Justinae.
839 2588 878 2593 -
901 2570 913 2592 ³
933 2573 1022 2604 Cant.
1043 2583 1064 2610 1,
1088 2572 1114 2602 3.
1139 2589 1180 2594 --
1203 2572 1212 2599 3
1233 2573 1310 2604 Psat
1333 2584 1427 2613 van,
1450 2584 1478 2614 7.
