1871 3162
233 190 313 228 384
661 206 692 229 s.
730 202 960 231 Aueusnm
995 204 1177 231 EPISCOPI

229 265 299 308 ille
333 266 688 324 prudentissimus
725 282 870 311 servus
903 277 1005 311 tuus
1039 283 1130 312 non
1164 269 1304 326 potuit
1340 268 1461 328 loqui
1488 272 1611 329 quasi

228 336 508 395 spiritalib'us,
528 337 603 381 sed
625 339 748 397 quasi
769 338 1014 382 carnalibus
1032 341 1061 392 ¹,
1086 338 1162 383 ille
1179 340 1255 398 qui
1272 340 1523 399 sapientiam
1546 341 1613 386 lo—

227 408 377 466 quitur
410 408 523 453 inter
556 409 769 467 perfectos
782 412 814 451 2.
841 409 1051 453 Animalis
1079 420 1225 454 autem
1249 411 1382 455 homo
1402 419 1613 470 tanquam

226 478 431 536 parvulus
451 479 495 523 in
518 478 689 524 Christo
710 478 920 538 laetisque
937 488 1123 539 potator,
1144 479 1285 525 donec
1308 483 1540 527 roboretur
1558 482 1613 525 ad

225 548 413 593 solidum
449 549 617 605 cibum,
657 559 701 594 et
723 550 858 595 aciem
880 551 1025 594 firmet
1045 551 1101 595 ad
1123 551 1222 596 solis
1250 561 1487 611 aspectum,
1524 567 1615 597 non

228 620 389 664 habeat
409 620 625 664 desertam
647 629 820 665 noctem
843 636 981 675 suam,
1007 620 1082 665 sed
1104 620 1203 665 luce
1225 621 1344 666 lunae
1366 621 1614 667 stellarum-

227 706 312 750 que
339 698 570 734 contentus
598 691 666 733 sit.
692 693 796 735 Haec
823 691 1050 736 nobiscum
1072 691 1282 751 disputas,
1307 693 1614 752 sapientissime

228 764 340 804 Deus
362 769 521 814 noster,
544 760 591 803 in
610 759 724 805 libro
741 770 818 805 tuo
834 762 1107 807 firmamento
1125 771 1218 817 tuo,
1244 772 1293 807 ut
1315 762 1612 808 discernamus

227 830 371 875 omnia
388 829 757 889 contemplatione
774 832 976 886 mirabili,
992 834 1186 892 quamvis
1202 833 1347 878 adhuc
1360 853 1380 875 «
1399 837 1451 878 In
1464 833 1611 892 signis,

230 919 250 943 »
277 909 320 944 et
337 900 383 944 in
399 900 686 959 temporibus,
706 902 807 945 etin
820 901 991 958 diebus,
1007 903 1107 947 etin
1122 904 1260 948 annis.
1280 923 1300 945 »

315 1103 329 1117 x
333 1102 360 1117 §5
366 1104 377 1118 ἱ
381 1103 412 1119 §A
416 1103 429 1118 ἱ
436 1103 504 1118 ΙΝ
512 1102 579 1118 tm
583 1103 721 1119 ἉΜΝἊΨ
726 1103 1002 1119 wwmxwvm>ww
1006 1103 1069 1119 ννὶἱ
1073 1103 1282 1119 UVVQWWVVW
1286 1104 1351 1120 Nm
1357 1104 1424 1121 VBM*
1428 1103 1496 1119 Μ
1500 1103 1602 1119 mx!-

708 1261 922 1310 CAPUT
962 1263 1022 1308 X}
1034 1263 1093 1308 Χ.

290 1430 459 1471 Tractat
478 1425 681 1471 eumdem
699 1426 981 1472 versiculum:
1000 1426 1053 1471 F
1051 1428 1155 1471 iant
1172 1425 1447 1482 luminaria,
1464 1436 1550 1472 etc.

288 1598 446 1639 xxiv.
485 1599 568 1640 SED
593 1596 711 1655 prius
734 1596 955 1650 lavamini,
982 1595 1135 1639 mundi
1158 1604 1320 1642 estote;
1345 1594 1511 1639 auferte
1534 1611 1611 1639 ne-

229 1667 411 1725 quitiam
446 1667 501 1709 ab
531 1667 683 1710 animis
720 1666 885 1720 vestris,
925 1675 1056 1724 atque
1078 1682 1101 1709 a
1123 1674 1358 1725 conspectu
1386 1665 1614 1710 oculorum

229 1753 441 1791 meorum,
468 1747 517 1780 ut
535 1756 554 1779 «
571 1741 787 1796 Appareat
805 1736 972 1780 arida.»
992 1736 1148 1780 Discite
1168 1738 1333 1781 bonum
1355 1737 1512 1792 facere,
1540 1738 1614 1797 ju-

230 1807 370 1853 dicate
391 1805 575 1866 pupillo,
599 1816 642 1850 et
659 1807 890 1866 justificate
915 1805 1092 1850 viduam
1111 1825 1120 1851 2
1145 1825 1164 1847 «
1190 1809 1244 1850 Ut
1267 1807 1479 1865 germinet
1502 1817 1615 1850 terra

233 1897 252 1919 »
290 1879 467 1921 herbam
489 1877 640 1937 pabuli
663 1886 705 1921 et
728 1877 895 1936 lignum
918 1876 1192 1921 fructiferum
1212 1897 1219 1922 :
1244 1897 1262 1919 »
1283 1888 1324 1922 et
1353 1878 1497 1922 venite
1526 1878 1615 1922 dis·

231 1959 448 2009 putemus,
475 1950 581 1993 dicit
599 1949 834 1993 Dominus:
860 1968 877 1989 «
901 1951 956 1992 Ut
987 1949 1093 1992 fiant
1121 1949 1350 1993 luminaria
1385 1950 1429 1993 in
1467 1950 1615 1993 firma-

233 2039 252 2061 »
289 2030 436 2065 mento
458 2019 573 2074 coeli,
600 2030 643 2064 et
663 2019 837 2064 luceant
859 2035 987 2078 super
1009 2029 1180 2063 terram.
1205 2038 1223 2060 »
1241 2021 1474 2072 Quaerebat
1496 2020 1614 2064 dives

230 2090 303 2134 ille
323 2107 343 2134 a
363 2091 566 2149 magistro
590 2091 720 2145 bono,
747 2090 854 2148 quid
876 2090 1036 2133 faceret
1056 2098 1104 2132 ut
1126 2089 1259 2133 vitam
1281 2098 1487 2133 aeternam
1505 2105 1612 2134 con-

231 2170 484 2221 sequeretur
501 2181 508 2206 :
535 2161 649 2205 dicat
667 2161 704 2204 ei
723 2160 924 2219 magister
942 2160 1100 2214 bonus,
1120 2174 1250 2218 quem
1268 2161 1452 2218 putabat
1471 2160 1615 2205 homi-

231 2248 346 2286 nem,
382 2241 424 2275 et
457 2231 562 2274 nihil
585 2231 796 2289 amplius,
822 2231 962 2274 bonus
983 2238 1046 2273 est
1069 2237 1229 2284 autem,
1253 2229 1354 2288 quia
1379 2233 1491 2274 Deus
1519 2239 1609 2275 est:

232 2303 347 2347 dicat
369 2303 407 2346 ei
429 2312 478 2346 ut
499 2303 531 2346 si
552 2302 647 2346 vult
667 2301 812 2345 venire
830 2300 885 2344 ad
902 2301 1051 2355 vitam,
1076 2308 1214 2344 servet
1237 2300 1441 2346 mandata
1461 2321 1468 2346 :
1489 2317 1614 2361 sepa·-

232 2382 351 2431 paret
372 2389 395 2416 a
416 2388 459 2417 se
493 2370 825 2416 amaritudinem
858 2370 1030 2414 malitiae
1071 2379 1202 2432 atque
1243 2371 1478 2431 nequitiae,
1523 2386 1612 2415 non

231 2443 414 2499 occidat,
448 2459 537 2489 non
558 2442 820 2497 moechetur,
857 2456 946 2486 non
975 2440 1161 2495 furetur,
1197 2455 1285 2488 non
1307 2440 1465 2486 falsum
1489 2442 1609 2487 testi-

280 2545 286 2561 ¹
311 2550 319 2570 ι
346 2541 418 2570 Cor.
435 2550 480 2580 ιιι,
507 2550 591 2572 1.-·
616 2539 745 2578 ²1d.11‚
761 2537 793 2569 6.
