1871 3162
566 224 913 261 CONFESSIONUM‚
949 224 1030 250 Lm.
1069 224 1129 249 x1.
1443 212 1525 249 319

148 397 225 414 ΜΜΙ
230 397 352 414 mm
356 397 422 414 mn
426 396 563 414 1ΜΙΛΙῊΚΝΙΙΛ
567 397 635 413 Μννὶ
639 397 771 412 nnn-§mvn
776 395 842 412 vm
846 391 1461 415 mmxwmfkuwmoevmwwmmwi1um
1466 392 1528 407 νυνὶ

574 528 790 578 CAPUT
833 529 1071 578 XXVIII.

495 686 675 730 Animo
693 689 914 730 metimur
935 693 1170 743 tempora.

199 844 427 887 XXXVII.
448 845 531 888 SED
550 841 773 902 quomodo
785 843 998 886 minuitur
1011 850 1085 886 aut
1099 840 1299 885 consumi
1312 848 1379 884 tur
1400 837 1525 882 futu-a

144 929 257 969 rum,
275 914 395 974 quod
411 913 609 959 nondum
625 916 715 958 est?
731 917 818 959 Aut
840 914 1063 973 quomodo
1084 912 1237 957 crescit
1259 910 1530 970 praeteritum

142 983 261 1044 quod
279 986 373 1044 Jam‘
393 999 482 1028 non
515 993 577 1028 est
594 1019 605 1040 ‚
631 985 711 1028 nisi
733 984 837 1044 quia
858 984 903 1028 in
926 983 1072 1027 animo
1095 983 1171 1042 qui
1194 981 1306 1026 illud
1339 981 1428 1040 agit
1450 980 1530 1023 tria
1557 980 1619 1019 if

143 1057 275 1100 sunt?
292 1058 401 1102 Nam
424 1066 468 1100 et
487 1065 687 1116 expectat
709 1064 752 1099 et
775 1055 963 1100 attendit
977 1064 1020 1099 et
1039 1054 1258 1107 meminit,
1279 1061 1329 1097 ut
1351 1053 1397 1096 id
1414 1050 1535 1111 quod.

145 1135 363 1186 expectat,
389 1142 465 1186 per
487 1127 530 1170 id
556 1126 676 1187 quod
699 1126 885 1170 attendit
902 1160 912 1180 ‚
938 1134 1126 1169 transeat
1146 1125 1193 1168 in
1217 1123 1263 1167 id
1297 1121 1418 1183 quod
1440 1137 1534 1166 me-

145 1197 333 1241 minerit.
350 1198 452 1250 Quis
468 1197 600 1256 igitur
618 1205 747 1255 negat
765 1195 914 1240 futura
932 1195 1132 1241 nondum
1151 1195 1265 1239 esse?
1284 1193 1369 1239 Sed
1388 1202 1536 1237 tamen

139 1268 229 1327 jam
242 1276 306 1312 est
324 1268 372 1312 in
390 1268 537 1313 animo
554 1267 795 1327 expectatio
809 1265 1080 1312 futurorum.
1097 1268 1155 1310 Et
1170 1265 1266 1325 quis
1281 1272 1412 1323 negat
1429 1279 1539 1323 pree-

142 1338 268 1381 terita
285 1338 375 1398 jam
399 1353 488 1383 non
505 1339 624 1382 esse?
649 1338 734 1382 Sed
762 1346 911 1382 tamen
932 1337 1078 1381 adhuc
1100 1345 1164 1380 est
1186 1337 1232 1379 in
1265 1335 1411 1379 animo
1440 1349 1537 1377 me·-

142 1409 279 1452 moria
302 1409 639 1468 praeteritorum.
660 1411 717 1453 Et
736 1409 833 1469 quis
853 1417 981 1466 negat
997 1422 1186 1467 praesens
1203 1415 1375 1466 tempus
1392 1420 1538 1450 carcre

138 1478 300 1537 spatio,
325 1479 428 1538 quia
449 1479 495 1522 in
518 1487 684 1538 puncto
708 1479 932 1538 praeterit?
957 1477 1044 1523 Sed
1065 1487 1215 1522 tamen
1236 1476 1447 1535 perdurat
1470 1485 1539 1520 ata

139 1549 276 1593 tentio
299 1564 376 1608 per
413 1564 544 1608 quam
567 1558 719 1608 pergat
753 1549 902 1593 abesse
935 1548 1057 1608 quod
1096 1546 1248 1591 aderit.
1269 1549 1369 1592 Non
1402 1547 1536 1605 igitur

138 1617 320 1677 longum
341 1628 511 1679 tempus
534 1617 733 1663 futurum
751 1618 872 1679 quod
889 1633 979 1663 non
1002 1627 1089 1672 est,
1110 1616 1187 1662 sed
1203 1617 1387 1675 longum
1408 1615 1533 1661 futun

139 1705 237 1734 rum
259 1680 387 1748 longa
419 1690 660 1749 expectatio
683 1688 821 1734 futuri
843 1698 921 1734 est.
948 1690 1100 1749 Neque
1129 1687 1311 1747 longum
1331 1689 1534 1747 praeteriu

138 1768 233 1804 tum
257 1768 428 1820 tempus
450 1759 570 1820 quod
587 1775 676 1805 non
693 1769 778 1815 est,
804 1759 879 1804 sed
899 1758 1082 1818 longum
1099 1759 1368 1818 praeteritum
1392 1758 1524 1817 longa

139 1831 347 1875 memoria
373 1830 581 1890 praeteriti
608 1839 688 1875 est.
993 1823 998 1828 ⁵

198 1903 449 1945 XXXVIII.
485 1901 688 1946 Dicturus
728 1909 823 1945 tum
850 1900 1068 1944 canticum
1099 1899 1220 1959 quod
1250 1899 1375 1957 novi3
1408 1908 1536 1943 ante-

139 1987 271 2032 quam
294 1972 498 2031 incipiam
514 2008 525 2028 ‚
545 1973 591 2016 in
612 1981 753 2016 totum
791 1971 1031 2030 expectatio
1065 1985 1161 2014 mea
1186 1969 1404 2022 tenditur;
1431 1985 1536 2014 cum

140 2051 285 2086 autem
302 2057 494 2101 coepero,
513 2051 727 2103 quantum
746 2057 798 2086 ex
813 2040 887 2085 illa
902 2042 946 2085 in
965 2040 1235 2100 praeteritum
1254 2041 1530 2100 decerpsero,

139 2112 335 2157 tenditur
361 2112 407 2155 in
430 2112 638 2156 memoria
674 2126 799 2168 mea3
835 2121 966 2171 atque
995 2111 1259 2156 distenditur
1285 2112 1374 2156 vita
1394 2111 1524 2171 hujus

140 2185 318 2228 actionis
336 2199 446 2228 meae
467 2184 512 2228 in
534 2183 809 2237 memoriam‚
836 2191 1013 2242 propter
1034 2182 1154 2242 quod
1183 2183 1292 2240 dixi3
1318 2191 1361 2227 et
1381 2183 1428 2226 in
1449 2197 1525 2226 ex-

139 2255 444 2313 pectationem,
469 2263 648 2314 propter
669 2251 790 2313 quod
804 2251 1000 2297 dicturus
1023 2269 1119 2298 sum
1140 2272 1150 2299 :
1175 2269 1362 2313 praesens
1379 2262 1530 2298 tamen

141 2325 261 2369 adest
283 2326 464 2369 attentio
486 2340 605 2380 mea,
629 2340 707 2384 per
728 2338 859 2384 quam
880 2324 1121 2384 trajiciatur
1149 2324 1271 2384 quod
1291 2333 1383 2369 erat
1400 2323 1526 2369 futu-

139 2411 239 2440 rum
255 2405 305 2440 ut
326 2396 401 2440 fiat
417 2396 703 2455 praeteritum.
727 2393 856 2447 Quod
874 2404 1040 2453 quanto
1061 2395 1201 2453 magis
1222 2396 1365 2453 agitur
1383 2404 1427 2440 et
1443 2395 1532 2454 agi-

141 2477 238 2524 tur,
268 2477 390 2512 tanto
418 2467 620 2512 breviata.
645 2467 944 2526 expectatione
970 2466 1255 2526 prolongatur
1283 2468 1490 2513 memoria
1510 2502 1521 2522 ,

142 2538 282 2584 donec
298 2546 390 2584 tota
411 2537 649 2598 expectatio
670 2536 968 2593 consumatur,
996 2551 1097 2582 cum
1120 2545 1212 2582 tota
1234 2536 1308 2583 illa
1337 2536 1449 2583 actio
1471 2538 1526 2583 fi-
