1871 3162
571 198 918 238 CONFESSIONUM7
953 201 1036 227 Lux.
1074 202 1131 226 v1.
1455 189 1535 225 129

159 280 258 311 rens
272 300 283 321 ‚
306 266 414 327 quid
431 274 598 324 gestum
616 275 726 310 esset
747 265 911 309 audivit
929 285 940 323 3
966 277 1202 323 omnesque
1222 262 1538 306 tumuituantes

159 339 236 397 qui
264 337 442 381 aderant
473 345 517 381 et
549 337 774 381 minaciter
796 335 1029 380 frementes
1057 334 1186 395 jussit
1207 333 1354 377 venire
1374 347 1534 376 secum.

158 410 216 451 Et
234 415 449 453 venerunt
469 406 526 452 ad
547 407 728 452 domum
749 405 866 451 illius
889 406 1173 451 adolescentis
1196 404 1273 463 qui
1299 418 1390 446 rem
1422 417 1541 446 com-

158 478 348 523 miserat.
374 481 487 522 Puer
515 494 618 523 vero
641 488 733 523 erat
759 488 860 524 ante
881 479 1039 522 ostium
1057 512 1067 532 ‚
1099 486 1143 520 et
1163 485 1251 520 tam
1272 488 1430 534 parvus
1452 482 1543 516 erat

157 556 209 591 ut
230 548 342 591 nihil
378 548 532 593 exinde
561 548 740 593 domino
769 564 848 593 suo
870 556 1068 592 metuens
1089 545 1215 591 facile
1236 552 1379 604 posset
1401 552 1542 587 totum

157 617 351 663 indicare
371 637 380 663 :
401 634 501 663 cum
526 634 577 664 eo
598 620 761 679 quippe
783 619 829 663 in
850 618 945 663 foro
967 617 1052 662 fuit
1072 616 1371 676 pedissequus.
1403 617 1544 667 Quem

156 698 438 748 posteaquam
476 690 657 734 recoluit
693 690 874 749 Alypius
889 724 900 744 ‚
940 689 1177 734 architecto
1209 686 1438 731 intimavit.
1485 687 1543 727 At

157 757 233 802 ille
262 761 446 803 securim
476 759 792 804 demonstravit
825 775 984 818 puero,
1020 773 1220 818 quaerens
1253 757 1307 801 ab
1343 771 1394 800 eo
1425 756 1547 814 cujus

157 838 285 873 esset.
313 830 398 882 Qui
422 829 651 875 confestim
680 850 688 875 :
713 833 890 884 Nostra,
911 830 1055 890 inquit
1076 849 1084 874 :
1111 827 1271 873 deinde
1304 827 1546 883 interroga-

157 906 228 943 tus
251 900 421 958 aperuit
444 909 615 945 caetera.
644 901 712 946 Sic
733 901 780 944 in
804 900 924 944 illam
949 899 1128 944 domum
1159 897 1366 943 translata
1389 912 1517 941 causa
1535 931 1545 951 ‚

156 970 439 1031 confusisque
458 971 597 1015 turbis
614 987 716 1031 quae
735 971 789 1015 de
806 970 884 1015 illo
910 971 1179 1030 triumphare
1192 971 1282 1029 jam
1299 977 1546 1027 coeperant,

153 1039 336 1084 ‚futurus
365 1040 637 1100 dispensator
670 1041 793 1086 verbi
827 1041 912 1095 tui,
953 1050 996 1085 et
1028 1040 1266 1085 multarum
1289 1040 1336 1083 in
1357 1038 1550 1083 Ecclesia

156 1117 233 1153 tua
269 1125 499 1155 causarum
546 1111 814 1155 examinator
828 1145 840 1166 ‚
885 1110 1174 1169 experientior
1211 1109 1549 1167 instructiorque

154 1177 365 1225 discessit.

690 1494 905 1543 CAPUT
952 1496 1014 1541 X.

291 1651 370 1698 De
388 1653 664 1715 integritate
683 1653 732 1698 A
737 1650 854 1712 lypz'z'
875 1660 920 1696 et
942 1648 1150 1696 adventu
1170 1648 1413 1697 Nebridii.

218 1811 343 1855 XVI.
376 1814 501 1855 Hunc
528 1826 631 1870 ergo
663 1813 814 1855 Romae
848 1810 1126 1864 inveneram,
1157 1819 1201 1854 et
1226 1810 1408 1854 adhaesit
1440 1809 1547 1853 mihi

146 1879 390 1926 fortissimo
408 1881 602 1937 vinculo,
623 1895 884 1940 mecumque
898 1879 1196 1926 Mediolanum
1215 1880 1436 1940 profectus
1459 1889 1521 1924 est
1535 1915 1545 1935 ,

143 1960 200 1995 ut
222 1967 306 1997 nec
342 1967 413 1996 me
448 1952 691 2006 desereret,
722 1960 766 1995 et
795 1950 851 1994 de
868 1951 965 2010 jure
1000 1950 1121 2010 quod
1148 1949 1359 1995 didicerat
1381 1950 1547 2010 aliquid

145 2032 300 2080 ageret
319 2023 564 2067 secundum
584 2029 739 2066 votum
760 2021 897 2079 magis
919 2030 1150 2079 parentum
1167 2036 1299 2081 quam
1321 2037 1462 2066 suum.
1490 2025 1547 2065 Et

145 2101 215 2138 ter
232 2095 329 2153 jam
359 2093 577 2138 assederat
601 2091 792 2137 mirabili
818 2091 1086 2136 continentia
1119 2092 1306 2147 caeteris,
1337 2107 1438 2136 cum
1473 2092 1545 2136 ille

145 2164 287 2222 magis
307 2164 542 2215 miraretur
564 2179 636 2209 eos
658 2162 735 2223 qui
757 2177 913 2206 aurum
940 2162 1202 2206 innocentiae
1222 2173 1540 2222 praeponerent.

149 2236 339 2279 Tentata
364 2243 431 2278 est
452 2249 632 2295 quoque
654 2234 744 2294 ejus
761 2231 952 2287 indoleS‚
977 2247 1067 2276 non
1088 2232 1229 2277 solum
1250 2233 1455 2280 illecebra
1476 2250 1547 2279 cu-

146 2304 372 2365 piditatis,
397 2304 474 2349 sed
492 2306 622 2349 etiam
645 2302 820 2348 stimulo
843 2302 1023 2346 timoris.
1051 2306 1204 2347 Romae
1226 2304 1441 2348 assidebat
1458 2308 1545 2351 Co-

143 2377 239 2421 miti
267 2375 554 2432 largitionum
585 2374 926 2419 Italicianarum.
953 2375 1057 2416 Erat
1080 2388 1132 2416 eo
1153 2382 1346 2432 tempore
1366 2375 1543 2435 quidam

141 2457 255 2506 potes
266 2447 482 2493 missimus
499 2456 691 2500 senator,
714 2445 837 2504 cujus
861 2453 904 2488 et
924 2444 1138 2488 beneficiis
1152 2445 1348 2490 obstricti
1362 2447 1490 2492 multi
1503 2457 1546 2492 et

142 2526 257 2564 terro
275 2518 313 2562 ri
326 2516 490 2561 subditi
512 2526 650 2563 erant.
667 2515 820 2560 Voluit
835 2514 916 2558 sibi
933 2514 1061 2559 licere
1079 2516 1223 2560 nescio
1239 2516 1346 2575 quid
1361 2533 1410 2561 ex
1426 2534 1546 2563 morc

294 2598 469 2629 cxxxii.
1397 2591 1420 2625 9
