1871 3162
497 268 549 294 nr:
580 267 905 298 cATEcmzANms
938 273 1131 301 nummis.
1412 268 1494 306 543

122 324 327 371 defeceris
345 343 367 371 a
384 329 486 384 fide,
506 346 586 375 nec
608 349 632 376 a
650 333 765 378 bona
785 335 851 377 via
875 335 1124 391 deviaveris,
1149 341 1352 398 majorem
1382 357 1498 386 mer-

121 394 272 439 cedem
291 407 546 457 accepturus
563 417 606 445 es
625 420 634 446 :
659 403 734 461 qui
755 412 902 447 autem
923 405 969 448 in
990 405 1056 449 his
1077 404 1252 452 diabolo
1274 412 1493 466 cesserint,

120 463 249 508 etiam
273 467 482 512 minorem
506 470 710 528 perdunt.
734 473 819 518 Sed
836 474 1009 519 humilis
1022 483 1122 520 -esto
1143 478 1249 531 De0‚
1275 487 1324 523 ut
1344 495 1434 525 non
1454 490 1498 526 te

118 536 341 592 permittat
361 540 516 584 tentari
537 539 651 586 ultra
671 542 782 587 vires
800 553 911 590 tuas,

117 725 468 748 mmmmm

753 734 1494 760 ΜΜΜΜΜΜΜΙἋΜΜΜΜΝΛΜΜ

586 874 802 924 CAPUT
839 879 1020 925 XXVI.

111 1035 333 1082 Initiutio
356 1038 703 1096 catechumeni,
725 1057 833 1087 cum
852 1046 1148 1103 expositione
1163 1049 1425 1108 signorum.
1444 1076 1498 1083 —·

171 1107 341 1154 Sermo
363 1109 650 1168 quandoque
674 1110 861 1157 brevior
880 1112 1199 1160 adhibendus.
1234 1145 1288 1150 —
1319 1118 1503 1178 Incipit

170 1193 326 1224 sermo
338 1178 461 1224 alius
477 1179 670 1225 brevior.
685 1209 739 1215 ——
749 1181 905 1228 Filius
917 1183 1014 1228 Dei
1024 1186 1208 1242 missus,
1228 1197 1279 1232 ut
1290 1203 1320 1232 α
1331 1198 1499 1245 morte,

170 1261 277 1304 quce
290 1265 382 1308 per
396 1248 646 1295 Adamum
663 1252 872 1310 intravit,
900 1253 1227 1303 liberaremur.

168 1420 220 1461 L.
255 1420 334 1464 Hrs
361 1420 486 1465 dictis
510 1421 841 1480 interrogandus
870 1432 934 1467 est
962 1439 1019 1468 an
1044 1425 1140 1469 haec
1162 1426 1326 1482 credat,
1364 1437 1497 1488 atque

109 1479 603 1535 observare⁷'⁷‘desideret.
644 1493 770 1545 Quod
802 1507 902 1537 cum
923 1494 1212 1554 responderit,
1248 1497 1498 1544 solemniter

108 1557 261 1617 utique
283 1558 516 1615 signandus
538 1570 601 1604 est
617 1570 660 1604 et
681 1562 885 1606 Ecclesiae
907 1578 1029 1608 more
1050 1567 1317 1610 tractandus.
1344 1570 1406 1612 De
1427 1584 1498 1614 sa-

107 1636 330 1672 eramento
351 1643 452 1672 sane
465 1632 479 1655 ¹
497 1630 619 1689 quod
636 1631 806 1691 accipit,
829 1647 931 1676 cum
951 1634 989 1676 ei
1010 1633 1122 1677 bene
1143 1636 1497 1681 commendatum

105 1695 254 1752 fuerit,
289 1697 509 1755 signacula
536 1698 712 1755 quidem
736 1713 880 1738 rerum
902 1701 1150 1741 divinarum
1173 1714 1262 1742 esse
1284 1704 1465 1750 visibilia
1481 1741 1493 1760 ‚

106 1767 182 1810 sed
203 1782 269 1811 res
285 1768 398 1825 ipsas
419 1765 651 1809 invisibiles
674 1765 718 1807 in
741 1764 800 1808 eis
822 1765 1050 1822 honorari3
1073 1781 1154 1810 nec
1171 1767 1230 1811 sic
1247 1769 1496 1817 habendam

105 1850 195 1879 esse
227 1835 345 1880 illam
381 1835 567 1894 speciem
600 1832 906 1877 benedictione
928 1835 1255 1891 sanctificatam,
1281 1842 1495 1897 quemad-

103 1904 287 1949 modum
314 1904 502 1949 habetur
528 1904 573 1946 in
596 1919 676 1946 usu
706 1902 930 1961 quolibet:
956 1902 1192 1948 dicendum
1227 1907 1355 1951 etiam
1387 1910 1495 1969 quid

103 1974 317 2033 significet
337 1983 381 2018 et
398 1989 538 2018 sermo
555 1972 628 2016 ille
650 1987 781 2032 quem
805 1973 988 2027 audivit,
1013 1973 1121 2032 quid
1141 1974 1186 2018 in
1202 1974 1277 2020 illo
1297 1978 1489 2036 condiat,

103 2045 227 2102 cujus
244 2044 318 2088 illa
339 2059 404 2088 res
425 2042 754 2087 similitudinem
777 2042 900 2101 gerit.
922 2041 1088 2086 Deinde
1111 2046 1353 2091 monendus
1367 2059 1429 2093 est
1442 2065 1494 2094 ex

103 2114 186 2159 hac
207 2116 446 2168 occasione,
473 2123 524 2157 ut
543 2113 578 2157 si
600 2112 708 2172 quid
724 2112 855 2156 etiam
876 2112 922 2156 in
946 2114 1177 2172 Scripturis
1200 2116 1350 2162 audiat
1369 2120 1491 2178 quod

69 2207 73 2209 ·
106 2183 333 2228 carnaliter
349 2191 488 2236 sonet,
505 2181 672 2226 etiamsi
687 2197 777 2226 non
796 2181 1015 2240 intelligit,
1036 2183 1183 2228 credat
1206 2193 1349 2231 tamen
1366 2190 1491 2247 spiri-

103 2252 187 2297 tale
203 2252 367 2312 aliquid
383 2252 628 2310 significari,
646 2251 766 2311 quod
786 2254 842 2296 ad
859 2261 1028 2297 sanctos
1050 2268 1190 2298 mores
1207 2254 1490 2318 futuramque

103 2323 238 2367 vitam
255 2323 481 2381 pertineat.
498 2325 592 2366 Hoc
607 2330 751 2365 autem
769 2323 827 2366 ita
846 2323 1034 2367 breviter
1053 2323 1193 2379 discit,
1211 2335 1259 2369 ut
1274 2328 1491 2388 quidquid

104 2392 290 2437 audierit
307 2408 358 2436 ex
370 2393 509 2437 Libris
531 2393 748 2437 canonicis
769 2393 890 2452 quod
905 2393 960 2437 ad
981 2393 1258 2439 dilectionem
1278 2401 1490 2444 aeternita-

108 2464 160 2507 tis
181 2471 224 2508 et
240 2463 430 2508 veritatis
451 2472 495 2507 et
516 2462 766 2517 sanctitatiS‚
787 2471 831 2506 et
846 2462 901 2507 ad
923 2462 1202 2508 dilectionem
1225 2468 1406 2525 proximi
1431 2485 1490 2514 re-

160 2563 169 2580 ¹
187 2558 291 2591 Forte
309 2557 390 2591 salis.

1211 2614 1274 2651 35.
