1871 3162
567 223 909 265 CONFESSIONUM,
944 227 1027 254 Lm.
1063 229 1160 254 vm.
1454 219 1534 258 173

156 291 378 335 liarissime
409 300 614 335 noverat:
644 291 787 351 deque
818 291 893 336 1110
927 292 1036 335 mihi
1071 292 1261 336 narravit
1292 292 1413 351 quod
1448 310 1538 339 non

156 361 307 406 silebo.
335 361 476 405 Habet
495 362 612 405 enim
630 376 829 419 magnam
852 361 1026 406 laudem
1050 362 1198 421 gratiae
1216 370 1302 406 tuae
1324 363 1539 406 confiten-

156 431 257 475 dam
284 431 378 487 tibi,
409 430 781 491 quemadmodum
803 431 876 476 ille
905 432 1178 477 doctissimus
1200 447 1345 487 senex,
1372 441 1415 476 et
1443 447 1539 477 om-

156 501 280 545 nium
344 499 586 545 liberalium
647 501 944 546 doctrinarum
1003 502 1283 561 peritissimus
1306 522 1317 557 3
1376 502 1540 561 quique

156 569 514 629 philosophorum
551 579 640 615 tam
681 570 821 615 multa
862 571 1027 630 legerat
1063 581 1106 616 et
1149 570 1459 630 dijudicaverat
1499 580 1543 615 et

156 639 490 697 dilucidaverat,
516 641 669 686 doctor
691 650 757 686 tot
778 641 994 685 nobilium
1016 650 1265 686 senatorum
1282 676 1293 696 ,
1318 642 1394 700 qui
1411 641 1542 685 etiam

155 711 213 756 ob
247 711 416 770 insigne
448 712 645 771 praeclari
678 712 927 770 magisterii,
951 712 1072 772 quod
1099 713 1211 757 cives
1233 713 1365 771 hujus
1386 711 1542 756 mundi

156 781 361 825 eximium
393 791 576 842 putant,
613 790 802 826 statuam
831 782 878 826 in
905 785 1104 828 Romano
1125 782 1220 827 foro
1251 792 1468 826 meruerat
1502 791 1546 826 et

156 861 408 910 acceperat,
444 867 584 911 usque
618 851 673 895 ad
705 850 824 895 illam
854 861 1026 896 aetatem
1054 861 1282 897 venerator
1304 852 1540 908 idolorum,

155 936 464 982 sacrorumque
496 921 801 979 sacrilegorum
840 923 1070 981 particeps,
1108 922 1268 982 quibus
1307 932 1414 967 tunc
1452 932 1544 967 tota

155 991 246 1036 sere
268 995 463 1037 Romana
491 992 694 1036 nobilitas
727 993 875 1037 inflata
907 993 1145 1052 inspirabat
1179 992 1343 1051 populo
1376 994 1465 1052 jam
1502 1002 1546 1037 et

157 1063 441 1121 omnigenum
464 1061 595 1106 deum
618 1071 826 1117 monstra,
853 1071 895 1106 et
918 1063 1122 1106 Anubem
1142 1063 1411 1116 latratorem,
1444 1078 1544 1121 quae

156 1132 392 1192 aliquando
425 1141 575 1176 contra
607 1135 861 1190 Neptunum
877 1141 921 1175 et
942 1135 1172 1187 Venerem,
1197 1141 1436 1192 contraque
1458 1133 1544 1177 Mi-

156 1217 334 1247 nervam
353 1202 439 1246 tela
461 1203 734 1256 tenuerant²‚
756 1210 799 1245 et
816 1217 839 1244 a
857 1216 900 1244 se
915 1201 1039 1245 victis
1057 1203 1147 1261 jam
1166 1205 1304 1246 Roma
1322 1201 1540 1260 supplica-

156 1272 248 1327 bat,
283 1287 381 1331 quae
411 1272 488 1316 iste
517 1287 647 1315 senex
680 1271 929 1315 Victorinus
960 1280 1024 1314 tot
1048 1286 1183 1315 annos
1211 1286 1284 1316 ore
1307 1271 1542 1330 terricrepo

157 1341 513 1386 defensitaverat:
539 1357 628 1385 non
646 1341 871 1384 erubuerit
889 1355 978 1384 esse
999 1356 1108 1400 puer
1125 1341 1286 1385 Christi
1309 1341 1389 1395 tui,
1416 1351 1459 1385 et
1477 1342 1546 1385 in-

157 1411 252 1455 fans
285 1411 418 1456 fontis
452 1412 532 1465 tui,
563 1411 757 1470 subjecto
789 1410 902 1454 collo
932 1411 986 1454 ad
1015 1410 1269 1455 humilitatis
1294 1412 1472 1470 jugum,
1503 1420 1546 1455 et

158 1481 347 1525 edomita
365 1481 509 1525 fronte
526 1479 581 1524 ad
597 1481 735 1524 crucis
753 1481 1053 1538 opprobrium.

217 1555 290 1596 IV.
328 1554 364 1595 Ο
381 1552 578 1606 Domine,
598 1552 797 1605 Domine,
819 1552 891 1610 qui
906 1550 1123 1594 inclinasti
1144 1552 1294 1606 coelos,
1311 1561 1354 1596 et
1371 1552 1546 1597 descen-

158 1622 282 1667 disti:
311 1621 488 1680 tetigisti
510 1630 697 1676 montes,
722 1630 765 1664 et
783 1619 1153 1677 fumigaverunt3:
1174 1621 1335 1680 quibus
1351 1622 1489 1665 modis
1505 1631 1547 1666 te

158 1693 387 1738 insinuasti
421 1692 484 1736 illi
514 1691 707 1752 pectori?
744 1692 951 1750 Legebat,
988 1693 1099 1735 sicut
1130 1692 1188 1736 ait
1226 1692 1544 1751 Simplicianus,

159 1773 352 1809 sanctam
373 1763 657 1822 Scripturam,
679 1777 916 1820 omnesque
934 1761 1184 1805 christianas
1203 1763 1386 1806 Litteras
1403 1763 1547 1807 inves-

160 1834 324 1892 tigabat
342 1833 651 1878 studiosissime
669 1841 711 1876 et
728 1832 1103 1891 perscrutabatur,
1128 1842 1171 1876 et
1189 1833 1358 1876 dicebat
1380 1832 1549 1892 Simpli-

161 1905 286 1949 ciano
317 1919 405 1948 non
439 1902 598 1962 palam,
635 1903 710 1946 sed
743 1903 947 1946 secretius
970 1910 1014 1945 et
1034 1901 1312 1946 familiarius:
1332 1904 1546 1947 «Noveris

98 1976 100 1978 ’
163 1993 184 2017 »
211 1990 280 2018 me
297 1975 386 2033 jam
410 1989 499 2017 esse
518 1972 830 2018 Christianum.
855 1990 875 2014 »
896 1974 952 2015 Et
980 1972 1270 2030 respondebat
1289 1971 1388 2018 ille:
1409 1975 1547 2017 «Non

163 2063 185 2087 »
212 2044 402 2098 credam,
430 2059 511 2088 nec
533 2043 757 2101 deputabo
786 2051 828 2086 te
860 2043 972 2086 inter
1002 2042 1282 2096 Christianos,
1306 2042 1386 2086 nisi
1405 2043 1452 2086 in
1472 2057 1546 2087 ec-

165 2133 186 2158 »
211 2115 338 2159 clesia
364 2113 525 2159 Christi
557 2121 600 2156 te
631 2111 796 2157 videro.
819 2130 839 2154 1»
864 2112 943 2156 Ille
966 2121 1110 2156 autem
1132 2112 1340 2156 irridebat
1367 2113 1513 2156 dicens
1534 2132 1542 2158 ε

168 2205 189 2228 «
213 2188 329 2244 Ergo
342 2186 524 2245 parietes
535 2184 705 2233 ¹faciunt
721 2184 1016 2229 Christianos?
1031 2186 1122 2228 »Et
1135 2185 1218 2229 hoc
1232 2199 1344 2244 saepe
1358 2184 1544 2239 dicebat,

161 2259 253 2317 jam
274 2272 318 2300 se
347 2271 436 2301 esse
453 2256 774 2313 Christianum3
805 2264 848 2299 et
867 2255 1168 2314 Simplicianus
1188 2254 1299 2299 illud
1320 2270 1432 2315 saepe
1455 2270 1546 2300 res-

165 2325 405 2386 pondebat,
443 2335 486 2370 et
517 2341 630 2385 saepe
665 2326 719 2369 ab
757 2324 832 2369 illo
861 2325 1075 2384 parietum
1096 2326 1231 2370 irrisio
1253 2325 1544 2384 repetebatur.

166 2398 339 2443 Amicos
360 2398 475 2441 enim
494 2413 592 2442 suos
614 2396 893 2442 reverebatur
909 2396 1131 2441 offendere
1151 2397 1359 2456 superbos
1380 2395 1547 2442 daemo-

167 2469 345 2525 nicolas,
369 2484 558 2529 quorum
579 2483 631 2513 ex
651 2467 842 2513 culmine
863 2467 1140 2524 Babylonicae
1161 2466 1397 2527 dignitatis,
1423 2467 1548 2527 quasi

218 2561 228 2578 ¹
245 2554 368 2588 AEneid.
387 2554 494 2597 Virgil.
517 2565 591 2597 vui,
609 2553 771 2596 698-700.
793 2570 833 2577 -ι
856 2560 867 2576 ²
888 2552 966 2585 Psal.
988 2562 1094 2594 cnm,
1115 2553 1144 2586 5,
