1871 3162
251 209 333 248 538
689 218 723 247 s.
758 218 988 250 Accus'ruvr
1022 222 1203 249 Enscorl

247 295 291 330 et
311 286 540 331 schismata
558 298 635 345 per
655 286 751 331 loca
774 287 889 332 facta
903 297 1021 342 sunt,
1046 288 1129 331 sub
1151 287 1310 332 Christi
1326 288 1521 344 nomine,
1547 305 1638 334 non

245 357 381 416 ipsius
397 355 593 415 gloriam,
614 356 690 401 sed
708 372 831 401 suam
852 358 1164 417 quaerentium,
1184 373 1261 417 per
1280 374 1468 418 quorum
1486 358 1638 404 adver-

246 426 392 472 sitates
413 427 550 487 magis
570 428 790 488 magisque
812 437 1086 472 exerceretur
1108 427 1301 473 Ecclesia
1322 438 1365 474 et
1383 429 1641 489 probaretur

248 506 382 558 atque
395 498 687 543 illustraretur
702 507 747 542 et
768 499 966 543 doctrina
984 499 1076 558 ejus
1093 508 1137 543 ct
1152 489 1377 559 patientia.

305 571 441 614 XLV.
475 571 631 614 Omnia
648 585 750 629 ergo
768 570 879 625 haec,
905 570 1017 614 sicut
1038 578 1162 615 tanto
1185 580 1284 615 ante
1305 572 1512 630 praedicta
1528 571 1640 630 legi-

246 654 366 695 mus,
390 640 450 684 sic
472 648 516 684 et
543 640 660 685 facta
691 641 993 699 cognoscimus
1013 659 1022 685 ε
1047 649 1091 684 et
1113 640 1488 700 quemadmodum
1510 641 1642 700 primi

246 710 495 764 Christiani,
532 710 634 769 quia
661 710 860 755 nondum
881 711 960 755 ista
983 711 1232 770 provenisse
1251 710 1477 766 videbant,
1508 712 1640 755 mira-

245 779 354 824 culis
385 780 680 825 movebantur
711 790 762 824 ut
794 781 1054 838 crederent,
1085 781 1144 826 sic
1167 797 1246 825 nos
1267 781 1369 840 quia
1392 781 1537 826 omnia
1559 781 1640 826 ista

245 850 306 894 ita
335 851 553 911 completa
584 861 702 906 sunt,
738 852 850 897 sicut
879 867 928 896 ea
953 853 998 895 in
1018 851 1140 896 libris
1160 853 1359 910 legimus,
1374 839 1473 913 ‘qui
1509 851 1640 912 longe

245 931 482 982 antequam
513 923 608 967 haec
639 922 926 982 implerentur
958 923 1193 981 conscripti
1214 932 1342 977 sunt,
1389 924 1467 967 ubi
1490 924 1637 968 omnia

244 990 394 1038 futura
424 993 698 1047 dicebantur,
734 1002 777 1037 et
808 993 1035 1052 praesentia
1060 994 1149 1053 jam
1182 992 1405 1047 videntur,
1445 993 1641 1038 aedifica-

246 1078 346 1107 mur
372 1063 429 1108 ad
453 1064 602 1120 fidem,
635 1074 685 1108 ut
714 1065 842 1109 etiam
869 1063 943 1108 illa
975 1080 1074 1125 quae
1104 1073 1282 1119 restant,
1309 1064 1568 1108 sustinentes
1596 1072 1641 1108 et

245 1144 568 1192 perseverantes
588 1135 633 1179 in
650 1135 851 1189 Domino,
877 1135 970 1178 sine
992 1134 1267 1179 dubitatione
1287 1143 1471 1178 ventura
1494 1134 1643 1178 creda-

246 1219 359 1249 mus.
404 1207 629 1266 Siquidem
666 1207 811 1250 adhuc
848 1205 1156 1250 tribulationes
1194 1204 1358 1249 futurae
1398 1205 1443 1248 in
1479 1205 1641 1249 eisdem

249 1275 480 1334 Scripturis
497 1275 718 1334 leguntur,
743 1285 785 1320 et
802 1277 892 1336 ipse
911 1275 1090 1319 ultimus
1103 1275 1255 1335 judicii
1270 1275 1375 1329 dies,
1393 1275 1471 1319 ubi
1488 1290 1636 1319 omnes

247 1345 361 1390 cives
379 1347 608 1391 ambarum
625 1347 800 1391 illarum
823 1347 1047 1391 civitatum
1072 1346 1254 1405 receptis
1273 1345 1528 1404 corporibus
1544 1361 1640 1390 sur-

246 1419 408 1461 recturi
444 1428 561 1473 sunt,
598 1428 642 1463 ct
664 1420 876 1463 rationem
899 1418 999 1463 vitae
1024 1432 1113 1461 suae
1144 1426 1244 1461 ante
1267 1415 1461 1462 tribunal
1481 1417 1642 1461 Christi

242 1485 402 1545 judicis
434 1488 663 1532 reddituri.
691 1489 848 1532 Veniet
875 1490 992 1532 enim
1019 1489 1065 1530 in
1086 1487 1280 1531 claritate
1304 1487 1540 1545 potestatis,
1565 1487 1642 1546 qui

246 1558 366 1616 prius
403 1558 449 1602 in
481 1559 729 1604 humilitate
757 1559 1040 1603 humanitatis
1070 1557 1218 1602 venire
1252 1556 1453 1613 dignatus
1482 1566 1561 1612 est,
1598 1567 1642 1603 et

247 1642 397 1670 omnes
430 1628 524 1684 pios
560 1627 614 1669 ab
647 1627 788 1685 impiis
809 1626 1076 1685 segregabit:
1106 1641 1193 1669 nou
1218 1634 1389 1669 tantum
1415 1626 1474 1669 eis
1497 1627 1574 1687 qui
1593 1628 1640 1671 in

248 1710 349 1739 eum
367 1695 543 1740 credere
564 1698 743 1740 omnino
766 1697 1018 1751 noluerunt,
1044 1696 1119 1740 sed
1141 1696 1267 1739 etiam
1292 1696 1350 1739 eis
1378 1697 1454 1754 qui
1480 1696 1639 1742 frustra

248 1775 292 1810 et
311 1765 581 1812 infructuose
599 1766 879 1812 crediderunt
900 1768 945 1811 in
968 1783 1067 1811 eum
1087 1788 1098 1825 3
1133 1767 1214 1811 illis
1234 1767 1415 1812 daturus
1454 1784 1638 1828 regnum

248 1851 395 1881 secum
410 1846 641 1893 aeternum,
655 1837 740 1882 illis
754 1847 897 1882 autem
911 1854 1088 1897 poenam
1102 1847 1309 1882 aeternam
1325 1854 1424 1882 cum
1441 1839 1510 1883 dia
1519 1839 1634 1884 bolo.

253 1906 338 1952 Sed
355 1909 468 1952 sicut
487 1907 660 1952 nullum
679 1908 889 1967 gaudium
920 1924 1063 1952 rerum
1091 1908 1397 1967 temporalium
1419 1925 1471 1953 ex
1493 1908 1638 1970 aliqua

250 1987 374 2038 parte
406 1979 543 2024 simile
576 1989 718 2039 potest
754 1980 936 2023 inveniri
969 1979 1127 2039 gaudio
1157 1980 1256 2024 vitae
1289 1989 1479 2033 aeternae,
1506 1996 1638 2041 quam

250 2050 386 2094 sancti
403 2051 622 2110 accepturi
643 2060 771 2096 sunt:
795 2051 855 2095 ita
875 2051 1023 2095 nullus
1044 2052 1260 2096 cruciatus
1278 2067 1512 2110 poenarum
1531 2061 1639 2096 tem-

250 2120 466 2179 poralium
493 2131 636 2182 potest
662 2122 931 2181 sempiternis
955 2122 1206 2182 iniquorum
1230 2123 1494 2166 cruciatibus
1516 2136 1638 2166 com-

251 2204 408 2250 parari.
