1871 3162
567 237 910 272 confes-sionim,
948 236 1028 261 Lm.
1066 236 1109 260 x.
1448 222 1526 259 271

154 313 297 349 autem
321 305 414 348 haec
434 302 616 362 loquens
637 311 767 361 atque
788 299 1050 352 discernens,
1076 297 1206 341 etiam
1234 297 1322 339 istis
1342 296 1533 354 pulchris

154 390 344 434 gressum
365 374 560 428 innecto,
584 370 658 415 sed
681 380 726 414 tu
746 369 912 424 evellis,
934 368 1116 413 Domine
1133 402 1144 422 ,
1171 365 1316 433 evellis
1338 375 1403 420 tu,
1423 382 1536 425 quo·

152 447 268 490 niam
289 443 580 489 misericordia
602 452 676 487 tua
694 452 794 486 ante
816 440 968 485 oculos
991 455 1106 483 ineos
1129 440 1235 482 est¹.
1260 439 1368 482 Nam
1390 446 1433 480 et
1455 452 1535 494 ego

152 516 298 574 capior
319 513 641 567 miserabiliter,
660 521 703 556 et
720 521 768 555 tu
789 510 936 556 evellis
958 506 1318 565 misericorditer3
1344 505 1537 566 aliquan·

152 587 210 631 do
224 602 312 631 non
330 586 602 638 sentientem,
628 584 731 643 quia
751 582 996 642 suspensius
1018 578 1280 636 incideram,
1300 575 1536 635 aliquando

152 673 252 703 cum
270 657 437 713 dolore,
457 656 556 717 quia
573 657 662 715 jam
676 656 945 700 inhaeseram.

151 841 1527 867 MMWUWUWWWWWWMMMMMMKWUWWWXWUMMWUWSMWUZU

610 994 826 1043 CAPUT
858 994 1061 1041 XXXV.

159 1163 224 1209 Ut
239 1178 289 1207 se
308 1160 455 1206 habet
472 1159 543 1205 ad
553 1158 817 1206 sec-andum
836 1158 1113 1204 tentationis
1134 1173 1301 1220 genus,
1321 1155 1452 1216 quod
1472 1167 1541 1201 est

687 1232 994 1275 curiositatis.

210 1403 323 1446 LIV.
360 1403 453 1445 Huc
485 1400 650 1444 accedit
687 1399 769 1443 alia
802 1398 941 1444 forma
972 1399 1222 1442 tentationis
1256 1397 1540 1457 multiplicius

150 1470 404 1532 periculosa.
427 1475 587 1514 Praeter
604 1486 697 1514 eam
716 1471 832 1514 enim
850 1469 1246 1528 concupiscentiam
1265 1468 1421 1523 carnis,
1443 1485 1540 1528 quae

147 1543 258 1587 inest
280 1543 324 1587 in
339 1542 628 1587 delectatione
646 1541 843 1586 omnium
862 1556 1066 1584 sensuum
1085 1550 1128 1584 et
1144 1539 1425 1599 voluptatum
1440 1575 1452 1595 ,
1469 1539 1541 1583 cui

147 1613 380 1658 servientes
407 1612 676 1671 depereunt,
717 1611 793 1671 qui
822 1611 951 1670 longe
984 1627 1028 1655 se
1058 1609 1226 1655 faciunt
1263 1627 1286 1654 a
1322 1619 1364 1654 te
1384 1645 1395 1665 ,
1432 1611 1542 1653 inest

148 1684 303 1728 animae
322 1699 399 1743 per
421 1683 595 1727 eosdem
617 1698 766 1726 sensus
780 1683 971 1741 corporis
993 1681 1196 1742 quaedam
1214 1697 1305 1725 non
1328 1696 1372 1724 se
1394 1680 1542 1725 oblec-

147 1754 269 1799 tandi
286 1755 331 1798 in
348 1770 504 1809 carne,
526 1753 601 1798 sed
616 1753 864 1812 experiendi
889 1769 966 1813 per
983 1768 1287 1811 carnempvana
1310 1761 1353 1796 et
1374 1752 1541 1795 curiosa

149 1826 378 1885 cupiditas,
405 1826 582 1870 nomine
617 1824 891 1883 cognitionis
911 1834 955 1868 et
982 1825 1174 1868 scientiae
1201 1822 1391 1882 palliata.
1431 1825 1540 1875 Quae

150 1897 357 1956 quoniam
377 1896 423 1939 in
445 1895 642 1954 appetitu
665 1894 872 1938 noscendi
895 1903 985 1949 est,
1023 1893 1139 1938 oculi
1174 1903 1320 1938 autem
1356 1903 1457 1937 sunt
1485 1893 1540 1936 ad

151 1965 501 2024 cognoscendum
525 1965 572 2008 in
597 1964 794 2008 sensibus
818 1964 1034 2023 principes
1072 1984 1079 2008 :
1123 1984 1143 2006 «
1178 1963 1543 2022 Concupiscentia

153 2056 173 2079 »
210 2037 436 2082 oculorum
463 2055 481 2077 »
508 2036 684 2095 eloquio
712 2035 860 2079 divino
893 2035 1108 2094 appellata
1131 2045 1194 2079 est
1219 2038 1252 2079 Ἴ.
1289 2036 1357 2078 Ad
1394 2035 1543 2078 oculos

151 2109 266 2152 enim
294 2108 466 2168 proprie
488 2106 634 2150 videre
668 2106 872 2165 pertinet.
915 2107 1087 2150 Utimur
1117 2114 1261 2149 autem
1294 2107 1378 2150 hoc
1408 2105 1542 2149 verbo

153 2179 282 2223 etiam
322 2178 367 2221 in
406 2177 570 2222 caeteris
599 2176 820 2231 sensibus,
859 2192 958 2220 cum
996 2192 1068 2220 eos
1104 2177 1158 2220 ad
1187 2177 1541 2235 cognoscendum

153 2248 435 2292 intendimus.
456 2250 608 2307 Neque
627 2246 740 2290 enim
764 2245 972 2291 dicimus:
990 2246 1106 2290 Audi
1128 2246 1235 2306 quid
1257 2246 1428 2302 rutilet,
1449 2255 1538 2300 aut,

153 2319 278 2363 Olfac
313 2334 446 2378 quam
484 2318 648 2374 niteat3
691 2326 781 2369 aut,
826 2317 960 2360 Gusta
989 2332 1121 2376 quam
1149 2315 1403 2375 splendeat;
1447 2325 1540 2369 aut,

153 2390 288 2449 Palpa
315 2404 443 2448 quam
474 2386 637 2445 fulgeat
664 2406 672 2430 2
703 2386 841 2430 videri
874 2387 988 2430 enim
1017 2388 1223 2431 dicuntur
1247 2387 1340 2430 haec
1377 2387 1537 2430 omnia.

153 2461 346 2506 Dicimus
370 2467 514 2504 autem
543 2474 633 2502 non
666 2458 806 2501 solum
836 2456 977 2502 :Vide
994 2457 1099 2517 quid
1121 2457 1279 2512 luceat,
1311 2456 1433 2517 quod
1462 2456 1542 2502 soli

205 2565 212 2581 ¹
234 2560 312 2591 Psal.
337 2568 411 2597 xxv,
434 2557 462 2588 5.
482 2572 520 2579 -
542 2563 554 2578 ²
585 2567 595 2587 1
617 2558 760 2595 Joau.11‚
786 2552 835 2585 16.
