1871 3162
571 264 916 300 confussionumr,
951 263 1033 290 LIB.
1068 263 1112 289 x.
1450 252 1533 292 243

166 461 431 480 WWWQMW

1173 457 1444 474 §mmmm
1447 457 1546 476 ΜΜἉ

638 616 854 666 CAPUT
898 617 1034 664 XIV.

170 782 216 830 I.
259 780 510 845 Quomodo
544 785 778 828 memoria
815 784 1025 828 continet
1057 781 1259 846 affectus
1292 784 1456 828 animi.
1491 811 1547 820 —

322 853 399 899 II.
425 852 562 900 Loeta
583 870 678 899 non
701 853 799 900 Zcetz'
818 852 1054 913 quomodo
1075 853 1399 900 recordamur.

228 1016 352 1067 XXI.
383 1025 680 1068 Armenomzs
697 1038 875 1084 quoque
903 1024 1037 1068 animi
1059 1025 1143 1068 mei
1169 1024 1321 1068 eadem
1342 1025 1551 1069 memoria

171 1094 365 1138 continet
383 1115 393 1152 3
418 1110 507 1139 non
529 1095 605 1140 illo
623 1097 755 1140 modo
777 1111 864 1154 quo
887 1110 956 1139 eas
976 1096 1109 1139 habet
1144 1095 1235 1154 ipse
1261 1096 1430 1140 animus
1451 1112 1552 1140 eum

172 1165 336 1223 patitur
372 1180 466 1219 eas,
492 1165 568 1209 sed
596 1165 679 1209 alio
711 1165 902 1208 multum
926 1165 1124 1223 diverso3
1158 1167 1269 1210 sicut
1298 1182 1386 1210 sese
1421 1167 1553 1211 habet

170 1236 234 1279 vis
269 1237 504 1280 memoriae.
530 1239 639 1281 Nam
660 1245 703 1279 et
729 1236 927 1280 laetatum
949 1251 1020 1280 me
1037 1236 1169 1281 fuisse
1184 1239 1440 1294 ,reminiscor
1459 1254 1550 1282 non

171 1305 327 1363 laetus3
356 1316 398 1350 et
425 1306 644 1351 tristitiam
672 1321 813 1349 meam
844 1306 1107 1365 praeteritam
1126 1309 1329 1352 recordor
1349 1324 1438 1353 non
1460 1309 1552 1353 tris-

173 1376 226 1420 tis
243 1396 256 1433 3
277 1386 320 1420 et
343 1391 413 1419 me
430 1376 668 1435 aliquando
689 1376 882 1420 timuisse
905 1378 1049 1421 recolo
1069 1380 1159 1422 sine
1178 1379 1355 1437 timore3
1381 1389 1424 1423 et
1441 1381 1552 1439 pris·
1602 1432 1610 1439 .-

172 1447 275 1491 tinae
296 1446 543 1505 cupiditatis
562 1447 657 1490 sine*
681 1446 918 1505 cupiditate
935 1463 1032 1491 sum
1058 1464 1248 1493 memor:
1275 1450 1510 1510 aliquando
1529 1466 1553 1494 e

172 1517 390 1562 contrario
420 1516 636 1560 tristitiam
657 1531 799 1560 meam
829 1525 1087 1562 transactam
1119 1517 1244 1562 laetus
1273 1521 1548 1577 reminiscor,

172 1597 216 1632 et
236 1588 368 1631 tristis
388 1587 599 1631 laetitiam.
626 1587 756 1640 Quod
779 1587 1027 1631 mirandum
1049 1604 1138 1633 non
1168 1598 1232 1634 est
1257 1590 1312 1634 de
1336 1607 1516 1651 corpore
1540 1612 1548 1638 :

173 1657 291 1702 aliud
321 1658 438 1701 enim
476 1659 643 1702 animus
661 1692 672 1712 ,
699 1657 818 1700 aliud
838 1673 1012 1717 eorpus.
1040 1662 1194 1719 Itaque
1216 1661 1249 1704 si
1282 1663 1550 1720 praeteritum

173 1727 368 1772 dolorem
405 1729 596 1787 corporis
618 1728 811 1786 gaudens
847 1729 1046 1779 memini,
1085 1745 1175 1773 non
1197 1731 1255 1775 ita
1278 1733 1437 1777 mirum
1471 1744 1549 1779 est.

173 1799 255 1843 Hic
276 1814 378 1843 vero
394 1834 405 1854 ‚
436 1814 537 1843 cum
567 1799 736 1842 animus
764 1799 818 1842 sit
849 1799 978 1842 etiam
1004 1799 1096 1858 ipsa
1117 1803 1352 1860 memoria3
1376 1819 1477 1848 nam
1510 1816 1552 1849 et
1579 1820 1603 1832 ⁸⁷

173 1884 275 1913 cum
295 1869 551 1913 mandamus
572 1867 736 1927 aliquid
752 1877 802 1911 ut
818 1869 1066 1912 memoriter
1087 1870 1314 1927 habeatur,
1332 1872 1521 1933 dicimus
1539 1894 1547 1920 :

174 1938 284 1982 Vide
304 1949 353 1983 ut
370 1938 479 1982 illud
499 1939 544 1981 in
567 1938 710 1981 animo
731 1938 918 1989 habeas;
943 1947 987 1982 et
1008 1954 1109 1982 cum
1128 1940 1424 1988 obliviscimur
1441 1945 1552 1988 dici-

173 2023 269 2052 mus
295 2028 304 2053 :
328 2011 425 2054 Non
447 2008 533 2051 fuit
553 2008 600 2050 in
617 2007 762 2050 animo
780 2027 791 2064 3
811 2015 875 2061 et,
901 2007 1108 2066 Elapsum
1134 2019 1197 2054 est
1218 2012 1364 2056 animo
1385 2033 1393 2057 :
1415 2014 1551 2073 ipsam

174 2080 427 2123 memoriam
459 2087 659 2122 vocantes
683 2077 892 2120 animum.
913 2080 1026 2122 Cum
1052 2095 1154 2137 ergo
1176 2082 1233 2125 ita
1262 2084 1335 2137 sit,
1361 2085 1469 2143 quid
1491 2095 1556 2130 est

173 2149 259 2193 hoc
280 2149 400 2209 quod
417 2163 517 2192 cum
538 2147 750 2191 tristitiam
767 2161 908 2190 meam
925 2148 1187 2206 praeteritam
1204 2150 1328 2195 laetus
1346 2155 1521 2198 memini
1541 2190 1551 2210 ,

178 2220 345 2263 animus
372 2220 504 2263 habet
530 2215 751 2271 laetitiam,
776 2226 820 2260 et
840 2218 1049 2262 memoria
1077 2220 1291 2264 tristitiam
1311 2244 1322 2280 3
1340 2222 1553 2285 laetusque

178 2300 240 2334 est
270 2290 437 2334 animus
465 2304 517 2332 ex
540 2303 591 2331 eo
613 2285 734 2347 quod
766 2287 875 2330 inest
896 2287 934 2330 ei
955 2285 1103 2332 laetitia
1121 2324 1131 2343 ‚
1153 2293 1359 2337 memoria
1380 2309 1484 2339 vero
1506 2311 1554 2340 ex

179 2375 230 2404 eo
251 2359 371 2419 quod
393 2360 502 2402 inest
525 2358 563 2401 ei
584 2357 770 2410 tristitia,
792 2356 920 2399 tristis
942 2372 1032 2400 non
1063 2361 1156 2402 est?
1179 2363 1291 2404 Num
1321 2361 1434 2408 forte
1466 2382 1556 2411 non

181 2429 369 2489 pertinet
403 2428 458 2472 ad
491 2428 716 2471 animum?
745 2425 851 2478 Quis
882 2425 964 2469 hoe
998 2426 1183 2472 dixerit?
1213 2430 1427 2478 Nimirum
1457 2452 1559 2496 ergo

183 2499 390 2544 memoria
412 2497 536 2559 quasi
558 2505 709 2541 venter
731 2504 794 2538 est
823 2494 979 2550 animi,
1002 2495 1152 2542 laetitia
1186 2514 1287 2545 vero
1310 2512 1441 2564 atque
1462 2508 1562 2553 tris·
1609 2538 1614 2540 >

184 2569 278 2614 titia
300 2569 424 2630 quasi
455 2567 577 2613 cibus
598 2565 738 2610 dulcis
761 2573 803 2608 et
836 2579 1007 2610 amarus
1032 2584 1041 2611 :
1066 2583 1166 2613 cum
1194 2575 1413 2620 memoriae
1441 2594 1562 2623 com-

1284 2645 1346 2685 16.
