1871 3162
585 291 962 326 sonLoqmoth,
998 289 1079 315 Lis.
1117 291 1146 314 ι.
1470 280 1552 318 415

177 353 285 398 lucis
304 387 315 408 ‚
341 361 462 412 pater
494 353 805 410 evigilationiS‚
844 361 975 411 atque
1007 352 1334 396 illuminationis
1367 362 1551 409 nostrae,

182 433 302 482 pater
321 424 512 482 pignoris
529 440 618 484 quo
640 424 926 468 admonemur
948 422 1088 467 redire
1106 422 1160 466 ad
1180 432 1237 466 te.

236 496 314 536 ΙΙΙ.
348 496 406 536 Te
438 494 609 549 invoco,
640 497 753 538 Deus
786 494 942 537 veritas
959 528 970 548 ‚
1006 494 1052 536 in
1073 508 1162 553 quo
1188 501 1232 536 et
1254 508 1278 536 a
1298 508 1388 552 quo
1414 501 1457 536 et
1479 508 1555 551 per

176 578 306 622 quern
336 577 437 607 vera
459 574 587 620 sunt,
613 581 712 625 quae
734 579 833 609 vera
856 573 957 608 sunt
987 563 1148 608 omnia.
1181 565 1294 606 Deus
1316 563 1527 621 sapientia
1543 598 1554 618 ,

174 634 219 677 in
255 649 344 693 quo
365 643 408 678 et
431 651 453 678 a
483 651 572 694 quo
601 644 644 678 et
664 650 741 694 per
763 650 892 694 quem
917 634 1118 693 sapiunt,
1143 649 1242 694 quae
1263 635 1439 693 sapiunt
1461 649 1558 678 om-

174 703 259 746 nia.
301 707 415 747 Deus
449 719 550 748 vera
585 714 628 748 et
659 719 828 748 summa
862 703 949 748 vita
966 739 977 759 ‚
1016 704 1063 747 in
1084 719 1173 764 quo
1195 713 1239 748 et
1262 720 1285 748 a
1308 720 1398 763 quo
1418 713 1462 748 et
1482 719 1559 763 per

175 789 307 832 quem
329 775 506 830 vivunt,
539 790 638 834 quae
666 790 767 820 vere
797 790 1055 834 summeque
1082 775 1238 819 vivunt
1262 775 1423 819 omnia.
1444 778 1562 820 Deus

174 843 400 888 beatitudo
417 880 428 899 ‚
453 846 499 888 in
521 861 611 905 quo
633 855 676 889 et
693 861 716 889 a
734 861 823 905 quo
845 855 888 889 et
911 861 986 904 per
1007 860 1137 904 quem
1158 845 1284 889 beata
1308 854 1410 889 sunt
1426 880 1436 900 ,
1457 861 1558 905 quae

173 913 298 958 beata
318 923 419 958 sunt
440 916 602 959 omnia.
630 919 743 959 Deus
779 915 947 959 bonum
971 925 1014 959 et
1040 913 1276 975 pulchrum
1294 950 1304 970 ,
1331 915 1377 958 in
1406 931 1495 975 quo
1517 925 1560 959 et

174 998 197 1026 a
228 998 318 1042 quo
339 993 383 1028 et
410 999 488 1042 per
520 999 653 1043 quem
674 985 791 1028 bona
813 993 857 1028 et
877 985 1060 1043 pulchra
1094 994 1222 1038 sunt,
1247 1001 1347 1044 quae
1382 985 1498 1029 bona
1520 994 1564 1030 et

174 1053 356 1112 pulchra
377 1064 480 1098 sunt
501 1056 664 1099 omnia.
692 1058 805 1099 Deus
827 1054 1113 1113 intelligibilis
1150 1055 1227 1098 lux
1243 1091 1253 1109 ⁷
1287 1056 1333 1098 in
1362 1071 1451 1114 quo
1474 1065 1517 1100 et
1537 1071 1561 1100 a
1618 1069 1621 1078 ²

173 1138 262 1182 quo
279 1133 322 1167 et
344 1139 420 1182 per
437 1140 573 1183 quem
589 1123 923 1183 intelligibiliter
937 1124 1104 1180 lucent,
1121 1140 1220 1185 quae
1232 1124 1563 1182 intelligibiliter

173 1192 323 1237 lucent
360 1194 522 1238 omnia.
550 1198 681 1250 Deus,
709 1196 832 1254 cujus
865 1210 1048 1253 regnum
1088 1203 1153 1238 est
1192 1203 1309 1238 totus
1344 1195 1558 1251 mundus,

173 1279 303 1323 quem
326 1279 474 1308 sensus
494 1265 683 1323 ignorat.
711 1268 840 1320 Deus,
877 1265 932 1309 de
952 1267 1076 1325 cujus
1103 1281 1239 1324 regno
1272 1266 1339 1309 lex
1365 1267 1496 1310 etiam
1519 1268 1564 1310 in

172 1334 251 1378 ista
283 1349 416 1393 regna
449 1333 754 1379 describitur-¹.
792 1339 925 1389 Deus,
954 1351 977 1378 a
999 1351 1088 1395 quo
1119 1336 1278 1389 averti,
1311 1336 1466 1379 cadere
1488 1355 1498 1381 ι
1521 1337 1568 1379 in

175 1419 307 1464 quem
339 1406 534 1449 converti
566 1421 788 1464 resurgere
813 1425 822 1450 :
845 1407 891 1450 in
913 1421 1002 1466 quo
1024 1421 1202 1450 manere
1225 1406 1461 1450 consistere
1481 1417 1560 1451 est.

175 1477 307 1529 Deus,
328 1490 351 1518 a
373 1491 462 1534 quo
479 1476 593 1519 exire
610 1511 620 1530 ,
647 1477 806 1520 emori:
833 1477 878 1519 in
898 1491 1029 1535 quem
1047 1477 1188 1520 redire
1211 1477 1465 1521 reviviscere
1488 1497 1497 1522 :
1516 1478 1563 1520 in

175 1560 263 1604 quo
282 1546 508 1600 habitare,
532 1546 677 1590 vivere
702 1555 781 1589 est.
806 1549 936 1598 Deus,
960 1561 1091 1605 quem
1115 1561 1244 1588 nemo
1266 1546 1426 1590 amittit
1441 1581 1452 1601 ,
1478 1548 1557 1590 nisi

176 1616 383 1674 deceptus
417 1635 424 1659 ε
459 1631 591 1674 quem
624 1631 754 1659 nemo
792 1616 976 1674 quaerit,
1012 1616 1093 1658 nisi
1116 1616 1366 1661 admonitus
1393 1635 1401 1660 ε
1428 1632 1559 1676 quem

175 1699 303 1728 nemo
324 1684 492 1729 invenit
518 1684 597 1728 nisi
621 1694 843 1742 purgatus.
867 1688 994 1737 Deus,
1023 1699 1153 1744 quem
1184 1684 1452 1744 relinquere,
1478 1687 1561 1730 hoc

176 1764 239 1799 est
255 1754 374 1814 quod
397 1755 535 1812 perire
559 1774 567 1798 z
602 1743 733 1814 quem
762 1753 1010 1808 attendere,
1042 1754 1126 1797 hoc
1151 1763 1215 1797 est
1237 1754 1358 1813 quod
1384 1771 1527 1799 amare
1549 1776 1558 1801 t

176 1839 309 1884 quem
342 1824 490 1868 videre
506 1860 516 1879 ,
552 1825 636 1868 hoc
668 1835 732 1868 est
751 1824 870 1884 quod
892 1824 1068 1867 habere.
1097 1827 1224 1878 Deus,
1248 1825 1319 1867 cui
1355 1841 1434 1869 nos
1454 1826 1562 1870 fides

177 1897 333 1939 excitat
350 1931 360 1949 ,
390 1911 484 1954 spes
507 1896 647 1953 erigit,
672 1896 856 1939 charitas
874 1896 1036 1954 jungit.
1059 1898 1188 1949 Deus,
1210 1910 1288 1954 per
1309 1911 1440 1955 quem
1462 1898 1560 1941 vin-

177 1966 314 2009 cimus
335 1965 577 2019 inimicum,
598 1975 639 2009 te
656 1966 1022 2023 deprecorDeus,
1052 1980 1125 2022 per
1143 1979 1275 2022 quem
1293 1967 1554 2025 accepimus,

177 2051 232 2079 ne
253 2036 432 2079 omnino
451 2036 703 2094 periremus.
718 2039 847 2088 Deus,
873 2051 895 2079 a
916 2051 1005 2094 quo
1030 2035 1317 2094 admonemur
1339 2045 1387 2080 ut
1408 2037 1561 2096 vigile-

179 2121 288 2149 mus.
315 2108 445 2159 Deus‚
465 2121 542 2163 per
562 2120 692 2164 quem
716 2121 738 2148 a
759 2104 881 2148 malis
902 2105 1017 2148 bona
1040 2120 1305 2163 separamus.
1333 2102 1465 2161 Deus.
1484 2123 1559 2166 per

179 2191 311 2235 quem
333 2175 444 2219 mala
467 2176 675 2233 fugimus,
699 2185 740 2219 et
757 2176 871 2220 bona
893 2176 1130 2234 sequimur.
1153 2180 1268 2220 Deus
1286 2211 1296 2231 ,
1324 2192 1400 2235 per
1427 2193 1558 2236 quem

180 2262 269 2290 non
287 2246 478 2290 cedimus
492 2246 840 2291 adversitatibus.
850 2249 977 2300 Deus,
991 2262 1066 2305 per
1079 2262 1211 2306 quem
1227 2247 1338 2290 bene
1351 2249 1557 2292 servimus

181 2326 223 2360 et
244 2315 356 2359 bene
378 2315 669 2360 dominamur.
693 2319 822 2371 Deus,
840 2331 917 2375 per
933 2332 1063 2375 quem
1083 2316 1287 2361 discimus
1309 2318 1445 2362 aliena
1469 2334 1558 2363 esse

181 2402 279 2446 quae
315 2385 548 2445 aliquando
580 2396 723 2430 nostra
747 2421 756 2439 ‚
794 2396 836 2430 et
880 2396 1025 2431 nostra
1062 2403 1150 2431 esse
1182 2403 1281 2447 quae
1321 2387 1556 2448 aliquando

182 2457 320 2500 aliena
342 2456 616 2514 putabamus.
650 2459 778 2509 Deus⁷
801 2471 876 2514 per
898 2472 1029 2515 quem
1061 2456 1271 2500 malorum
1301 2459 1404 2502 escis
1427 2468 1558 2519 atque

181 2526 395 2571 illecebris
427 2541 517 2570 non
538 2527 766 2570 haeremus.
795 2529 920 2580 Deus,
943 2542 1020 2584 per
1040 2541 1170 2585 quem
1195 2542 1272 2571 nos
1295 2543 1360 2572 res
1383 2530 1561 2574 minutae

234 2617 243 2631 ¹
267 2621 278 2641 1
303 2611 445 2641 Reti-act.
462 2619 531 2650 cap.
555 2621 576 2649 1,
596 2621 625 2640 n.
647 2618 678 2641 2.

1336 2665 1400 2703 27.
