1871 3162
632 257 981 294 comrssssmNUM,
1015 257 1097 283 Lus.
1132 255 1171 281 x.
1480 246 1564 284 239

195 453 302 470 mmm
306 451 585 470 ΜΜΜΛΝΝΙΝΛ
589 451 654 468 WU

867 449 1006 466 ΜΜΜΛΝ

1218 446 1499 464 mmmm
1502 447 1569 464 m}

745 609 960 659 CAPUT
986 609 1050 657 X.

218 774 499 836 Discz'plinae
532 776 582 820 in
617 775 899 820 memoriam
928 790 1024 819 non
1062 770 1427 818 introducuntur
1452 786 1543 831 per

299 862 464 892 sensas
475 882 492 904 ,
515 844 604 892 sed
621 862 685 892 esc
705 846 807 908 ejas
828 843 1074 891 abditz'one
1095 845 1204 890 sinu
1224 852 1465 889 eruuntur.

268 1017 411 1060 XVII.
451 1018 513 1060 AT
543 1030 644 1060 vero
675 1030 777 1060 cum
806 1014 936 1059 audio
972 1016 1049 1059 tria
1073 1029 1232 1073 genera
1258 1028 1347 1057 esse
1367 1013 1572 1072 quaestio-

194 1101 318 1141 num,
340 1101 396 1130 an
417 1086 492 1141 sit,
518 1086 626 1146 quid
647 1086 726 1141 sit,
747 1084 874 1146 quale
893 1086 963 1139 sit,
989 1099 1196 1129 sonorum
1217 1083 1396 1144 quidem
1415 1083 1576 1143 quibus

192 1158 286 1203 haec
302 1158 434 1203 verba
455 1157 657 1202 confecta
681 1166 783 1201 sunt
801 1156 1008 1215 imagines
1025 1165 1169 1211 teneo,
1195 1164 1238 1199 et
1263 1170 1335 1200 eos
1357 1170 1434 1214 per
1451 1169 1575 1199 auras

193 1243 295 1273 cum
311 1228 494 1287 strepitu
511 1227 709 1273 transisse
727 1243 776 1272 ac
793 1228 884 1286 jam
906 1242 997 1271 non
1018 1241 1108 1270 esse
1130 1226 1233 1271 scio.
1246 1229 1330 1270 Res
1347 1241 1449 1270 vero
1466 1225 1577 1285 ipsas

193 1314 293 1358 quae
314 1297 397 1342 illis
420 1298 720 1356 significantur
736 1298 850 1342 sonis
874 1312 1018 1357 neque
1040 1295 1132 1340 ullo
1149 1311 1279 1340 sensu
1299 1295 1491 1356 corporis
1513 1305 1578 1340 at-

194 1368 297 1426 tigi,
322 1383 402 1413 nec
434 1368 603 1427 uspiam
627 1368 716 1412 vidi
749 1377 906 1427 praeter
938 1367 1135 1412 animum
1152 1382 1299 1411 meum
1316 1402 1327 1423 ‚
1352 1375 1396 1411 et
1416 1367 1461 1411 in
1484 1382 1578 1411 mc-

193 1439 332 1483 moria
363 1437 589 1483 recondidi
617 1453 706 1483 non
741 1438 951 1497 imagines
978 1453 1157 1493 earum,
1192 1437 1268 1482 sed
1295 1438 1406 1497 ipsas
1437 1457 1447 1483 ε
1479 1453 1579 1498 quae

194 1507 314 1553 unde
335 1507 391 1553 ad
411 1524 481 1552 me
508 1508 780 1563 intraverint,
806 1507 955 1553 dica-nt
971 1509 1005 1552 si
1021 1517 1218 1568 possunt.
1239 1511 1349 1555 Nam
1371 1524 1580 1568 percurro

188 1580 342 1639 januas
359 1594 508 1624 omnes
525 1579 664 1624 carnis
685 1594 794 1622 meae
811 1614 822 1634 ‚
843 1594 923 1623 nec
945 1580 1121 1624 invenio
1141 1595 1229 1640 qua
1245 1595 1395 1623 earum
1416 1580 1579 1639 ingres·

196 1666 254 1695 sae
275 1651 375 1694 sint.
404 1651 577 1710 Quippe
605 1650 722 1695 oculi
743 1650 898 1695 dicunt
925 1669 934 1695 ε
962 1651 1005 1695 Si
1027 1651 1230 1695 coloratae
1256 1659 1359 1695 sunt
1374 1686 1385 1706 ,
1409 1666 1488 1695 nos
1514 1666 1582 1694 eas

196 1721 506 1766 nuntiavimus.
532 1725 669 1766 Aures
691 1723 846 1766 dicunt
872 1742 881 1767 :
911 1722 954 1767 Si
972 1731 1239 1778 sonuerunt,
1264 1738 1288 1766 a
1309 1722 1435 1766 nobis
1463 1721 1581 1766 indi—

199 1801 306 1836 catae
328 1800 445 1836 sunt.
475 1794 608 1837 Nares
631 1792 786 1836 dicunt
812 1811 822 1837 ι
850 1793 893 1837 Si
924 1793 1132 1837 oluerunt
1148 1827 1159 1847 ‚
1194 1807 1272 1852 per
1301 1808 1380 1837 nos
1402 1794 1582 1838 transie—

200 1871 319 1906 runt.
345 1862 459 1905 Dicit
474 1862 604 1905 etiam
620 1878 770 1906 sensus
793 1862 998 1921 gustandi
1016 1882 1024 1907 :
1051 1863 1094 1908 Si
1117 1879 1242 1923 sapor
1264 1879 1354 1907 non
1372 1873 1452 1919 est,
1473 1864 1582 1907 nihil

199 1947 270 1976 me
303 1933 556 1990 interroges.
600 1936 758 1978 Tactus
786 1933 893 1977 dicit
919 1953 928 1978 2
956 1934 999 1978 Si
1035 1935 1343 1993 corpulentum
1368 1950 1458 1978 non
1489 1944 1579 1989 est,

199 2019 290 2048 non
311 2004 590 2048 contrectavi.
621 2005 663 2049 Si
685 2020 775 2048 non
803 2005 1090 2056 contrectavi,
1116 2021 1206 2049 non
1232 2004 1432 2050 indicavi.
1459 2005 1583 2049 Unde

201 2083 244 2118 et
261 2090 348 2134 qua
366 2075 460 2118 haec
488 2075 761 2118 intraverunt
778 2076 822 2117 in
842 2075 1094 2118 memoriam
1114 2077 1286 2119 meam?
1303 2076 1454 2121 Nescio
1475 2091 1585 2135 quo-

200 2146 360 2202 modo3
382 2160 483 2189 nam
501 2160 601 2189 cum
626 2160 675 2189 ea
697 2144 857 2200 didici,
879 2161 968 2190 non
995 2145 1159 2190 credidi
1178 2146 1320 2191 alieno
1337 2147 1483 2202 cordi,
1509 2147 1583 2191 sed

201 2217 247 2260 in
267 2231 366 2260 meo
392 2216 648 2275 recognovi,
680 2225 722 2259 et
752 2232 853 2260 vera
881 2232 972 2261 csse
991 2218 1255 2276 approbavi,
1293 2226 1336 2261 et
1357 2233 1582 2262 commen-

202 2285 302 2332 davi
323 2286 362 2330 ei
376 2320 388 2342 ,
412 2295 619 2347 tanquam
641 2302 855 2346 reponens
878 2286 997 2330 und-e
1019 2286 1262 2346 proferrem
1284 2303 1384 2331 cum
1407 2287 1581 2333 vellem.

203 2357 271 2401 Ibi
292 2371 392 2415 ergo
413 2366 535 2400 erant
562 2365 605 2401 et
628 2366 863 2416 antequam
882 2372 932 2400 ea
953 2357 1196 2401 didicissem
1211 2392 1222 2413 9
1247 2357 1323 2401 sed
1351 2358 1398 2402 in
1419 2373 1580 2403 memo-

203 2428 264 2472 ria
281 2443 371 2472 non
392 2436 529 2472 erant.
542 2427 624 2472 Ubi
641 2429 770 2487 ergo?
783 2437 858 2471 aut
875 2443 1007 2487 quare
1030 2444 1129 2472 cum
1147 2428 1396 2473 dicerentur
1410 2431 1582 2488 agnovi,

207 2506 250 2542 et
272 2497 359 2542 dixi
380 2516 390 2543 ε
416 2501 482 2542 Ita
497 2507 560 2542 est
576 2519 587 2557 3
606 2513 758 2543 verum
779 2507 867 2555 est3
893 2498 974 2542 nisi
996 2499 1098 2558 quia
1111 2499 1201 2558 jam
1218 2509 1340 2544 erant
1357 2501 1403 2544 in
1423 2516 1586 2546 memo—

213 2568 251 2613 ia
275 2603 286 2625 ‚
312 2568 390 2614 sed
417 2578 506 2614 tam
528 2578 692 2615 remota
717 2578 760 2614 et
791 2578 956 2615 retrusa
985 2570 1107 2630 quasi
1128 2571 1173 2615 in
1194 2571 1333 2616 caveis
1354 2572 1583 2617 abditiori-
