1871 3162
325 183 340 216 1
358 180 405 217 16
770 190 800 219 s.
838 189 1067 220 AUGUs'rim
1100 193 1277 220 misceri

321 254 402 298 bus
426 254 533 298 votis
557 262 706 314 pectus
724 256 777 299 ad
794 257 1023 300 Memorias
1041 260 1283 314 Martyrum
1304 256 1457 299 afferre
1476 254 1699 309 didicerat,

318 334 368 370 ut
395 335 438 370 et
469 325 588 385 quod
621 335 763 385 posset
795 327 918 372 daret
940 328 1183 386 egentibus,
1220 337 1262 371 et
1285 327 1343 371 sie
1365 327 1702 371 communicatio

315 395 523 441 dominici
540 398 731 456 corporis
752 397 841 441 illic
863 397 1170 453 celebraretur,
1190 400 1313 458 cujus
1332 399 1537 457 passionis
1556 398 1702 441 imita-

315 467 435 511 tione
457 466 668 511 immolati
701 475 743 510 et
772 468 965 511 coronati
986 477 1087 511 sunt
1109 471 1336 524 Martyres.
1367 469 1449 512 Sed
1470 477 1615 510 tamen
1638 467 1703 510 vi-

314 536 442 581 detur
464 537 586 591 mihi,
613 537 798 581 Domine
822 541 934 582 Deus
956 553 1093 592 meus,
1127 547 1171 581 et
1201 538 1261 582 ita
1296 547 1359 582 est
1396 538 1441 580 in
1469 547 1705 597 conspeetu

314 617 391 651 tuo
411 608 465 650 de
487 608 568 650 hac
592 622 637 649 rc
660 622 734 650 eor
756 622 920 662 meum,
948 624 1037 652 non
1062 608 1186 652 facile
1209 608 1388 652 fortasse
1417 608 1471 652 de
1507 608 1588 651 hac
1610 623 1704 651 am·-

308 676 506 736 putanda
538 677 857 721 consuetudine
887 688 1069 722 matrem
1092 693 1234 721 meam
1258 677 1388 721 fuisse
1411 693 1645 732 cessuram,
1672 679 1705 721 si

307 748 362 793 ab
385 747 468 792 alio
491 748 811 807 prohiberetur,
839 764 970 808 quem
994 764 1083 793 non
1105 749 1218 792 sicut
1239 748 1515 791 Ambrosium
1539 747 1700 806 dilige-

309 818 400 873 bat,
425 833 558 878 quem
579 828 759 878 propter
780 818 964 863 salutem
987 834 1128 863 meam
1151 819 1336 862 maxime
1354 819 1587 877 diligebat,
1611 834 1705 862 eam

309 904 412 933 vero
431 889 503 932 ille
520 897 699 948 propter
720 891 756 949 ej
765 904 813 933 us
831 889 1191 947 religiosissimam
1209 890 1600 944 conversationem,
1619 905 1705 948 qua

308 960 354 1003 in
377 959 503 1004 bonis
527 960 732 1018 operibus
754 969 844 1004 tam
861 958 1031 1004 fervens
1054 960 1208 1018 spiritu
1231 959 1540 1019 frequentabat
1567 959 1706 1004 eccle-

307 1030 412 1075 siam
435 1050 444 1076 2
470 1032 529 1076 ita
562 1040 612 1075 ut
644 1047 757 1090 saepe
792 1041 1055 1091 erumperet,
1082 1047 1182 1075 cum
1215 1047 1285 1075 me
1319 1030 1502 1085 videret,
1535 1032 1581 1073 in
1615 1032 1704 1090 ejus

310 1101 682 1161 praedicationem,
707 1102 929 1160 gratulans
951 1102 1056 1145 mihi
1079 1101 1198 1161 quod
1220 1102 1352 1145 talem
1375 1112 1557 1145 matrem
1574 1101 1705 1144 habe-

311 1188 421 1227 rem,
457 1172 652 1216 nesciens
689 1171 864 1231 qualem
900 1171 973 1215 illa
1017 1186 1087 1214 me
1125 1169 1261 1213 filium
1275 1205 1285 1225 ,
1329 1171 1404 1230 qui
1446 1171 1704 1215 dubitabam

310 1242 364 1286 de
386 1241 471 1286 illis
489 1242 710 1297 omnibus,
731 1251 776 1286 et
803 1242 985 1286 inveniri
1016 1257 1138 1301 posse
1156 1241 1271 1286 viam
1299 1241 1398 1287 vitae
1422 1242 1600 1286 minime
1622 1258 1704 1301 pu-

309 1313 476 1358 tabam.

312 1492 1129 1512 WQWWUWUMWWWWRMNWWWWWWWWW
1134 1493 1701 1509 WUUSQWUVWWUUWWXVWBWUQKW

823 1627 1037 1676 CAPUT
1086 1631 1183 1675 ΙΙΙ·

563 1784 915 1843 Oecupcctiones
937 1793 983 1828 et
1004 1781 1165 1828 studia
1187 1781 1448 1828 Ambrosii.

370 1949 453 1990 III.
487 1947 574 1991 Nnc
586 1946 677 2004 jam
694 1944 1028 2003 ingemiscebam
1047 1943 1212 1987 orando
1230 1951 1279 1986 ut
1300 1942 1550 1986 subvenires
1568 1942 1697 2000 mihi3

311 2017 386 2061 sed
409 2016 463 2061 ad
484 2016 773 2076 quaerendum
794 2015 1004 2069 intentus,
1033 2022 1076 2056 et
1093 2014 1148 2057 ad
1162 2012 1458 2056 disserendum
1480 2013 1700 2073 inquietus

310 2097 402 2132 erat
413 2088 582 2132 animus
594 2102 730 2131 meus.
744 2089 981 2145 Ipsumque
992 2085 1268 2128 Ambrosium
1282 2083 1453 2128 felicem
1463 2084 1698 2144 quemdam

307 2159 529 2203 hominem
554 2156 797 2202 secundum
827 2155 1035 2200 saeculum
1069 2154 1295 2214 opinabar,
1321 2170 1452 2214 quem
1481 2155 1539 2199 sic
1567 2164 1698 2199 tantae

308 2238 543 2289 potestates
565 2229 858 2284 honorarent3
893 2224 1113 2269 caelibatus
1136 2233 1307 2268 tantum
1328 2226 1419 2284 ejus
1443 2225 1550 2268 mihi
1572 2224 1696 2269 labo-

309 2301 446 2345 riosus
462 2299 709 2345 videbatur.
729 2296 846 2351 Quid
869 2306 1015 2341 autem
1032 2296 1104 2340 ille
1121 2296 1211 2356 spei
1229 2306 1412 2354 gereret,
1432 2305 1475 2340 et
1493 2296 1697 2340 adversus

307 2371 441 2431 ipsius
474 2369 742 2416 excellentiae
771 2376 1039 2412 tentamenta
1069 2365 1178 2426 quid
1211 2366 1458 2411 luctaminis
1495 2367 1692 2422 haberet,

307 2442 471 2502 quidve
505 2440 726 2487 solaminis
757 2440 804 2483 in
833 2439 1036 2493 adversis,
1074 2446 1117 2481 et
1147 2436 1369 2482 occultum
1391 2453 1436 2482 os
1458 2439 1549 2497 ejus
1575 2436 1696 2497 quod

307 2522 399 2559 erat
419 2514 465 2558 in
483 2513 614 2559 corde
635 2513 724 2571 ejus
753 2525 885 2571 quam
907 2507 1054 2570 sapida
1074 2508 1228 2567 gaudia
1250 2506 1304 2552 de
1326 2523 1436 2567 pane
1458 2517 1535 2553 tuo
1554 2508 1693 2552 rumi-
