1871 3162
597 251 936 288 εοΝῑεεειοΝυΜ,
972 253 1053 278 LIB.
1091 253 1134 278 x.
1477 241 1559 280 249

190 326 233 361 et
265 332 504 361 assuescere
543 316 734 360 valerent
763 316 862 359 ullis
897 316 1026 359 rebus
1059 316 1140 359 nisi
1180 330 1256 375 per
1287 320 1556 361 memoriam.

192 387 399 431 Transibo
427 402 528 444 ergo
549 395 592 429 et
615 387 888 440 memoriam,
914 396 963 430 ut
985 386 1194 444 attingam
1221 399 1319 428 eum
1342 386 1416 445 qui
1438 402 1562 445 sepa-

190 458 296 501 ravit
319 472 386 499 me
407 471 428 498 a
463 456 820 515 quadrupedibus
838 491 848 511 ‚
874 465 916 500 et
939 454 1184 499 volatilibus
1206 455 1307 499 coeli
1333 456 1562 514 sapientio-

189 543 278 571 rem
301 542 368 570 me
385 527 502 571 fecit.
526 527 732 571 Transibo
750 536 793 571 et
809 528 1060 577 memoriam
1079 547 1089 583 3
1110 535 1153 570 et
1169 526 1246 569 ubi
1262 534 1304 570 te
1320 526 1560 583 inveniam,

188 613 287 642 vere
325 598 440 642 bona
486 607 529 642 et
572 613 722 642 secura
758 598 942 642 suavitas
967 600 985 641 P
1031 606 1073 641 et
1108 596 1183 640 ubi
1225 606 1267 641 te
1317 596 1563 641 inveniam?

112 644 234 731 ffCSi
275 676 431 727 praeter
463 668 714 712 memoriam
748 682 888 718 meam
924 677 966 711 te
998 666 1201 721 invenio,
1241 667 1466 710 immemor
1502 669 1563 710 tui

187 752 296 782 sum.
310 740 365 782 Et
377 738 598 798 quomodo
610 739 699 798 jam
713 737 929 783 inveniam
944 746 1002 792 te,
1017 738 1051 781 si
1066 752 1233 781 memor
1253 752 1341 781 non
1366 752 1462 780 sum
1479 729 1615 814 tui?7

1521 816 1591 838 -l

189 905 468 922 ΜΝΝἊΜΜΛᾹΑᾹ
474 905 540 921 tm

965 904 1104 922 mm
1107 904 1528 921 mmmfflmm
1533 905 1561 920 w

647 1039 864 1086 CAPUT
901 1041 1087 1087 ΧΠΠ.

216 1193 333 1240 Non
354 1195 639 1239 inveniretur
654 1209 712 1238 ea
739 1209 814 1237 res
832 1209 936 1250 quoe
954 1192 1133 1237 excidit
1150 1228 1160 1244 ‚
1186 1193 1282 1237 nisi
1305 1193 1537 1236 memoria

751 1272 1003 1307 teneretur.

243 1421 716 1464 xxvllfflmnmmzia:
738 1420 852 1463 enim
874 1419 1030 1462 mulier
1052 1418 1318 1470 drachmam,
1341 1429 1383 1463 et
1404 1419 1565 1479 quaesi-

186 1490 243 1535 vit
265 1505 358 1533 eam
381 1505 479 1534 cum
497 1488 673 1533 lucerna
695 1493 729 1542 ¹,
757 1498 799 1532 et
817 1489 898 1532 nisi
921 1504 1086 1533 memor
1109 1490 1198 1548 ejus
1219 1498 1329 1533 esset
1346 1524 1356 1543 ,
1383 1504 1472 1533 non
1495 1490 1566 1533 in-

186 1560 351 1604 veniret
376 1575 486 1603 eam.
511 1562 624 1604 Cum
648 1559 763 1602 enim
782 1568 890 1603 esset
909 1559 1084 1602 inventa
1102 1594 1112 1613 ,
1134 1559 1253 1602 unde
1275 1559 1402 1602 sciret
1419 1569 1566 1602 utrum

186 1631 275 1690 ipsa
310 1640 444 1685 esset,
475 1631 509 1674 si
542 1646 706 1674 memor
737 1631 826 1689 ejus
854 1645 942 1674 non
965 1632 1103 1674 esset?
1132 1629 1271 1674 Multa
1296 1630 1475 1673 memini
1498 1645 1567 1673 me

187 1701 354 1760 perdita
386 1701 588 1761 quaesisse
622 1711 753 1761 atque
787 1700 1015 1744 invenisse.
1056 1700 1164 1744 Inde
1185 1699 1299 1744 istud
1323 1701 1410 1744 scio
1428 1736 1438 1755 ,
1465 1701 1567 1760 quia

189 1786 288 1815 cum
312 1785 550 1830 quaererem
583 1769 748 1830 aliquid
776 1785 948 1823 eorum,
982 1779 1024 1813 et
1054 1770 1271 1814 diceretur
1300 1770 1433 1824 mihi,
1460 1785 1567 1813 num

190 1841 301 1886 forte
330 1842 413 1886 hoc
450 1851 540 1895 est,
579 1857 685 1884 num
720 1840 831 1885 sorte
855 1840 995 1885 illud?
1031 1842 1183 1884 tandiu
1211 1841 1409 1885 dicebam
1438 1861 1446 1885 :
1472 1843 1568 1885 Non

189 1921 273 1963 est,
299 1911 438 1955 donec
465 1911 509 1955 id
535 1912 765 1955 offerretur
793 1910 912 1970 quod
935 1911 1200 1970 quaerebam.
1222 1912 1356 1970 Cujus
1375 1911 1455 1954 nisi
1479 1926 1569 1954 me-

188 1998 282 2026 mor
315 1997 447 2025 essem
469 2016 479 2035 ,
506 1981 722 2040 quidquid
751 1980 862 2024 illud
883 1990 1014 2035 esset,
1046 1983 1173 2024 etiam
1197 1982 1231 2025 si
1254 1981 1360 2025 mihi
1387 1982 1569 2025 offerre·

189 2062 261 2096 tur
283 2067 370 2095 non
392 2051 629 2094 invenirem
649 2086 658 2105 ‚
681 2051 781 2110 quia
803 2066 894 2094 non
918 2066 1209 2108 agnoscerem.
1233 2054 1289 2095 Et
1310 2066 1478 2109 semper
1509 2051 1569 2094 ita

191 2122 270 2174 fit,
300 2136 400 2164 cum
429 2120 591 2180 aliquid
622 2119 841 2179 perditum
871 2121 1106 2179 quaerimus
1135 2130 1177 2164 et
1199 2121 1453 2165 invenimus.
1481 2123 1569 2163 Vc-

193 2202 437 2237 rumtamen
459 2192 492 2235 si
514 2191 624 2235 forte
646 2191 810 2251 aliquid
832 2191 886 2236 ab
907 2192 1042 2236 oculis
1080 2192 1213 2250 perit,
1246 2208 1334 2236 non
1357 2208 1379 2236 a
1403 2207 1570 2236 memo-

194 2264 276 2317 ria,
296 2261 431 2305 veluti
459 2277 614 2321 corpus
636 2261 865 2322 quodlibet
886 2260 1052 2306 visibile
1069 2297 1079 2316 ‚
1100 2271 1273 2306 tenetur
1291 2263 1407 2306 intus
1430 2263 1572 2320 imago

194 2334 311 2392 ejus,
347 2341 390 2375 et
415 2333 622 2392 quaeritur
653 2331 794 2376 donec
826 2331 1035 2376 reddatur
1062 2333 1269 2391 aspectui.
1304 2331 1433 2384 Quod
1471 2346 1571 2374 cum

192 2403 420 2446 inventum
442 2400 573 2446 fuerit
590 2437 601 2457 ‚
622 2417 674 2446 ex
691 2403 877 2459 imagine
896 2418 994 2461 quae
1016 2403 1130 2446 intus
1153 2412 1214 2446 est
1233 2402 1568 2459 recognoscitur.

193 2474 282 2518 Nec
300 2472 514 2517 invenisse
536 2488 613 2517 nos
634 2472 816 2517 dicimus
836 2471 956 2532 quod
978 2473 1187 2531 perierat,
1211 2472 1246 2516 si
1265 2487 1353 2517 non
1377 2471 1571 2530 agnosci-

238 2569 252 2590 ¹
268 2570 344 2601 Luc.
362 2579 416 2608 xv,
432 2571 460 2600 8.
