1871 3162
553 262 870 289 CONFESSIONUM
884 278 895 297 ‚
931 261 1014 286 ΠΒ.
1050 261 1079 286 1.
1485 249 1507 286 5

135 331 222 360 sem
240 351 255 370 ,
279 316 357 358 nisi
379 328 488 357 esses
504 314 549 357 in
563 316 663 357 me?
686 317 783 359 Non
806 313 919 356 enim
937 327 1017 370 ego
1030 312 1119 371 jam
1141 312 1186 354 in
1208 311 1368 366 inferis,
1395 321 1437 356 et
1453 321 1507 356 ta-

132 403 232 431 men
250 386 378 430 etiam
400 386 461 428 ibi
472 400 530 429 es.
548 388 656 430 Nam
671 385 748 429 etsi
767 383 1029 428 descendero
1052 383 1095 426 in
1113 381 1349 437 infernum,
1367 383 1506 427 ades¹.

130 460 227 503 Non
251 472 353 515 ergo
381 472 540 510 essem,
574 459 687 500 Deus
717 471 836 500 meus
858 491 868 510 ,
898 470 987 499 non
1021 455 1198 498 omnino
1232 469 1394 508 essem,
1433 454 1512 497 nisi

130 542 238 571 esses
262 527 306 569 in
330 541 412 570 me.
448 529 516 570 An
538 527 680 585 potius
713 541 801 569 non
830 540 961 568 essem
981 559 992 579 ,
1018 524 1099 568 nisi
1129 539 1262 567 essem
1294 524 1339 566 in
1363 532 1405 567 te
1426 558 1436 577 ,
1462 538 1512 566 ex

129 612 217 657 quo
239 597 385 641 omnia
402 631 412 650 ‚
432 611 510 655 per
531 611 662 655 quem
679 596 845 650 omnia,
871 595 914 638 in
938 610 1027 654 quo
1055 594 1410 639 omnia²PEtiam
1427 594 1509 645 sic,

128 668 326 721 Domine,
347 667 477 710 etiam
494 667 568 710 sic.
585 669 682 719 Quo
696 676 738 710 te
749 667 919 720 invoco,
941 681 1040 709 cum
1054 665 1100 708 in
1117 674 1159 708 te
1176 665 1379 708 simPAut
1393 663 1512 707 unde

127 737 271 780 venias
291 737 337 780 in
358 752 427 780 me
441 739 458 779 ‘3
472 739 568 790 Quo
590 737 703 780 enim
727 735 925 780 recedam
948 744 1066 779 extra
1086 734 1247 779 coelum
1273 743 1316 777 et
1333 743 1508 788 terram,

126 815 176 850 ut
195 805 297 849 inde
328 806 373 849 in
394 821 464 850 mc
487 807 630 850 veniat
656 809 769 850 Deus
786 821 930 861 meus,
952 806 1028 865 qui
1051 805 1161 849 dixit
1188 824 1195 848 ε
1227 823 1246 846 «
1270 803 1446 848 Coelum
1469 812 1512 847 et

129 893 149 917 υ
185 885 342 919 terram
354 890 432 933 ego
450 875 637 935 impleo3
656 876 673 917 ?
692 894 711 916 »

132 1040 1007 1059 Mmmxvmwxxxvvvxxvvuwtxwxaetvwxwtmnmwzxsxoem
1022 1039 1511 1058 ntuxwmmwxmnwmtvmmm

582 1175 800 1225 CAPUT
836 1178 924 1223 III.

170 1331 302 1375 Deus
329 1335 397 1376 sic
422 1329 594 1389 ubique
616 1340 761 1385 totus,
795 1340 845 1375 ut
872 1346 946 1375 res
971 1329 1106 1376 nulla
1131 1331 1285 1390 ipsum
1309 1339 1457 1374 totum

716 1402 900 1459 capiat.

166 1560 247 1601 ΙΙΙ.
265 1559 460 1602 CAPIUNT
482 1572 659 1616 ergo-ne
676 1566 719 1602 te
734 1556 896 1602 coelum
911 1567 954 1602 et
976 1566 1106 1612 terra,
1129 1558 1336 1618 quoniam
1359 1567 1408 1602 tu
1425 1557 1504 1601 im-

117 1626 208 1685 ples
229 1630 308 1670 ea‘?
331 1630 397 1670 An
415 1627 566 1686 imples
578 1663 588 1681 ,
614 1637 657 1671 et
671 1637 803 1672 restat
817 1663 827 1683 ,
845 1629 1053 1688 quoniam
1068 1643 1157 1672 non
1169 1638 1212 1672 te
1223 1628 1431 1687 capiunt?
1447 1630 1504 1672 Et

117 1713 205 1756 quo
243 1696 437 1741 refundis
459 1697 674 1758 quidquid
689 1733 699 1752 ‚
725 1698 904 1758 impleto
925 1697 1039 1742 coelo
1062 1707 1105 1742 et
1129 1708 1242 1742 terra
1258 1733 1269 1753 ,
1302 1707 1432 1743 restat
1453 1713 1504 1742 ex

117 1769 193 1810 te?
227 1770 295 1811 An
318 1783 407 1812 non
439 1783 546 1827 opus
577 1769 738 1823 habes,
769 1778 819 1813 ut
855 1784 1078 1829 quoquam
1101 1770 1385 1824 continearis,
1425 1770 1503 1829 qui

116 1837 310 1881 contines
327 1838 471 1881 omnia
485 1859 495 1895 3
515 1839 722 1897 quoniam
737 1855 836 1898 quae
852 1839 1019 1898 imples,
1036 1839 1301 1883 continendo
1318 1839 1470 1898 imples
1484 1841 1502 1882 ‘2

114 1909 210 1952 Non
233 1907 348 1950 enim
369 1924 468 1951 vasa
502 1924 602 1968 quae
623 1917 665 1952 te
687 1909 816 1968 plena
839 1919 966 1963 sunt,
1004 1909 1199 1953 stabilem
1228 1906 1268 1953 le
1302 1908 1497 1967 faciunt3

114 1978 214 2035 quia
237 1977 314 2021 etsi
346 1976 626 2034 frangantur,
653 1993 743 2020 non
764 1978 1016 2022 effunderis.
1048 1981 1103 2023 Et
1127 1994 1228 2023 cum
1261 1979 1499 2024 effunderis

114 2061 242 2105 super
264 2062 341 2090 nos
355 2081 365 2100 ‚
393 2062 479 2090 non
503 2056 551 2090 tu
569 2048 701 2106 jaces,
723 2047 798 2090 sed
821 2048 944 2104 erigis
967 2063 1067 2105 nos·,
1091 2063 1172 2092 nec
1192 2057 1242 2092 tu
1264 2048 1495 2107 dissiparis,

114 2116 189 2159 sed
222 2116 388 2175 colligis
415 2132 506 2161 nos.
536 2117 618 2161 Sed
654 2117 729 2177 qui
760 2117 913 2176 imples
935 2118 1080 2162 omnia
1099 2153 1110 2173 ‚
1139 2127 1182 2162 te
1213 2128 1305 2163 toto
1346 2120 1499 2179 imples

114 2188 292 2231 omnia?
325 2191 394 2231 An
427 2188 527 2247 quia
560 2204 649 2232 non
672 2198 852 2248 possunt
880 2198 922 2233 te
956 2198 1099 2234 totum
1135 2206 1289 2249 capere
1326 2191 1494 2246 omnia,

113 2267 278 2316 partem
306 2258 370 2301 tui
399 2259 606 2317 capiunt?
642 2268 685 2303 et
715 2259 868 2303 eadem
895 2269 1061 2319 partem
1095 2260 1225 2304 simul
1252 2263 1395 2305 omnia
1421 2277 1496 2307 ca-

112 2328 270 2386 piunt?
292 2331 359 2372 An
382 2329 569 2387 singulas
591 2329 784 2388 singula,
816 2339 859 2374 et
880 2332 1061 2390 majores
1099 2332 1282 2391 majora,
1308 2332 1495 2377 minores

112 2399 277 2442 minora
301 2400 509 2458 capiunt?
528 2403 643 2459 Ergo
676 2409 739 2445 est
760 2401 903 2461 aliqua
939 2417 1035 2460 pars
1068 2402 1133 2445 tui
1160 2402 1321 2462 major,
1350 2403 1494 2463 aliqua

112 2469 290 2513 minor?
311 2472 379 2513 An
400 2470 564 2529 ubique
594 2480 710 2515 totus
731 2486 795 2525 OS,
821 2480 864 2516 et
885 2487 950 2515 res
973 2471 1092 2516 nulla
1114 2482 1157 2516 te
1177 2481 1320 2517 totum
1347 2474 1492 2532 capit?

157 2566 169 2582 ¹
185 2564 262 2596 Psal.
283 2576 437 2605 cxxxvm,
457 2568 487 2598 8.
511 2584 550 2588 —
572 2573 584 2589 ²
604 2569 693 2599 Rom.
712 2579 756 2607 xr,
774 2567 828 2599 36.
850 2584 890 2591 —-
908 2566 920 2590 3
935 2570 1052 2600 Jerem.
1073 2579 1160 2607 xxm,
1180 2568 1233 2609 24.
