1871 3162
262 232 348 276 274
684 240 720 276 S.
754 242 984 276 Auens-nm
1015 246 1196 274 Bmscori

260 323 428 369 tervas‚
468 313 569 358 hinc
598 322 642 358 et
678 314 891 359 orationes
924 321 1083 358 nostrae
1114 326 1227 372 saepe
1257 311 1639 369 interrumpuntur

262 393 393 444 atque
411 384 660 438 turbantur,
684 393 728 428 et
749 393 848 428 ante
869 391 1150 442 conspectum
1165 392 1292 426 tuum
1313 379 1420 424 dum
1443 379 1499 424 ad
1520 394 1642 424 aures

259 463 355 499 tuas
377 470 527 499 vocem
551 453 693 498 cordis
727 453 1017 507 intendimus,
1043 452 1188 497 nescio
1221 452 1341 496 unde
1372 450 1639 495 irruentibus

260 525 499 584 nugatoriis
521 523 856 584 cogitationibus
877 539 942 567 res
966 532 1087 568 tanta
1105 521 1372 582 praeciditur.

261 691 475 708 ffifflfflusm
480 690 617 707 Um
622 691 691 707 -ἋΜ
696 691 903 707 mmm
907 689 1252 706 WWQWVMMQWWK
1257 689 1322 705 ww.
1326 688 1393 705 ΊΜΊ
1398 688 1462 704 νΙιἋ
1468 687 1603 704 «wvnttx
1608 688 1640 703 u

721 824 937 872 CAPUT
975 825 1202 871 xxxvi.

299 979 364 1025 Ut
381 995 433 1025 se
452 978 598 1025 habet
615 978 686 1025 ad
700 981 888 1024 tertiam
908 980 1186 1024 tentationis
1206 995 1375 1041 gemes,
1402 977 1532 1037 quod
1551 988 1619 1023 est

830 1048 1080 1110 superbioe.

322 1210 482 1253 LVIII.
517 1211 730 1263 NUMQUID
750 1209 876 1253 etiam
897 1210 981 1254 hoc
997 1209 1111 1253 iuter
1127 1208 1445 1254 contemnenda
1463 1208 1651 1268 deputa·

264 1280 424 1336 bimus,
453 1290 527 1324 aut
554 1280 719 1341 aliquid
746 1296 826 1325 nos
848 1283 1027 1326 reducet
1048 1283 1094 1325 in
1114 1297 1233 1341 spem
1264 1282 1347 1325 nisi
1369 1290 1461 1325 tota
1484 1281 1650 1326 miseri-

265 1350 411 1395 cordia
430 1360 520 1408 tua,
535 1351 742 1411 quoniam
760 1352 931 1411 coepisti
946 1362 1114 1396 mutare
1131 1353 1235 1397 nos?
1255 1355 1312 1396 Et
1325 1361 1374 1396 tu
1390 1352 1468 1395 scis
1490 1361 1651 1411 quanta

264 1436 315 1465 ex
350 1431 473 1481 parte
511 1422 771 1477 mutaveris,
813 1423 889 1482 qui
918 1438 989 1466 me
1021 1423 1220 1482 primitus
1257 1437 1380 1466 sanas
1413 1438 1438 1466 a
1469 1422 1651 1466 libidine

262 1492 512 1537 vindicandi
539 1508 630 1547 me,
665 1503 714 1538 ut
740 1493 953 1552 propitius
986 1495 1062 1538 fias
1093 1495 1222 1538 etiam
1251 1493 1417 1538 caeteris
1445 1494 1651 1537 omnibus

262 1563 565 1623 iniquitatibus
596 1563 718 1617 meis,
749 1573 790 1606 et
827 1579 948 1607 sanes
977 1579 1126 1608 omnes
1158 1563 1390 1622 languores
1428 1579 1568 1618 meos,
1610 1573 1653 1608 et

265 1633 450 1678 redimas
484 1633 538 1677 de
572 1634 852 1693 corruptione
885 1634 1018 1678 vitam
1051 1649 1208 1688 meam,
1240 1643 1282 1678 et
1315 1649 1493 1678 corones
1517 1634 1652 1678 mein

263 1704 539 1748 miseratione
561 1713 603 1748 et
626 1703 931 1758 misericordia,
965 1714 1007 1748 et
1025 1704 1149 1748 saties
1172 1704 1217 1747 in
1240 1704 1365 1748 bonis
1387 1703 1650 1749 desiderium

265 1776 461 1830 meum13
491 1774 568 1834 qui
591 1773 879 1833 compressisti
900 1790 922 1817 a
946 1774 1102 1818 timore
1123 1783 1199 1819 tuo
1218 1775 1463 1833 superbiam
1487 1790 1647 1828 meam,

265 1854 308 1889 et
329 1842 650 1888 mansuefecisti
666 1845 773 1903 jugo
795 1854 873 1889 tuo
894 1845 1104 1889 cervicem
1128 1860 1284 1888 meam.
1312 1847 1367 1888 Et
1389 1860 1508 1889 nunc
1525 1854 1652 1904 porto

265 1914 392 1970 illud,
418 1924 460 1959 et
481 1914 579 1958 lene
601 1925 665 1959 est
688 1915 810 1969 mihi,
840 1915 1047 1975 quoniam
1070 1915 1128 1958 sic
1151 1914 1384 1974 promisisti
1399 1925 1442 1959 et
1456 1915 1595 1959 fecisti
1610 1920 1650 1972 ‘³3

265 1995 308 2030 et
323 2001 424 2030 vere
440 1986 498 2029 sic
518 1994 625 2040 erat,
646 1995 689 2028 et
706 1986 950 2028 nesciebam
965 1984 1140 2045 quando
1158 1985 1204 2028 id
1221 1986 1366 2028 subire
1385 1985 1648 2029 metuebam.

268 2057 352 2102 Sed
380 2056 614 2116 numquid,
647 2056 843 2111 Domine,
869 2054 945 2116 qui
977 2055 1093 2101 solus
1123 2057 1214 2100 sine
1237 2057 1375 2114 typho
1398 2056 1648 2110 dominaris,

266 2127 368 2187 quia
401 2127 518 2171 solus
549 2142 676 2170 verus
712 2126 920 2170 Dominus
954 2141 997 2170 es
1030 2126 1106 2185 qui
1127 2142 1216 2169 11011
1238 2126 1371 2170 habes
1393 2125 1644 2183 dominum,

266 2197 483 2258 numquid
501 2198 585 2241 hoc
607 2213 784 2257 quoque
805 2197 982 2240 tertium
1004 2196 1253 2240 tentationis
1276 2211 1411 2256 genus
1433 2197 1612 2242 cessavit
1628 2213 1653 2243 a

267 2284 354 2323 me,
373 2278 448 2313 aut
465 2283 628 2313 cessare
645 2268 690 2311 in
707 2269 788 2312 hac
806 2276 896 2311 tota
917 2267 1005 2311 vita
1021 2268 1187 2326 potest?

327 2341 443 2382 LIX.
481 2338 639 2382 Timeri
655 2347 698 2381 et
715 2338 847 2381 amari
863 2336 974 2381 velle
994 2337 1047 2381 ab
1068 2336 1341 2392 hominibus,
1371 2353 1461 2382 non
1478 2347 1655 2397 propter

271 2408 405 2464 aliud,
439 2408 515 2452 sed
548 2417 598 2452 ut
627 2406 728 2451 inde
749 2408 803 2451 sit
825 2407 1035 2466 gaudium
1068 2407 1188 2467 quod
1212 2423 1301 2451 11011
1330 2416 1394 2452 est
1425 2409 1651 2467 gaudium,

268 2479 421 2524 misera
456 2479 543 2525 vita
575 2487 654 2534 est,
692 2487 735 2523 et
770 2477 891 2524 foeda
918 2479 1141 2539 jactantia.
1168 2479 1279 2524 Hinc
1301 2480 1351 2524 fit
1372 2478 1443 2525 vel
1471 2480 1654 2526 maxime

313 2578 326 2599 ¹
344 2576 425 2610 Psal.
438 2588 493 2619 cu,
511 2576 588 2611 3-5.
605 2592 647 2601 —
665 2583 680 2601 ²
697 2576 819 2610 Matth.
837 2587 886 2618 xr,
899 2575 953 2610 30.
