1871 3162
586 239 931 278 CONFESSIONUM,
967 242 1049 268 Lus.
1087 244 1147 270 iv.
1504 235 1556 272 87

177 304 308 352 facies
323 319 418 349 mea
439 318 525 364 qua
537 303 779 349 illuminata
795 304 1026 348 cernebam
1044 339 1055 358 ‚
1090 321 1180 350 non
1209 305 1557 352 illuminabatur.

176 373 402 435 Quidquid
422 374 478 418 de
495 384 585 419 arte
606 374 815 435 loquendi
836 383 880 419 et
901 373 1139 419 disserendi
1157 410 1168 430 ,
1189 376 1406 436 quidquid
1422 377 1476 420 de
1493 378 1560 421 di-

175 444 469 489 mensionibus
490 445 725 502 figurarum
742 480 752 500 ,
778 453 821 489 et
838 443 893 488 de
909 444 1082 489 musicis
1104 453 1149 488 et
1168 444 1224 488 de
1255 446 1447 489 numeris
1473 447 1563 491 sine

174 529 331 572 magna
347 513 621 570 difficultate,
644 514 768 559 nullo
782 515 1016 559 hominum
1037 514 1251 571 tradente,
1264 515 1473 571 intellexi,
1488 516 1568 561 scis

175 592 225 628 tu
240 619 252 639 ,
282 585 464 629 Domine
487 588 602 630 Deus
623 600 768 643 meus,
798 585 901 645 quia
922 594 965 630 et
987 584 1180 630 celeritas
1203 585 1506 644 intelligendi,
1529 596 1572 631 et

174 654 430 713 dispiciendi
448 670 656 711 acumen,
673 654 841 700 donum
855 665 984 700 tuum
1002 664 1088 714 est,
1108 657 1184 701 sed
1202 672 1292 701 non
1313 656 1415 701 inde
1436 657 1570 701 sacri-

173 724 359 768 ficabam
381 724 476 768 tibi.
499 728 657 786 Itaque
678 726 786 770 mihi
819 741 909 771 non
927 725 982 770 ad
999 741 1142 782 usum,
1158 726 1234 771 sed
1266 727 1322 771 ad
1338 727 1574 787 perniciem

171 795 305 852 magis
321 794 516 851 valebat,
550 797 653 856 quia
671 806 764 841 tam
783 796 945 841 bonam
977 805 1147 856 partem
1179 797 1433 842 substantiae
1459 813 1568 841 meae

171 866 305 923 sategi
327 865 487 910 habere
519 867 565 910 in
602 876 868 926 postestate:
901 876 944 911 et
977 866 1282 912 fortitudinem
1316 879 1458 908 meam
1479 879 1568 908 non

171 935 226 980 ad
254 944 297 979 te
326 936 623 980 custodiebam
643 940 684 991 ¹3
722 939 797 979 sed
825 933 1048 993 profectus
1079 949 1174 978 sum
1209 934 1284 978 abs
1312 943 1356 978 te
1389 935 1436 978 in
1467 934 1565 978 lon-

172 1005 380 1064 ginquam
410 1006 656 1062 regionem,
692 1015 741 1049 ut
772 1019 869 1048 eam
890 1004 1140 1063 dissiparem
1160 1005 1207 1047 in
1228 1004 1471 1048 meretrices
1483 1020 1563 1049 cu-

169 1074 411 1134 piditates‘2.
437 1077 545 1120 Nam
569 1073 677 1134 quid
698 1076 804 1118 mihi
828 1074 1031 1134 proderat
1052 1074 1168 1118 bona
1190 1089 1277 1129 reS,
1306 1089 1396 1118 non
1427 1076 1564 1119 utenti

168 1144 310 1188 bene?
338 1147 434 1189 Non
456 1145 571 1188 enim
596 1145 836 1189 sentiebam
856 1144 950 1187 illas
977 1153 1109 1197 artes,
1131 1144 1341 1188 etiam'ab
1359 1143 1560 1190 studiosis

168 1223 211 1257 et
233 1214 462 1271 ingeniosis
479 1214 735 1258 difficillime
752 1213 935 1271 intelli-gi
952 1248 963 1269 ,
990 1214 1068 1258 nisi
1090 1229 1191 1258 cum
1213 1215 1272 1258 eis
1294 1214 1465 1258 easdem
1483 1230 1558 1260 co-

165 1285 300 1328 nabar
314 1300 528 1344 exponere
549 1305 559 1342 3
583 1294 625 1329 et
645 1294 737 1329 erat
757 1285 841 1337 fille
879 1284 1261 1330 excellentissimus
1287 1286 1334 1330 in
1367 1287 1447 1341 eis,
1483 1287 1558 1346 qui

165 1369 235 1397 me
259 1364 552 1413 exponentem
566 1371 655 1399 non
672 1355 836 1399 tardius
863 1364 1132 1415 sequeretur.

228 1427 393 1467 XXXI.
432 1426 514 1469 Sed
532 1426 638 1484 quid
657 1426 765 1469 mihi
787 1426 869 1469 hoc
892 1425 1117 1484 proderat,
1143 1426 1315 1484 putanti
1335 1426 1455 1485 quod
1482 1435 1553 1481 tu,

167 1494 353 1538 Domine
377 1497 490 1537 Deus
503 1494 657 1538 veritas
673 1529 683 1548 ‚
709 1509 866 1553 corpus
884 1509 993 1537 esses
1009 1495 1208 1538 lucidum
1231 1505 1274 1540 et
1294 1496 1556 1539 immensum
1583 1503 1603 1519 '¹‘

167 1573 211 1607 et
231 1579 311 1621 ego
333 1562 518 1607 frustum
530 1562 584 1607 de
606 1562 681 1607 illo
703 1565 909 1622 corpore?
932 1563 1071 1609 Nimia
1093 1563 1362 1622 perversitas.
1391 1562 1475 1607 Sed
1496 1564 1555 1607 sic

167 1649 298 1678 eram.
324 1636 412 1678 Nec
433 1634 656 1688 erubesco,
685 1637 798 1677 Deus
817 1648 938 1676 meus
954 1668 965 1687 ,
991 1634 1189 1678 confiteri
1206 1634 1287 1677 tibi
1308 1634 1353 1677 in
1377 1649 1446 1677 me
1474 1635 1556 1677 mi-

167 1702 417 1748 sericordias
436 1713 546 1758 tuas,
568 1713 610 1748 et
631 1704 832 1747 invocare
847 1712 905 1756 te,
928 1703 1004 1762 qui
1020 1718 1110 1747 non
1127 1703 1284 1746 erubui
1297 1712 1404 1748 tunc
1421 1705 1555 1763 profi-

165 1775 246 1819 teri
268 1775 515 1819 hominibus
534 1775 821 1833 blasphemias
838 1789 955 1817 meas
968 1808 979 1828 ,
1010 1783 1054 1817 et
1069 1773 1217 1817 latrari
1238 1772 1467 1818 adversum
1489 1784 1547 1819 te.

167 1844 280 1898 Quid
297 1860 400 1903 ergo
419 1845 526 1888 mihi
547 1854 651 1889 tunc
667 1844 871 1904 proderat
888 1844 1112 1903 ingenium
1129 1859 1205 1903 per
1222 1843 1316 1888 illas
1337 1845 1554 1889 doctrinas

167 1914 278 1973 agile
296 1949 307 1968 ,
337 1923 379 1957 et
409 1913 532 1958 nullo
566 1913 832 1958 adminiculo
854 1914 1036 1957 humani
1060 1914 1292 1972 magisterii
1313 1923 1379 1958 tot
1414 1913 1554 1959 nodo-

167 1984 316 2028 sissimi
345 1984 443 2028 libri
477 1983 682 2039 enodati,
720 1999 821 2028 cum
851 1983 1104 2028 deformiter
1124 1994 1167 2028 et
1189 1983 1394 2043 sacrilega
1415 1986 1554 2044 turpi-

167 2053 320 2098 tudine
341 2054 386 2097 in
409 2053 605 2098 doctrina
623 2054 792 2112 pietatis
815 2055 1031 2098 errarem?
1049 2056 1138 2098 Aut
1152 2054 1258 2114 quid
1269 2063 1440 2098 tantum
1455 2055 1554 2098 ohe-

167 2133 234 2168 rat
255 2124 442 2183 parvulis
462 2125 547 2169 tuis
569 2123 700 2183 longe
722 2126 887 2169 tardius
907 2125 1130 2184 ingenium
1144 2160 1155 2180 ,
1189 2141 1290 2169 cum
1314 2141 1337 2169 a
1359 2134 1401 2169 te
1421 2126 1552 2185 longe

169 2210 259 2239 non
277 2194 550 2249 recederent,
575 2196 682 2239 utin
698 2195 801 2239 nido
819 2194 1021 2239 Ecclesiae
1037 2205 1122 2240 tuae
1140 2196 1223 2239 tuti
1237 2195 1554 2254 plumescerent

170 2274 213 2309 et
238 2263 324 2308 alas
341 2265 559 2309 charitatis
583 2264 789 2310 alimento
803 2281 916 2310 sanae
933 2265 1035 2310 fidei
1057 2267 1274 2310 nutrirent
1289 2268 1355 2310 ΡΟ
1372 2268 1554 2311 Domine

170 2339 285 2381 Deus
308 2345 476 2382 noster,
502 2337 548 2380 in
569 2336 812 2382 velamento
832 2336 999 2381 alarum
1024 2347 1196 2382 tuarum
1217 2340 1463 2397 speremus3
1480 2359 1491 2396 3
1510 2347 1553 2382 et

170 2415 347 2465 protege
376 2421 454 2450 nos
471 2440 482 2460 ,
508 2415 551 2450 et
578 2415 701 2465 porta
724 2422 817 2451 nos.
846 2410 911 2451 Tu
941 2408 1133 2466 portabis
1170 2417 1212 2452 et
1243 2407 1470 2466 parvulos,
1510 2417 1552 2452 et

219 2509 230 2527 ¹
251 2503 434 2545 Psalmvni,
458 2515 507 2536 10.
533 2521 573 2527 --
596 2511 608 2528 ²
628 2506 704 2537 Luc.
721 2515 776 2545 xv,
807 2513 858 2545 12,
881 2505 920 2538 13
938 2510 972 2537 et
997 2505 1048 2537 30.
1067 2521 1108 2528 —
1130 2503 1143 2527 3
1164 2504 1245 2536 Psal.
1264 2514 1341 2545 an,
1360 2505 1392 2537 8.
