1871 3162
309 221 362 258 28
756 233 788 259 s.
826 233 1052 261 AUGUSTIM
1087 234 1264 261 EPISCOPI

1047 408 1095 423 {M

1261 410 1345 425 mm

801 539 1016 589 CAPUT
1065 542 1176 589 XQX

370 699 470 744 Pro
508 698 641 745 bonis
669 700 763 746 sibi
792 703 840 746 in
859 703 1070 761 pueritia
1101 701 1289 748 collatis
1315 702 1422 749 Deo
1442 704 1634 765 gratias

941 772 1060 834 agit.

366 928 530 970 XXXI.
560 928 643 972 SED
665 935 809 971 tamen
825 962 836 982 3
864 929 1063 983 Domine,
1080 928 1161 972 tibi
1178 928 1537 973 excellentissimo
1559 937 1692 988 atque

312 998 476 1056 optimo
493 998 709 1042 conditori
739 1007 780 1043 et
807 999 964 1043 rectori
985 999 1275 1043 universitatis
1290 1034 1301 1055 ,
1322 1003 1413 1044 Deo
1428 1009 1578 1044 nostro
1595 1015 1693 1057 gra-

311 1068 416 1121 tias,
454 1067 620 1111 etiamsi
652 1083 722 1112 me
754 1083 939 1127 puerum
971 1077 1142 1112 tantum
1178 1084 1268 1113 esse
1303 1068 1528 1113 voluisses.
1561 1072 1693 1114 Eram

311 1137 426 1180 enim
454 1138 582 1180 etiam
606 1147 733 1192 tunc,
761 1139 959 1182 vivebam
979 1172 990 1193 ‚
1019 1147 1151 1198 atque
1173 1139 1412 1182 sentiebam
1428 1174 1440 1193 ‚
1465 1154 1694 1199 meamque

310 1206 654 1251 incolumitatem
697 1208 925 1267 vestigium
970 1208 1264 1252 secretissimae
1299 1209 1477 1252 unitatis
1513 1224 1565 1252 ex
1606 1225 1694 1268 qua

311 1292 455 1332 eram,
480 1293 595 1321 curae
617 1278 834 1321 habebam
853 1299 864 1335 3
890 1278 1189 1322 custodiebam
1208 1279 1412 1323 interiore
1435 1294 1564 1323 sensu
1584 1280 1695 1323 inte-

312 1350 510 1408 gritatem
544 1365 747 1394 sensuum
782 1365 1001 1403 meorum,
1032 1350 1166 1408 inque
1198 1349 1298 1408 ipsis
1328 1350 1497 1408 parvis,
1536 1365 1692 1408 parva-

312 1435 496 1479 rumque
524 1436 670 1464 rerum
702 1421 1036 1479 cogitationibus
1067 1420 1248 1464 veritate
1281 1418 1546 1464 delectabar.
1581 1419 1693 1464 Falli

310 1491 536 1547 nolebam,
562 1493 769 1536 memoria
790 1488 991 1550 vigebam
1009 1526 1019 1544 ‚
1045 1489 1266 1534 locutione
1287 1490 1533 1535 instruebar
1551 1525 1562 1546 ‚
1588 1491 1694 1534 ami-

309 1563 407 1607 cilia
441 1563 665 1608 mulcebar
684 1599 695 1619 ‚
718 1563 938 1622 fugiebam
974 1561 1170 1606 dolorem
1187 1597 1197 1617 ,
1225 1562 1532 1622 abjectionem,
1566 1563 1692 1620 igno-

309 1635 508 1679 rantiam.
534 1633 649 1687 Quid
685 1634 731 1677 in
752 1633 828 1678 tali
850 1633 1069 1677 animante
1090 1647 1180 1676 non
1209 1632 1408 1676 mirabile
1430 1642 1560 1693 atque
1594 1632 1692 1677 lau-

309 1703 452 1747 dabile
469 1705 486 1745 ⁶?
503 1707 560 1748 At
586 1704 665 1748 ista
693 1704 838 1748 omnia
864 1703 941 1747 Dei
961 1703 1046 1746 mei
1074 1703 1189 1746 dona
1211 1711 1342 1760 sunt3
1367 1718 1456 1747 non
1483 1703 1591 1746 mihi
1612 1717 1693 1761 ego

309 1773 409 1817 dedi
431 1775 524 1817 haec
545 1795 556 1831 3
581 1784 623 1817 et
648 1775 761 1818 bona
793 1783 894 1818 sunt
913 1809 923 1825 ,
946 1783 989 1817 et
1014 1774 1108 1817 haec
1127 1773 1272 1816 omnia
1302 1788 1395 1831 ego.
1422 1777 1568 1818 Bonus
1589 1788 1693 1832 ergo

310 1855 371 1889 ost
393 1845 468 1905 qui
494 1846 596 1890 fecit
614 1862 708 1900 me,
736 1855 778 1889 et
802 1847 891 1905 ipse
913 1855 976 1889 est
1008 1846 1170 1888 bonum
1193 1860 1339 1888 meum
1359 1880 1369 1898 ,
1399 1854 1441 1888 et
1463 1844 1526 1888 illi
1547 1844 1692 1889 exulto

311 1916 432 1960 bonis
455 1916 656 1959 omnibus
679 1916 839 1974 quibus
858 1916 988 1959 etiam
1012 1930 1119 1974 puer
1137 1930 1269 1958 eram.
1293 1917 1385 1959 Hoc
1403 1916 1518 1958 enim
1536 1931 1692 1974 pecca-

312 1986 409 2029 bam
429 2020 440 2041 ,
474 1985 593 2046 quod
628 2002 717 2029 non
740 1987 783 2029 in
814 1986 922 2044 ipso,
949 1985 1088 2028 sedin
1110 1985 1315 2028 creaturis
1337 1988 1445 2043 ejus,
1474 1999 1542 2028 me
1560 1994 1692 2044 atque

310 2057 474 2100 caeteris
491 2092 500 2110 ‚
525 2056 772 2116 voluptates
789 2091 800 2111 3
837 2055 1123 2099 sublimitates
1139 2089 1149 2108 ‚
1184 2055 1385 2098 veritates
1407 2055 1657 2114 quaerebam
1675 2077 1687 2114 3

309 2136 439 2186 atque
461 2128 518 2170 ita
540 2127 760 2170 irruebam
781 2126 827 2169 in
849 2124 1020 2169 dolores
1035 2159 1045 2178 ,
1070 2123 1361 2178 confusiones,
1386 2139 1565 2169 errores.
1587 2127 1690 2170 Gra-

309 2198 387 2241 tias
415 2197 511 2253 tibi,
546 2195 732 2240 dulcedo
764 2211 875 2250 mea,
906 2203 949 2238 et
974 2195 1115 2238 honor
1140 2209 1282 2248 metm,
1316 2203 1359 2238 et
1386 2193 1545 2239 fiducia
1576 2210 1687 2251 mea,

310 2272 422 2312 Deus
459 2283 593 2311 meus.
621 2267 787 2311 Gratias
820 2266 900 2311 tibi
928 2265 982 2308 de
1019 2265 1146 2309 donis
1175 2265 1288 2320 tuis,
1313 2264 1388 2308 sed
1419 2274 1469 2309 tu
1504 2266 1610 2310 mihi
1642 2282 1691 2310 ea

310 2355 443 2384 serva.
467 2343 532 2383 Ita
550 2339 662 2383 enim
679 2338 867 2383 servabis
890 2352 958 2381 me
976 2358 987 2395 3
1012 2346 1055 2380 et
1074 2337 1354 2396 augebuntur
1368 2372 1379 2392 ‚
1398 2347 1442 2381 et
1463 2338 1691 2397 perficien—

312 2419 383 2452 tur
402 2425 500 2468 quae
518 2409 674 2453 dedisti
697 2409 830 2464 mihi,
856 2417 899 2452 et
918 2422 991 2451 ero
1012 2407 1103 2466 ipse
1124 2416 1270 2451 tecum
1291 2427 1302 2464 3
1322 2407 1424 2466 quia
1446 2417 1489 2452 et
1510 2417 1560 2452 ut
1579 2408 1659 2453 sim
1677 2443 1688 2462 ‚

316 2489 362 2522 tu
379 2478 535 2523 dedisti
556 2479 678 2522 mihi.
