1871 3162
239 200 322 239 196
675 210 710 240 s.
745 210 977 240 mensum
1009 211 1190 239 zmscom

234 277 451 335 dicanius3
477 277 651 336 gaudet.
687 280 919 324 Narramus
941 276 1313 338 quemadmodum
1336 285 1503 335 gestum
1532 276 1616 333 sit3

233 347 398 393 exultat
408 358 451 394 et
462 350 705 409 triumphat
717 371 727 407 3
743 359 786 393 et
796 348 1084 394 benedicebat
1093 348 1188 404 tihi,
1201 349 1277 409 qui
1287 357 1440 408 potens
1451 363 1494 392 es
1505 347 1620 391 ultra

235 434 368 478 quam
385 419 573 479 petimus
593 429 667 464 aut
683 419 962 478 intelligimus
979 419 1120 463 faeere
1131 422 1163 474 ¹,
1184 420 1284 478 quia
1299 428 1421 463 tanto
1436 417 1620 477 amplius

236 489 319 532 sibi
342 505 366 533 a
387 499 431 533 te
467 505 716 534 concessum
748 489 803 532 de
823 504 893 532 me
921 489 1096 533 videbat
1127 505 1258 549 quam
1282 499 1427 549 petere
1455 488 1621 532 solebat

234 559 553 603 miserabilibus
566 559 872 619 flebilibusque
885 560 1134 618 gemitibus.
1149 559 1410 604 Convertisti
1424 559 1539 602 enim
1552 573 1621 601 me

235 628 291 672 ad
312 638 354 673 te
366 664 376 684 ‚
393 639 443 673 ut
464 645 545 673 nec
563 644 743 674 uxorem
762 645 1020 688 quaererem,
1038 645 1118 674 nec
1135 629 1324 689 aliquam
1340 645 1460 688 spem
1476 628 1622 673 saeculi

235 700 385 758 hujus,
412 709 527 744 stans
547 701 592 743 in
614 715 662 743 ea
680 699 828 759 regula
845 699 947 744 fidei
965 701 1011 744 in
1029 716 1115 761 qua
1131 716 1200 744 me
1219 710 1319 744 ante
1340 709 1406 744 tot
1427 715 1562 744 annos
1583 700 1622 742 ei

234 769 515 814 revelaveras.
532 773 589 815 Et
604 772 857 816 convertisti
871 771 1040 816 luctum
1053 774 1145 832 ejus
1164 773 1208 815 in
1229 772 1434 830 gaudium
1447 774 1465 797 2
1482 770 1622 814 multo

235 840 414 884 uberius
449 856 580 900 quam
612 840 834 896 voluerat,
874 852 917 886 et
945 842 1085 886 multo
1107 843 1278 887 charius
1312 851 1442 902 atque
1467 841 1622 885 castius

233 924 366 966 quam
389 910 443 953 de
467 911 704 968 nepotibus
725 912 866 956 carnis
887 927 997 956 meae
1014 913 1279 972 requirebat.
1525 917 1537 922 “

281 1018 290 1036 ¹
311 1015 426 1058 Ephes.
444 1027 489 1057 ιιι,
512 1026 564 1049 20.
588 1032 629 1039 —
646 1023 659 1038 2
685 1017 767 1049 Psal.
786 1028 874 1058 xxix,
899 1027 947 1049 12.
