1871 3162
564 272 881 301 coNFESSIONUM
902 291 912 311 ,
948 275 1030 300 ΜΒ.
1068 275 1127 299 iv.
1480 265 1534 303 73

157 342 358 386 mirabar.
389 343 504 384 Bene
526 340 701 400 quidem
730 339 835 384 dixit
853 341 907 384 de
929 340 1068 384 amico
1091 354 1169 384 suo
1204 359 1211 382 :
1253 357 1273 380 «
1296 339 1534 385 Dimidium

159 431 178 453 »
215 413 366 455 animae
391 413 544 453 meae1.
570 429 590 452 »
613 413 722 456 Nam
754 425 832 468 ego
864 411 975 454 sensi
997 410 1182 454 animam
1220 424 1361 453 meam
1384 419 1428 453 et
1450 412 1538 454 ani-

154 497 270 525 mam
290 480 404 524 illius
426 496 557 524 unam
580 480 709 525 fuisse
732 481 917 526 animam
940 482 985 525 in
1003 480 1176 525 duobus
1193 480 1476 539 corporibus3
1496 490 1539 525 et

155 552 253 595 ideo
268 551 372 594 mihi
386 551 551 595 horrori
571 545 661 595 erat
677 551 764 596 vita
775 586 785 606 ‚
803 552 904 611 quia
922 550 1125 596 nolebam
1140 550 1346 595 dimidius
1362 551 1507 595 vivere
1524 568 1536 603 ;

153 629 197 665 et
226 619 324 665 ideo
356 619 467 665 forte
503 621 613 665 mori
650 622 927 677 metuebam,
958 636 1014 665 ne
1043 630 1160 666 totus
1190 620 1264 665 ille
1293 629 1538 666 moreretur

154 706 286 751 quem
308 691 497 737 multum
515 707 758 780 argaveram
771 696 803 736 2.

153 860 644 877 mmmmm

1001 859 1531 877 ΜΛΛΜΜΙἏᾸΛΜΜΜΜΜΜ

647 992 863 1040 CAPUT
900 993 1007 1039 VH.

401 1147 430 1190 I
434 1146 719 1204 mpatz'enticz
738 1143 915 1189 doloris
937 1153 1092 1188 mutat
1110 1142 1278 1188 locum.

208 1308 309 1349 XII.
327 1306 364 1349 Ο
380 1307 649 1348 DEMENTIAM
661 1305 924 1348 nescientem
937 1303 1116 1361 diligere
1128 1303 1328 1347 homines
1338 1302 1541 1346 humani-

153 1376 240 1419 ter!
267 1391 293 1418 ο
316 1375 499 1418 stultum
516 1375 739 1418 hominem
757 1373 1042 1418 immoderate
1060 1374 1254 1417 humana
1271 1373 1508 1432 patientem
1522 1407 1538 1427 ,

154 1445 275 1504 quod
295 1460 375 1503 ego
392 1454 498 1488 tunc
520 1445 658 1488 eram!
686 1447 838 1503 Itaque
855 1444 1094 1488 aestuabam
1110 1479 1121 1497 ‚
1146 1443 1415 1502 suspirabam
1430 1478 1440 1497 ,
1462 1443 1542 1486 sse·

152 1514 275 1568 bam,
310 1514 546 1570 turbabar3
570 1528 650 1556 nec
677 1515 845 1572 requies
867 1522 957 1556 erat
975 1547 986 1566 ,
1009 1528 1088 1556 nec
1108 1513 1353 1556 consilium.
1382 1516 1539 1555 Porta-

153 1584 255 1628 bam
270 1584 385 1627 enim
398 1584 653 1627 conscissam
670 1592 713 1627 et
725 1591 950 1626 cruentam
963 1582 1151 1625 animam
1163 1597 1304 1625 meam
1317 1581 1543 1639 impatien-

156 1663 244 1697 tem
266 1669 290 1697 a
310 1668 380 1696 me
401 1654 590 1711 portari,
616 1662 656 1696 et
684 1652 761 1695 ubi
790 1667 884 1695 eam
903 1666 1111 1710 ponerem
1135 1667 1224 1695 non
1245 1651 1536 1695 inveniebam.

155 1726 252 1768 Non
275 1723 320 1766 in
342 1723 525 1766 amoenis
547 1722 798 1766 nemoribus
820 1741 828 1765 :
853 1736 942 1765 non
964 1722 1007 1764 in
1026 1720 1140 1764 ludis
1163 1730 1294 1780 atque
1313 1720 1512 1764 cantibus
1532 1740 1540 1765 :

155 1809 236 1838 nec
257 1794 303 1837 in
326 1793 678 1837 suaveolentibus
701 1793 806 1837 locis
834 1812 842 1836 :
868 1807 947 1835 nec
978 1791 1024 1835 in
1053 1792 1261 1835 conviviis
1291 1792 1506 1850 apparatis
1532 1811 1540 1836 z

156 1879 298 1923 neque
319 1864 365 1906 in
386 1863 611 1921 voluptate
635 1862 788 1906 cubilis
811 1871 854 1906 et
873 1861 975 1906 lecti
1000 1881 1008 1906 :
1035 1877 1123 1906 non
1146 1861 1335 1921 denique
1357 1861 1403 1904 in
1424 1860 1544 1905 libris

158 1943 289 1993 atque
313 1934 575 1977 carminibus
595 1931 910 1991 acquiescebat.
939 1931 1185 1976 Horrebant
1207 1932 1372 1985 omnia,
1393 1940 1435 1974 et
1455 1931 1544 1990 ipsa

157 2004 232 2047 lux
252 2025 262 2061 3
297 2013 340 2047 et
361 2002 578 2062 quidquid
607 2018 694 2046 non
718 2012 808 2046 erat
830 2002 951 2061 quod
972 2001 1045 2045 ille
1077 2011 1168 2045 erat
1183 2036 1193 2055 ‚
1221 2001 1468 2059 improbum
1502 2010 1545 2044 et

157 2074 356 2118 odiosum
376 2082 467 2116 erat
486 2108 496 2126 ‚
534 2081 691 2130 praeter
715 2073 925 2130 gemitum
959 2080 1002 2114 et
1030 2071 1257 2128 lacrymas.
1284 2074 1395 2115 Nam
1417 2071 1463 2114 in
1487 2071 1544 2114 eis

156 2143 253 2188 solis
270 2142 539 2203 aliquantula
562 2143 746 2202 requies.
770 2142 852 2186 Ubi
871 2151 1017 2185 autem
1037 2142 1139 2186 inde
1155 2141 1437 2186 auferebatur
1452 2143 1544 2185 ani-

158 2229 226 2257 ma
253 2228 375 2267 mea,
407 2212 616 2256 onerabat
649 2227 718 2255 me
739 2211 913 2269 grandis
946 2213 1114 2256 sarcina
1141 2212 1339 2255 miseriae.
1375 2211 1445 2255 Ad
1474 2220 1542 2266 te,

158 2284 366 2338 Domine,
390 2281 573 2326 levanda
596 2291 687 2326 erat
705 2291 747 2326 et
771 2282 962 2326 curanda
984 2318 993 2337 ‚
1022 2283 1239 2339 sciebam3
1264 2283 1338 2326 sed
1363 2297 1441 2326 nec
1465 2298 1544 2326 vo-

157 2353 303 2397 lebam
324 2368 403 2396 nec
425 2351 622 2396 valebam
638 2387 648 2406 ‚
675 2367 725 2396 eo
745 2352 879 2411 magis
907 2353 1009 2411 quia
1030 2368 1119 2396 non
1141 2352 1247 2395 mihi
1266 2367 1355 2395 eras
1380 2351 1546 2411 aliquid

160 2421 347 2466 solidum
365 2431 407 2466 et
424 2422 597 2465 firmum
616 2456 627 2475 ,
668 2436 769 2465 cum
793 2421 847 2465 de
874 2431 916 2464 te
940 2422 1199 2478 cogitabam.
1233 2424 1330 2465 Non
1357 2422 1470 2464 enim
1495 2430 1544 2464 tu

159 2507 266 2547 eras,
297 2491 371 2535 sed
384 2506 546 2536 vanum
561 2491 817 2549 phantasma
834 2500 877 2535 et
893 2506 1011 2535 error
1028 2506 1149 2534 meus
1162 2500 1253 2534 erat
1273 2493 1385 2535 Deus
1400 2506 1535 2535 meus.

214 2595 221 2609 ¹
239 2589 349 2620 Horat.
367 2590 472 2620 Carm.
487 2587 543 2619 lib.
564 2599 588 2626 1,
604 2587 723 2627 odem,
743 2597 824 2618 vers.
845 2589 876 2618 8.
901 2603 937 2609 --
958 2593 971 2609 ²
990 2589 1133 2618 Retract.
1158 2597 1192 2627 11,
1210 2597 1281 2628 cap.
1298 2585 1330 2617 6.
