1871 3162
542 283 889 321 εοΜΈεειοΝυΜ,
924 283 1004 308 Lis.
1043 283 1136 307 xiii.
1419 269 1497 309 401

131 348 353 405 ignorent,
377 362 455 391 nec
476 345 538 390 illi
571 347 672 391 istos
700 355 909 406 pascunt,
934 360 1014 390 nec
1044 345 1110 389 isti
1139 344 1193 387 ab
1220 343 1302 388 illis
1326 360 1504 403 pascun-

132 426 202 461 tur
226 437 235 462 ε
260 418 362 478 quia
382 433 461 462 nec
482 415 545 461 illi
574 417 667 461 haec
689 425 833 461 sancta
855 425 899 460 et
921 425 1037 461 recta
1063 414 1287 460 voluntate
1318 430 1503 474 operan-

132 497 218 543 tur,
243 503 322 533 nec
342 487 411 532 isti
440 503 590 532 eorum
626 487 757 542 datis,
784 487 860 531 ubi
882 486 1076 532 fructum
1109 485 1306 530 nondum
1333 485 1504 540 vident,

133 557 348 602 Iaetantur.
374 557 481 602 Inde
500 558 661 617 quippe
683 558 850 602 animus
869 557 1073 617 pascitur,
1096 555 1214 600 unde
1236 555 1425 599 laetatur.
1450 557 1509 599 Et

133 627 231 673 ideo
251 629 387 687 pisces
410 638 452 673 et
468 628 551 673 ceti
568 644 655 673 nou
672 637 907 673 vescuntur
926 628 1031 672 escis
1053 643 1161 687 quas
1183 642 1272 672 non
1295 626 1511 686 germinat

133 699 213 743 nisi
235 699 323 759 jam
347 709 459 745 terra
486 701 540 744 ab
569 699 856 745 amaritudine
882 699 1148 744 marinorum
1179 699 1393 744 fluctuum
1425 697 1514 742 dis-

134 769 270 814 tincta
288 779 417 830 atque
439 770 637 815 discreta.

137 949 347 966 mmm
350 949 558 966 ΜῚΜὌ

755 950 769 965 ἱ
773 950 840 965 Um!
844 949 910 965 WU
914 949 1191 965 mmmm
1195 949 1333 965 mmm*
1336 949 1403 965 &Qu
1407 949 1513 964 Ἃὶννῑ

578 1062 792 1111 CAPL‘T
823 1064 1051 1110 XXVIII.

230 1215 297 1262 Et
320 1216 438 1263 vidit
455 1217 588 1264 Deus
619 1219 780 1263 omnia
809 1233 914 1276 quoe
932 1219 1076 1278 fecit,
1100 1227 1145 1263 et
1166 1233 1278 1264 ecce
1303 1216 1429 1263 bona

539 1287 706 1345 valde,
727 1298 815 1334 etc.
840 1290 949 1334 Gen.
980 1299 1016 1333 l.
1044 1295 1114 1333 31.

196 1459 358 1502 XLIII.
395 1476 414 1499 «
440 1460 505 1501 ET
526 1458 670 1502 vidisti
685 1493 695 1511 ‚
723 1461 835 1502 Deus
852 1493 863 1513 ‚
881 1459 1028 1503 omnia
1048 1475 1147 1519 quae
1167 1459 1305 1504 fecisti
1319 1494 1330 1513 ,
1357 1468 1399 1504 et
1417 1475 1516 1504 ecce

141 1544 162 1569 »
186 1527 301 1573 bona
320 1527 474 1584 valde3
496 1547 516 1569 »
541 1528 643 1587 quia
675 1538 718 1572 et
751 1544 829 1572 nos
865 1528 1051 1573 vidimus
1087 1545 1158 1583 ea,
1187 1540 1230 1573 et
1249 1545 1349 1574 ecce
1371 1531 1515 1575 omnia

138 1598 253 1642 bona
274 1597 413 1643 valde.
440 1601 492 1642 In
510 1598 688 1657 singulis
719 1599 945 1657 generibus
976 1615 1157 1659 operum
1190 1610 1389 1655 tuorum,
1416 1617 1515 1645 cum

139 1667 312 1713 dixisses
341 1678 390 1713 ut
419 1669 572 1713 fierent
605 1678 648 1713 et
675 1667 789 1714 facta
810 1679 971 1725 essent,
996 1669 1107 1714 iflud
1145 1680 1276 1731 atque
1313 1671 1421 1715 illud
1455 1672 1519 1714 vi-

141 1739 242 1784 disti
265 1740 367 1799 quia
401 1740 569 1784 bonum
603 1749 680 1783 est.
721 1740 884 1799 Septies
905 1740 1130 1783 numeravi
1162 1741 1369 1800 scriptum
1405 1757 1515 1796 esse,

140 1815 184 1855 te
210 1810 367 1855 vidisse
393 1811 494 1870 quia
512 1811 677 1854 bonum
702 1820 765 1854 est
796 1809 916 1870 quod
948 1808 1086 1854 fecisti
1107 1820 1177 1855 :et
1201 1812 1284 1855 hoc
1316 1821 1518 1856 octavum

142 1889 230 1936 est,
258 1899 279 1923 «
303 1881 415 1934 Quia
436 1880 579 1924 vidisti
600 1881 742 1924 omnia
770 1896 869 1939 quae
896 1878 1062 1937 fecisti3
1087 1890 1129 1924 ct
1151 1896 1271 1936 ecce,
1291 1901 1310 1922 »
1335 1898 1423 1926 non
1445 1898 1516 1927 so-

141 1949 236 1994 lum
274 1951 415 2005 bona,
449 1950 524 1994 sed
554 1951 681 1994 etiam
717 1949 888 1994 «valde
925 1950 1064 2003 bona,
1094 1970 1112 1991 υ
1150 1961 1357 2012 tanquam
1391 1953 1519 1997 simul

143 2023 302 2066 omnia.
336 2024 445 2066 Nam
481 2020 649 2080 singula
686 2029 857 2064 tantum
892 2021 1006 2064 bona
1041 2031 1183 2076 erant,
1209 2023 1337 2067 simu]
1375 2034 1519 2068 autem

145 2092 290 2137 omnia
308 2101 352 2136 et
365 2093 478 2136 bona
494 2126 504 2146 ,
522 2100 565 2135 et
586 2090 727 2135 valde.
764 2093 857 2135 Hoc
894 2092 1046 2136 dicunt
1067 2093 1195 2137 etiam
1214 2109 1400 2154 quaeque
1417 2095 1520 2154 pul-

146 2164 248 2208 chra
268 2178 471 2222 corpora,
485 2163 587 2222 quia
608 2162 736 2221 longe
753 2162 893 2207 multo
910 2163 1132 2221 pulchrius
1155 2175 1218 2209 est
1229 2181 1384 2225 corpus
1400 2167 1520 2227 quod

146 2247 198 2277 ex
213 2233 416 2277 membris
433 2232 626 2291 pulchris
641 2233 841 2276 omnibus
853 2243 1020 2277 constat
1032 2269 1042 2288 ,
1063 2250 1192 2294 quam
1219 2236 1307 2294 ipsa
1325 2236 1520 2280 membra

147 2303 316 2363 singula
332 2338 343 2358 ,
387 2317 574 2363 quorum
630 2302 942 2349 ordinatissimo
994 2316 1212 2350 conventu
1278 2307 1520 2366 completur

148 2375 414 2427 universum,
430 2374 626 2433 quamvis
645 2382 688 2417 et
705 2372 778 2417 issa
803 2375 929 2417 etiam
949 2375 1196 2434 singillatim
1216 2376 1398 2435 pulchra
1418 2378 1517 2422 sint.

289 2667 457 2696 cxxxii.
602 2685 621 2705 ,
1343 2660 1391 2698 26
