1871 3162
244 202 327 241 224
674 216 707 244 s.
743 215 973 243 Aueusnm
1004 216 1184 243 EPlscol’l

244 293 341 323 rum
365 294 463 340 quae
485 280 693 339 pependit
712 281 757 324 in
776 280 896 339 ligno
912 301 923 338 3
941 289 983 324 et
997 280 1148 326 sedens
1170 282 1225 325 ad
1245 281 1465 326 dexteram
1487 291 1621 337 tuam,

245 358 288 393 te
309 349 555 410 interpellat
590 366 668 410 pro
691 352 856 396 nobis¹.
893 352 990 396 Scio
1023 352 1356 397 misericorditer
1376 362 1622 412 operatam,

242 428 286 463 et
307 435 358 463 ex
378 420 510 465 corde
533 420 742 466 dimisisse
769 420 915 466 debita
939 420 1209 468 debitoribus
1236 423 1351 481 suis,
1375 422 1545 468 dimitte
1566 422 1628 467 illi

241 498 286 534 et
318 499 366 534 tu
389 491 537 536 debita
559 506 633 537 sua
651 494 692 547 ²,
723 493 757 536 si
786 507 872 552 qua
903 492 1033 536 etiam
1054 494 1267 538 contraxit
1289 509 1363 552 per
1395 502 1460 537 tot
1493 508 1628 538 annos

241 569 338 619 post
359 576 516 621 aquam
546 562 710 606 salutis.
748 562 951 617 Dimitte,
977 564 1162 608 Domine
1178 599 1189 619 ,
1221 564 1393 607 dimitte
1415 563 1595 607 obsecro
1612 598 1623 618 ,

240 645 295 673 ne
314 631 445 675 intres
470 647 571 676 cum
594 647 643 676 ea
663 632 709 675 in
726 632 940 692 judicium
960 634 991 675 3.
1020 632 1320 692 Superexaltet
1336 632 1628 678 misericordia

234 700 448 759 judicium
469 702 484 726 4
502 737 512 757 ,
541 702 749 762 quoniam
767 702 940 762 eloquia
968 711 1043 747 tua
1065 719 1166 747 vera
1188 712 1309 758 sunt,
1331 713 1374 748 et
1396 702 1628 763 promisisti

242 770 581 816 misericordiam
602 772 950 817 misericordibus
967 774 997 816 ⁵.
1024 773 1154 826 Quod
1170 782 1220 817 ut
1242 782 1383 817 essent
1398 782 1449 817 tu
1471 773 1629 817 dedisti

245 842 328 896 eis,
364 843 441 901 qui
468 842 735 886 misereberis
764 844 834 887 cui
864 844 1063 888 misertus
1085 845 1194 901 eris,
1227 853 1270 889 et
1292 842 1629 889 misericordiam

244 911 468 970 praestabis
491 912 562 956 cui
583 912 822 956 misericors
842 913 1018 957 fuerisfi.

301 985 507 1027 XXXVI.
530 985 587 1028 Et
603 998 648 1028 ci
651 982 759 1028 edo
745 999 834 1044 Jam
853 983 1005 1029 feceris
1023 983 1143 1044 quod
1159 994 1201 1029 te
1224 1000 1357 1044 rogo,
1378 985 1452 1029 sed
1469 985 1620 1029 volun-

242 1054 349 1097 taria
371 1055 454 1099 oris
476 1055 561 1098 mei
581 1055 800 1114 approba,
823 1057 1045 1100 Domine7.
1066 1059 1264 1116 Namque
1282 1056 1354 1100 illa
1376 1056 1630 1101 imminente

243 1123 312 1168 die
350 1124 623 1169 resolutionis
653 1141 741 1169 sure
779 1141 869 1169 non
899 1125 1104 1183 cogitavit
1138 1142 1263 1170 suum
1288 1141 1445 1185 corpus
1481 1142 1631 1185 sump-

243 1203 366 1239 tuose
390 1196 583 1253 contegi,
609 1205 685 1239 aut
706 1194 874 1239 condiri
894 1196 1174 1251 aromatibus,
1198 1205 1272 1240 aut
1292 1206 1630 1240 monumentum

241 1265 429 1310 electum
453 1267 730 1326 concupivit,
753 1276 828 1311 aut
849 1269 1016 1311 curavit
1034 1268 1281 1327 sepulcrum
1305 1267 1509 1327 patrium.
1534 1270 1631 1312 Non

240 1337 319 1381 ista
343 1337 567 1382 mandavit
601 1337 726 1382 nobis
747 1373 757 1393 ,
781 1339 856 1381 sed
876 1338 1184 1382 tantummodo
1206 1339 1458 1382 memoriam
1480 1338 1547 1382 sui
1576 1338 1632 1382 ad

243 1407 375 1451 altare
399 1417 523 1452 tuum
553 1408 646 1452 fieri
669 1408 928 1453 desideravit
945 1445 955 1463 ,
986 1409 1056 1452 cui
1079 1408 1240 1452 nullius
1263 1408 1348 1452 diei
1371 1412 1632 1468 praetermis-

242 1479 361 1523 sione
384 1481 611 1535 servierat,
632 1480 750 1524 unde
772 1481 900 1524 sciret
922 1480 1158 1540 dispensari
1179 1481 1398 1525 victimam
1420 1489 1626 1536 sanctam,

241 1567 327 1610 qua
344 1549 539 1595 deletum
564 1560 628 1595 est
648 1551 989 1610 chirographum
1011 1550 1132 1611 quod
1148 1561 1239 1595 erat
1265 1552 1529 1596 contrarium
1550 1567 1629 1595 no-

241 1622 306 1665 bis
322 1624 336 1647 s
354 1657 364 1677 ,
394 1638 481 1682 qua
513 1623 806 1682 triumphatus
832 1632 895 1667 est
922 1623 1056 1667 hostis
1079 1632 1334 1682 computans
1356 1622 1512 1667 delicta
1536 1638 1632 1668 nos-

240 1701 328 1747 tra,
349 1702 391 1736 et
410 1710 609 1753 quaerens
632 1693 738 1754 quid
759 1694 934 1753 objiciat
948 1729 959 1748 ,
980 1703 1021 1738 et
1045 1693 1154 1737 nihil
1175 1694 1398 1738 inveniens
1420 1694 1465 1737 in
1487 1693 1563 1738 illo
1585 1694 1632 1737 in

242 1779 330 1823 quo
353 1764 585 1808 vincimus.
615 1764 719 1817 Quis
754 1765 792 1807 ei
815 1763 1019 1808 refundet
1040 1764 1317 1808 innocentem
1347 1765 1632 1822 sanguinem?

244 1834 348 1887 Quis
368 1834 406 1877 ei
430 1836 628 1878 restituet
650 1834 840 1894 pretium
861 1850 950 1894 quo
969 1849 1046 1878 nos
1069 1835 1193 1888 emit,
1219 1843 1268 1878 ut
1289 1850 1367 1878 nos
1385 1832 1551 1878 auferat
1567 1834 1631 1878 ei?

242 1905 310 1949 Ad
344 1906 465 1964 cujus
502 1905 628 1964 pretii
666 1905 800 1949 nostri
829 1900 1149 1949 sacramentum
1186 1903 1333 1962 ligavit
1366 1903 1522 1948 ancilla
1556 1913 1629 1949 tua

244 1975 434 2019 animam
457 1990 578 2019 suam
610 1975 786 2019 vinculo
808 1974 923 2018 fidei.
956 1977 1092 2018 Nemo
1115 1990 1137 2018 a
1161 1974 1430 2033 protectione
1450 1983 1524 2017 tua
1547 1974 1630 2018 dis-

243 2055 416 2105 rumpat
440 2061 550 2090 eam.
583 2048 681 2091 Non
704 2061 747 2089 se
775 2045 1023 2104 interponat
1044 2060 1123 2088 nec
1154 2045 1219 2099 vi,
1254 2059 1333 2088 nec
1365 2044 1526 2088 insidiis
1559 2042 1629 2088 leo

245 2125 287 2160 et
310 2117 439 2160 draco
457 2138 468 2175 3
491 2132 635 2176 neque
653 2116 769 2160 enim
788 2115 1068 2174 respondebit
1086 2113 1160 2158 illa
1178 2113 1286 2158 nihil
1308 2129 1351 2158 se
1373 2114 1548 2170 debere,
1573 2130 1629 2159 ne

244 2187 530 2230 conv³ncatur
552 2195 594 2229 et
617 2185 867 2229 obtineatur
890 2185 944 2228 ab
962 2194 1208 2229 accusatore
1232 2183 1388 2230 callido
1407 2206 1417 2241 3
1438 2184 1514 2229 sed
1538 2200 1628 2229 res-

244 2256 455 2317 pondebit
473 2255 646 2300 dimissa
668 2256 815 2299 debita
838 2271 913 2298 sua
937 2255 990 2298 ab
1009 2270 1076 2310 co,
1096 2255 1165 2299 cui
1187 2270 1315 2299 nemo
1338 2254 1491 2299 reddet
1508 2255 1628 2315 quod

244 2344 323 2387 pro
351 2328 476 2373 nobis
499 2343 589 2373 non
611 2327 774 2372 debens
798 2326 1002 2372 reddidit.

291 2446 301 2462 ¹
319 2447 410 2476 Rom.
430 2455 496 2483 vm,
519 2443 572 2485 34.
591 2449 657 2466 —>²
682 2443 803 2475 Matth.
823 2454 871 2483 vr,
890 2451 994 2474 12.—
1019 2440 1032 2464 3
1050 2442 1129 2474 Psal.
1153 2453 1247 2483 exui,
1267 2451 1347 2475 2.-
1365 2442 1379 2472 4
1396 2442 1509 2476 Jacob.
1523 2454 1558 2484 n,
1575 2442 1626 2474 13.

246 2499 311 2523 ——5
330 2500 493 2540 Matth.v,
509 2498 611 2541 7.-6
626 2501 726 2533 Exod.
746 2510 858 2540 xxxm,
885 2510 936 2541 19,
950 2504 983 2532 ct
1006 2501 1098 2532 Rom.
1118 2510 1162 2541 ix,
1185 2499 1287 2531 15»—
1307 2507 1320 2532 7
1339 2499 1535 2542 Psahcxvm,
1556 2500 1625 2532 108.

247 2572 287 2578 —
306 2554 320 2577 3
339 2555 456 2587 Coloss.
476 2567 511 2596 11,
539 2555 587 2596 ¹3}-

1834 119 1841 172 -e-<

1834 742 1835 761 ψ
1834 689 1835 706 Η
1833 568 1836 642 -„,⁴„
1833 538 1842 542 ,
1833 327 1842 438 ,..ή,,ᾼἼ
