1871 3162
305 257 386 298 402
760 269 792 298 s.
829 270 1055 299 Ancus'rlm
1088 272 1265 300 emscorl

304 455 582 471 vm=ummvuwm
588 456 652 471 m
660 455 793 470 §mmm
798 455 1674 473 mwvmmmmsslvwwummwwmm

763 615 976 663 CAPUT
1015 616 1196 662 XXIX.

296 765 546 829 Quomodo
565 766 922 829 intelligendum
939 766 1070 826 quod
1085 767 1218 813 Deus
1241 769 1387 814 octies
1405 767 1523 813 vz'dz't
1543 768 1669 814 bona

762 854 862 883 esse
903 854 1053 897 opera
1097 856 1201 884 sua.

348 1000 504 1042 XLIV.
528 1001 591 1042 ΕΤ
609 997 774 1042 attendi
796 1008 845 1042 ut
865 999 1131 1054 invenirem,
1165 1010 1310 1044 utrum
1333 1000 1489 1059 septies
1506 1000 1573 1044 vel
1600 1015 1673 1044 oc-

292 1069 368 1112 ties
390 1068 544 1112 videris
575 1069 675 1127 quia
699 1069 814 1112 bona
846 1079 948 1113 sunt
970 1085 1100 1127 opera
1132 1078 1207 1113 tua
1223 1105 1233 1123 ,
1261 1085 1361 1113 cum
1385 1069 1465 1113 tibi
1494 1069 1672 1128 placue-

291 1148 393 1182 runt
410 1158 418 1183 :
440 1148 482 1182 et
498 1139 543 1182 in
559 1148 631 1182 tua
654 1139 818 1182 visione
840 1154 929 1183 non
944 1139 1090 1182 inveni
1108 1148 1318 1198 tempora,
1337 1155 1413 1199 per
1426 1155 1523 1199 quae
1540 1139 1673 1183 intel-

290 1209 484 1269 ligerem,
503 1209 621 1269 quod
637 1210 761 1253 toties
774 1208 931 1253 videris
946 1225 1046 1269 quae
1056 1209 1211 1254 fecisti.
1231 1213 1288 1253 Et
1299 1209 1404 1254 dixi:
1419 1211 1459 1254 Ο
1473 1210 1669 1265 Domine,

289 1297 434 1325 nonne
456 1281 535 1324 ista
567 1281 784 1339 Scriptura
812 1291 887 1324 tua
911 1296 1010 1325 vera
1033 1291 1125 1334 est,
1156 1281 1364 1340 quoniam
1394 1290 1443 1325 tu
1471 1296 1597 1324 verax
1629 1289 1673 1325 et

291 1352 444 1395 veritas
478 1351 648 1394 edidisti
677 1352 806 1394 eam?
828 1353 918 1395 Cur
940 1366 1043 1409 ergo
1066 1360 1114 1394 tu
1136 1351 1241 1394 mihi
1263 1350 1368 1394 dicis
1397 1367 1485 1394 non
1516 1366 1605 1394 esse
1628 1352 1672 1394 in

292 1433 366 1467 tua
393 1423 555 1467 visione
578 1432 801 1480 tempora,
825 1431 868 1466 et
888 1422 967 1466 ista
992 1422 1214 1480 Scriptura
1245 1431 1319 1466 tua
1343 1422 1449 1467 mibi
1471 1421 1576 1468 dicit
1597 1437 1673 1480 per

290 1493 481 1553 singulos
502 1493 593 1537 dies
610 1528 623 1547 ,
641 1509 691 1537 ea
707 1509 805 1552 quae
823 1492 962 1537 fecisti
981 1503 1022 1536 te
1038 1492 1194 1536 vidisse
1211 1494 1312 1552 quia
1334 1492 1446 1538 bona
1470 1494 1601 1537 sunt?
1616 1495 1673 1537 Et

288 1580 390 1609 cum
403 1579 451 1607 ea
472 1578 761 1617 numerarem,
782 1562 929 1606 inveni
945 1562 1132 1622 quoties.
1158 1560 1226 1606 Ad
1244 1562 1336 1605 haec
1353 1571 1401 1606 tu
1415 1562 1524 1606 dicis
1546 1562 1674 1616 mihi,

290 1635 494 1695 quoniam
519 1643 567 1676 tu
590 1648 632 1676 es
656 1635 769 1676 Deus
794 1647 912 1680 meus
929 1666 942 1686 ,
969 1640 1010 1675 et
1032 1630 1140 1679 dicis
1160 1646 1266 1676 voce
1289 1630 1394 1676 forti·
1412 1631 1458 1674 iu
1479 1647 1582 1675 aure
1599 1632 1673 1677 in-

291 1705 446 1749 teriore
468 1719 589 1747 servo
621 1712 698 1746 tuo
722 1715 1004 1760 perrumpens
1035 1715 1177 1746 meam
1197 1700 1452 1745 surditatem
1469 1736 1481 1755 ,
1516 1710 1560 1746 et
1580 1701 1672 1746 cla-

293 1791 412 1819 mans
440 1793 448 1818 :
474 1775 510 1817 O
533 1774 664 1817 homo
681 1807 691 1826 ,
728 1787 884 1830 nempe
907 1770 1027 1831 quod
1056 1772 1275 1830 Scriptura
1306 1786 1400 1816 mea
1422 1772 1528 1816 dicit
1544 1807 1555 1828 ,
1591 1787 1674 1831 ego

293 1844 404 1890 dico.
433 1847 488 1888 Et
506 1852 652 1887 tamen
674 1841 746 1886 itta
769 1840 1061 1901 temporaliter
1084 1841 1190 1890 dicit
1205 1876 1217 1896 ,
1240 1842 1383 1887 Verbo
1406 1851 1553 1888 autem
1575 1857 1672 1887 meo

296 1925 466 1975 tempus
488 1931 576 1959 non
600 1914 774 1968 accidit,
801 1913 902 1973 quia
929 1912 1086 1972 aequali
1109 1928 1277 1961 mecum
1298 1913 1536 1958 aeternitatc
1564 1929 1675 1958 con-

296 1988 419 2033 sistit.
452 1986 519 2031 Sic
542 2001 592 2030 ea
623 2001 721 2045 quae
748 2000 822 2028 vos
850 1999 927 2043 per
961 1983 1168 2042 Spiritum
1197 1999 1342 2033 meum
1375 1983 1528 2029 videtis
1546 2019 1558 2040 ,
1593 1999 1673 2042 ego

297 2059 447 2109 vide03
470 2057 580 2102 sicut
597 2072 645 2100 ea
667 2072 764 2116 quae
781 2070 856 2100 vos
883 2071 959 2115 per
990 2055 1197 2116 Spiritum
1226 2070 1373 2100 meum
1401 2054 1568 2110 dicitis,
1589 2071 1676 2114 ego.

297 2131 410 2180 dico.
436 2132 579 2188 Atque
597 2128 655 2171 ita
669 2141 769 2171 cum
791 2142 864 2171 vos
882 2125 1173 2184 temporaliter
1194 2141 1245 2170 ea
1255 2124 1457 2180 videatis,
1477 2141 1567 2170 non
1588 2141 1677 2185 ego,

298 2199 590 2261 temporaliter
606 2198 733 2242 video
748 2218 760 2255 3
783 2195 1154 2257 quemadmodum
1170 2211 1272 2242 cum
1290 2211 1364 2241 vos
1378 2195 1671 2256 temporaliter

299 2289 346 2318 ea
368 2271 542 2326 dicatis,
566 2285 657 2315 non
675 2284 755 2330 ego
776 2266 1067 2328 temporaliter
1083 2267 1196 2314 dico.
