<?xml version="1.0" encoding="UTF-8"?>
<!DOCTYPE html PUBLIC "-//W3C//DTD XHTML 1.0 Transitional//EN"
    "http://www.w3.org/TR/xhtml1/DTD/xhtml1-transitional.dtd">
<html xmlns="http://www.w3.org/1999/xhtml" xml:lang="en" lang="en">
 <head>
  <title>
</title>
<meta http-equiv="Content-Type" content="text/html;charset=utf-8" />
  <meta name='ocr-system' content='tesseract 3.04.00' />
  <meta name='ocr-capabilities' content='ocr_page ocr_carea ocr_par ocr_line ocrx_word'/>
</head>
<body>
  <div class='ocr_page' id='page_1' title='image "./operaomniaaccura25auguuoft_0094.png"; bbox 0 0 1871 3162; ppageno 0'>
   <div class='ocr_carea' id='block_1_1' title="bbox 309 231 1252 270">
    <p class='ocr_par' dir='ltr' id='par_1_1' title="bbox 309 231 1252 270">
     <span class='ocr_line' id='line_1_1' title="bbox 309 231 1252 270; baseline -0.001 -1"><span class='ocrx_word' id='word_1_1' title='bbox 309 231 361 269; x_wconf 80' lang='lat' dir='ltr'>s4</span> <span class='ocrx_word' id='word_1_2' title='bbox 738 239 770 269; x_wconf 89' lang='lat' dir='ltr'>s.</span> <span class='ocrx_word' id='word_1_3' title='bbox 808 239 1035 270; x_wconf 70' lang='lat' dir='ltr'>mensum</span> <span class='ocrx_word' id='word_1_4' title='bbox 1070 241 1252 269; x_wconf 72' lang='lat' dir='ltr'>Emscom</span> 
     </span>
    </p>
   </div>
   <div class='ocr_carea' id='block_1_2' title="bbox 305 303 1707 2475">
    <p class='ocr_par' dir='ltr' id='par_1_2' title="bbox 306 303 1689 436">
     <span class='ocr_line' id='line_1_2' title="bbox 306 303 1689 363; baseline -0.004 -13"><span class='ocrx_word' id='word_1_5' title='bbox 306 323 386 351; x_wconf 86' lang='lat' dir='ltr'>nec</span> <span class='ocrx_word' id='word_1_6' title='bbox 411 306 541 350; x_wconf 83' lang='lat' dir='ltr'>ullam</span> <span class='ocrx_word' id='word_1_7' title='bbox 573 306 858 350; x_wconf 81' lang='lat' dir='ltr'>substantiam</span> <span class='ocrx_word' id='word_1_8' title='bbox 890 306 1055 350; x_wconf 87' lang='lat' dir='ltr'>malum</span> <span class='ocrx_word' id='word_1_9' title='bbox 1081 321 1192 360; x_wconf 87' lang='lat' dir='ltr'>esse,</span> <span class='ocrx_word' id='word_1_10' title='bbox 1221 320 1301 349; x_wconf 90' lang='lat' dir='ltr'>nec</span> <span class='ocrx_word' id='word_1_11' title='bbox 1336 303 1469 363; x_wconf 85' lang='lat' dir='ltr'>ipsam</span> <span class='ocrx_word' id='word_1_12' title='bbox 1498 311 1689 346; x_wconf 82' lang='lat' dir='ltr'>mentem</span> 
     </span>
     <span class='ocr_line' id='line_1_3' title="bbox 307 375 1468 436; baseline -0.003 -15"><span class='ocrx_word' id='word_1_13' title='bbox 307 388 495 422; x_wconf 88' lang='lat' dir='ltr'>nostram</span> <span class='ocrx_word' id='word_1_14' title='bbox 513 392 732 422; x_wconf 88' lang='lat' dir='ltr'>summum</span> <span class='ocrx_word' id='word_1_15' title='bbox 755 386 885 436; x_wconf 87' lang='lat' dir='ltr'>atque</span> <span class='ocrx_word' id='word_1_16' title='bbox 907 375 1264 421; x_wconf 84' lang='lat' dir='ltr'>incommutabile</span> <span class='ocrx_word' id='word_1_17' title='bbox 1286 376 1468 419; x_wconf 89' lang='lat' dir='ltr'>bonum.</span> 
     </span>
    </p>

    <p class='ocr_par' dir='ltr' id='par_1_3' title="bbox 305 443 1706 1343">
     <span class='ocr_line' id='line_1_4' title="bbox 364 443 1691 500; baseline -0.004 -9"><span class='ocrx_word' id='word_1_18' title='bbox 364 450 503 492; x_wconf 84' lang='lat' dir='ltr'>XXV.</span> <span class='ocrx_word' id='word_1_19' title='bbox 534 449 655 492; x_wconf 84' lang='lat' dir='ltr'>Sicut</span> <span class='ocrx_word' id='word_1_20' title='bbox 672 448 787 490; x_wconf 87' lang='lat' dir='ltr'>enim</span> <span class='ocrx_word' id='word_1_21' title='bbox 810 446 1003 490; x_wconf 87' lang='lat' dir='ltr'>facinora</span> <span class='ocrx_word' id='word_1_22' title='bbox 1024 455 1142 500; x_wconf 89' lang='lat' dir='ltr'>sunt,</span> <span class='ocrx_word' id='word_1_23' title='bbox 1168 447 1202 490; x_wconf 92' lang='lat' dir='ltr'>si</span> <span class='ocrx_word' id='word_1_24' title='bbox 1225 446 1401 489; x_wconf 86' lang='lat' dir='ltr'>vitiosus</span> <span class='ocrx_word' id='word_1_25' title='bbox 1424 454 1486 488; x_wconf 86' lang='lat' dir='ltr'>est</span> <span class='ocrx_word' id='word_1_26' title='bbox 1508 443 1579 487; x_wconf 90' lang='lat' dir='ltr'>ille</span> <span class='ocrx_word' id='word_1_27' title='bbox 1595 443 1691 486; x_wconf 91' lang='lat' dir='ltr'>ani-</span> 
     </span>
     <span class='ocr_line' id='line_1_5' title="bbox 307 514 1692 577; baseline -0.004 -15"><span class='ocrx_word' id='word_1_28' title='bbox 307 519 366 562; x_wconf 81' lang='lat' dir='ltr'>mi</span> <span class='ocrx_word' id='word_1_29' title='bbox 388 528 530 562; x_wconf 88' lang='lat' dir='ltr'>motus</span> <span class='ocrx_word' id='word_1_30' title='bbox 547 554 557 572; x_wconf 83' lang='lat'>,</span> <span class='ocrx_word' id='word_1_31' title='bbox 583 520 628 561; x_wconf 86' lang='lat' dir='ltr'>in</span> <span class='ocrx_word' id='word_1_32' title='bbox 651 533 739 577; x_wconf 86' lang='lat' dir='ltr'>quo</span> <span class='ocrx_word' id='word_1_33' title='bbox 758 527 821 561; x_wconf 90' lang='lat' dir='ltr'>est</span> <span class='ocrx_word' id='word_1_34' title='bbox 842 518 1028 576; x_wconf 88' lang='lat' dir='ltr'>impetus</span> <span class='ocrx_word' id='word_1_35' title='bbox 1047 552 1057 572; x_wconf 84' lang='lat'><strong>‚</strong></span> <span class='ocrx_word' id='word_1_36' title='bbox 1083 527 1127 561; x_wconf 88' lang='lat' dir='ltr'>et</span> <span class='ocrx_word' id='word_1_37' title='bbox 1147 532 1190 560; x_wconf 91' lang='lat' dir='ltr'>se</span> <span class='ocrx_word' id='word_1_38' title='bbox 1207 518 1345 576; x_wconf 77' lang='lat' dir='ltr'>jactat</span> <span class='ocrx_word' id='word_1_39' title='bbox 1378 514 1613 559; x_wconf 69' lang='lat' dir='ltr'>insolenter</span> <span class='ocrx_word' id='word_1_40' title='bbox 1644 529 1692 558; x_wconf 86' lang='lat' dir='ltr'>ac</span> 
     </span>
     <span class='ocr_line' id='line_1_6' title="bbox 305 585 1691 646; baseline -0.004 -13"><span class='ocrx_word' id='word_1_41' title='bbox 305 589 508 646; x_wconf 81' lang='lat' dir='ltr'>turbide3</span> <span class='ocrx_word' id='word_1_42' title='bbox 532 588 695 646; x_wconf 76' lang='lat' dir='ltr'>flagitia</span> <span class='ocrx_word' id='word_1_43' title='bbox 716 623 726 643; x_wconf 94' lang='lat'>,</span> <span class='ocrx_word' id='word_1_44' title='bbox 752 588 785 632; x_wconf 89' lang='lat' dir='ltr'>si</span> <span class='ocrx_word' id='word_1_45' title='bbox 804 596 867 631; x_wconf 87' lang='lat' dir='ltr'>est</span> <span class='ocrx_word' id='word_1_46' title='bbox 888 588 1172 631; x_wconf 87' lang='lat' dir='ltr'>immoderata</span> <span class='ocrx_word' id='word_1_47' title='bbox 1198 586 1270 630; x_wconf 89' lang='lat' dir='ltr'>illa</span> <span class='ocrx_word' id='word_1_48' title='bbox 1308 586 1460 629; x_wconf 72' lang='lat' dir='ltr'>animae</span> <span class='ocrx_word' id='word_1_49' title='bbox 1493 585 1691 639; x_wconf 85' lang='lat' dir='ltr'>affectio,</span> 
     </span>
     <span class='ocr_line' id='line_1_7' title="bbox 305 653 1696 720; baseline -0.004 -17"><span class='ocrx_word' id='word_1_50' title='bbox 305 676 392 720; x_wconf 86' lang='lat' dir='ltr'>qua</span> <span class='ocrx_word' id='word_1_51' title='bbox 415 659 607 704; x_wconf 86' lang='lat' dir='ltr'>carnales</span> <span class='ocrx_word' id='word_1_52' title='bbox 631 659 894 703; x_wconf 86' lang='lat' dir='ltr'>hauriuntur</span> <span class='ocrx_word' id='word_1_53' title='bbox 914 656 1159 716; x_wconf 86' lang='lat' dir='ltr'>voluptates</span> <span class='ocrx_word' id='word_1_54' title='bbox 1185 676 1193 700; x_wconf 92' lang='lat'><strong>:</strong></span> <span class='ocrx_word' id='word_1_55' title='bbox 1220 658 1278 700; x_wconf 89' lang='lat' dir='ltr'>ita</span> <span class='ocrx_word' id='word_1_56' title='bbox 1310 671 1474 700; x_wconf 89' lang='lat' dir='ltr'>errores</span> <span class='ocrx_word' id='word_1_57' title='bbox 1508 665 1551 699; x_wconf 90' lang='lat' dir='ltr'>et</span> <span class='ocrx_word' id='word_1_58' title='bbox 1579 653 1696 698; x_wconf 85' lang='lat' dir='ltr'>falsae</span> 
     </span>
     <span class='ocr_line' id='line_1_8' title="bbox 306 724 1698 789; baseline -0.005 -15"><span class='ocrx_word' id='word_1_59' title='bbox 306 731 529 789; x_wconf 81' lang='lat' dir='ltr'>opiniones</span> <span class='ocrx_word' id='word_1_60' title='bbox 552 731 685 774; x_wconf 89' lang='lat' dir='ltr'>vitam</span> <span class='ocrx_word' id='word_1_61' title='bbox 711 730 1036 782; x_wconf 78' lang='lat' dir='ltr'>contaminant,</span> <span class='ocrx_word' id='word_1_62' title='bbox 1061 727 1095 771; x_wconf 91' lang='lat' dir='ltr'>si</span> <span class='ocrx_word' id='word_1_63' title='bbox 1123 727 1342 771; x_wconf 86' lang='lat' dir='ltr'>rationalis</span> <span class='ocrx_word' id='word_1_64' title='bbox 1366 742 1485 769; x_wconf 88' lang='lat' dir='ltr'>mens</span> <span class='ocrx_word' id='word_1_65' title='bbox 1516 726 1607 784; x_wconf 89' lang='lat' dir='ltr'>ipsa</span> <span class='ocrx_word' id='word_1_66' title='bbox 1629 724 1698 768; x_wconf 91' lang='lat' dir='ltr'>vi-</span> 
     </span>
     <span class='ocr_line' id='line_1_9' title="bbox 307 795 1699 856; baseline -0.002 -15"><span class='ocrx_word' id='word_1_67' title='bbox 307 800 413 842; x_wconf 87' lang='lat' dir='ltr'>tiosa</span> <span class='ocrx_word' id='word_1_68' title='bbox 432 810 495 841; x_wconf 82' lang='lat' dir='ltr'>est</span> <span class='ocrx_word' id='word_1_69' title='bbox 516 799 682 856; x_wconf 81' lang='lat' dir='ltr'>:qualis</span> <span class='ocrx_word' id='word_1_70' title='bbox 708 800 753 843; x_wconf 88' lang='lat' dir='ltr'>in</span> <span class='ocrx_word' id='word_1_71' title='bbox 788 815 856 843; x_wconf 90' lang='lat' dir='ltr'>me</span> <span class='ocrx_word' id='word_1_72' title='bbox 891 810 997 844; x_wconf 89' lang='lat' dir='ltr'>tunc</span> <span class='ocrx_word' id='word_1_73' title='bbox 1028 807 1144 852; x_wconf 74' lang='lat' dir='ltr'>erat,</span> <span class='ocrx_word' id='word_1_74' title='bbox 1176 798 1394 842; x_wconf 77' lang='lat' dir='ltr'>nesciente</span> <span class='ocrx_word' id='word_1_75' title='bbox 1422 796 1504 840; x_wconf 90' lang='lat' dir='ltr'>alio</span> <span class='ocrx_word' id='word_1_76' title='bbox 1533 795 1699 839; x_wconf 89' lang='lat' dir='ltr'>lumine</span> 
     </span>
     <span class='ocr_line' id='line_1_10' title="bbox 306 866 1701 927; baseline -0.001 -16"><span class='ocrx_word' id='word_1_77' title='bbox 306 867 424 911; x_wconf 84' lang='lat' dir='ltr'>illam</span> <span class='ocrx_word' id='word_1_78' title='bbox 446 866 747 910; x_wconf 79' lang='lat' dir='ltr'>illustrandam</span> <span class='ocrx_word' id='word_1_79' title='bbox 765 883 853 910; x_wconf 89' lang='lat' dir='ltr'>esse</span> <span class='ocrx_word' id='word_1_80' title='bbox 877 880 925 910; x_wconf 87' lang='lat' dir='ltr'>ut</span> <span class='ocrx_word' id='word_1_81' title='bbox 946 871 1000 911; x_wconf 83' lang='lat' dir='ltr'>sit</span> <span class='ocrx_word' id='word_1_82' title='bbox 1017 870 1228 927; x_wconf 81' lang='lat' dir='ltr'>particeps</span> <span class='ocrx_word' id='word_1_83' title='bbox 1249 868 1438 912; x_wconf 89' lang='lat' dir='ltr'>veritatis</span> <span class='ocrx_word' id='word_1_84' title='bbox 1455 902 1466 921; x_wconf 93' lang='lat'>,</span> <span class='ocrx_word' id='word_1_85' title='bbox 1489 866 1591 926; x_wconf 90' lang='lat' dir='ltr'>quia</span> <span class='ocrx_word' id='word_1_86' title='bbox 1611 881 1701 910; x_wconf 87' lang='lat' dir='ltr'>non</span> 
     </span>
     <span class='ocr_line' id='line_1_11' title="bbox 307 937 1702 997; baseline -0.002 -15"><span class='ocrx_word' id='word_1_87' title='bbox 307 949 370 982; x_wconf 87' lang='lat' dir='ltr'>est</span> <span class='ocrx_word' id='word_1_88' title='bbox 386 939 477 997; x_wconf 88' lang='lat' dir='ltr'>ipsa</span> <span class='ocrx_word' id='word_1_89' title='bbox 498 946 654 981; x_wconf 88' lang='lat' dir='ltr'>natura</span> <span class='ocrx_word' id='word_1_90' title='bbox 674 937 880 981; x_wconf 86' lang='lat' dir='ltr'>veritatis.</span> <span class='ocrx_word' id='word_1_91' title='bbox 912 956 931 978; x_wconf 82' lang='lat'>«</span> <span class='ocrx_word' id='word_1_92' title='bbox 952 938 1168 990; x_wconf 86' lang='lat' dir='ltr'>Quoniam</span> <span class='ocrx_word' id='word_1_93' title='bbox 1192 946 1240 980; x_wconf 90' lang='lat' dir='ltr'>tu</span> <span class='ocrx_word' id='word_1_94' title='bbox 1260 938 1527 981; x_wconf 86' lang='lat' dir='ltr'>illuminabis</span> <span class='ocrx_word' id='word_1_95' title='bbox 1556 937 1702 980; x_wconf 88' lang='lat' dir='ltr'>lucer-</span> 
     </span>
     <span class='ocr_line' id='line_1_12' title="bbox 311 1006 1702 1061; baseline 0 -12"><span class='ocrx_word' id='word_1_96' title='bbox 311 1028 330 1049; x_wconf 80' lang='lat'>»</span> <span class='ocrx_word' id='word_1_97' title='bbox 367 1024 466 1052; x_wconf 87' lang='lat' dir='ltr'>nam</span> <span class='ocrx_word' id='word_1_98' title='bbox 483 1024 624 1051; x_wconf 90' lang='lat' dir='ltr'>meam</span> <span class='ocrx_word' id='word_1_99' title='bbox 643 1043 653 1061; x_wconf 81' lang='lat'><strong>‚</strong></span> <span class='ocrx_word' id='word_1_100' title='bbox 680 1008 863 1051; x_wconf 87' lang='lat' dir='ltr'>Domine</span> <span class='ocrx_word' id='word_1_101' title='bbox 883 1011 996 1051; x_wconf 90' lang='lat' dir='ltr'>Deus</span> <span class='ocrx_word' id='word_1_102' title='bbox 1018 1022 1162 1061; x_wconf 82' lang='lat' dir='ltr'>meuS‚</span> <span class='ocrx_word' id='word_1_103' title='bbox 1199 1006 1466 1050; x_wconf 87' lang='lat' dir='ltr'>illuminabis</span> <span class='ocrx_word' id='word_1_104' title='bbox 1500 1007 1702 1050; x_wconf 84' lang='lat' dir='ltr'>tenebras</span> 
     </span>
     <span class='ocr_line' id='line_1_13' title="bbox 312 1076 1700 1136; baseline 0 -17"><span class='ocrx_word' id='word_1_105' title='bbox 312 1097 330 1119; x_wconf 75' lang='lat' dir='ltr'>n</span> <span class='ocrx_word' id='word_1_106' title='bbox 368 1093 482 1122; x_wconf 87' lang='lat' dir='ltr'>meas</span> <span class='ocrx_word' id='word_1_107' title='bbox 501 1081 538 1135; x_wconf 76' lang='lat'>¹3</span> <span class='ocrx_word' id='word_1_108' title='bbox 560 1087 603 1121; x_wconf 87' lang='lat' dir='ltr'>et</span> <span class='ocrx_word' id='word_1_109' title='bbox 620 1078 674 1121; x_wconf 92' lang='lat' dir='ltr'>de</span> <span class='ocrx_word' id='word_1_110' title='bbox 691 1076 964 1136; x_wconf 84' lang='lat' dir='ltr'>plenitudine</span> <span class='ocrx_word' id='word_1_111' title='bbox 982 1086 1054 1121; x_wconf 90' lang='lat' dir='ltr'>tua</span> <span class='ocrx_word' id='word_1_112' title='bbox 1079 1092 1156 1120; x_wconf 89' lang='lat' dir='ltr'>nos</span> <span class='ocrx_word' id='word_1_113' title='bbox 1179 1091 1331 1120; x_wconf 90' lang='lat' dir='ltr'>omues</span> <span class='ocrx_word' id='word_1_114' title='bbox 1354 1076 1597 1136; x_wconf 87' lang='lat' dir='ltr'>accepimus</span> <span class='ocrx_word' id='word_1_115' title='bbox 1617 1078 1649 1119; x_wconf 83' lang='lat'>².</span> <span class='ocrx_word' id='word_1_116' title='bbox 1679 1094 1700 1117; x_wconf 66' lang='grc' dir='ltr'>η</span> 
     </span>
     <span class='ocr_line' id='line_1_14' title="bbox 310 1146 1706 1207; baseline -0.003 -14"><span class='ocrx_word' id='word_1_117' title='bbox 310 1152 365 1193; x_wconf 89' lang='lat' dir='ltr'>Es</span> <span class='ocrx_word' id='word_1_118' title='bbox 381 1149 495 1193; x_wconf 87' lang='lat' dir='ltr'>enim</span> <span class='ocrx_word' id='word_1_119' title='bbox 516 1158 561 1192; x_wconf 91' lang='lat' dir='ltr'>tu</span> <span class='ocrx_word' id='word_1_120' title='bbox 584 1148 736 1191; x_wconf 90' lang='lat' dir='ltr'>lumen</span> <span class='ocrx_word' id='word_1_121' title='bbox 753 1163 906 1192; x_wconf 87' lang='lat' dir='ltr'>verum</span> <span class='ocrx_word' id='word_1_122' title='bbox 920 1146 1040 1207; x_wconf 89' lang='lat' dir='ltr'>quod</span> <span class='ocrx_word' id='word_1_123' title='bbox 1058 1147 1277 1191; x_wconf 87' lang='lat' dir='ltr'>illuminat</span> <span class='ocrx_word' id='word_1_124' title='bbox 1292 1162 1468 1191; x_wconf 89' lang='lat' dir='ltr'>omnem</span> <span class='ocrx_word' id='word_1_125' title='bbox 1481 1146 1706 1191; x_wconf 90' lang='lat' dir='ltr'>hominem</span> 
     </span>
     <span class='ocr_line' id='line_1_15' title="bbox 307 1217 1701 1278; baseline -0.002 -15"><span class='ocrx_word' id='word_1_126' title='bbox 307 1220 554 1263; x_wconf 86' lang='lat' dir='ltr'>venientem</span> <span class='ocrx_word' id='word_1_127' title='bbox 578 1219 624 1262; x_wconf 89' lang='lat' dir='ltr'>in</span> <span class='ocrx_word' id='word_1_128' title='bbox 643 1219 761 1262; x_wconf 80' lang='lat' dir='ltr'>hunc</span> <span class='ocrx_word' id='word_1_129' title='bbox 786 1218 1002 1262; x_wconf 92' lang='lat' dir='ltr'>mundum</span> <span class='ocrx_word' id='word_1_130' title='bbox 1017 1219 1056 1274; x_wconf 75' lang='lat'>33</span> <span class='ocrx_word' id='word_1_131' title='bbox 1081 1217 1182 1278; x_wconf 85' lang='lat' dir='ltr'>quia</span> <span class='ocrx_word' id='word_1_132' title='bbox 1212 1218 1255 1261; x_wconf 88' lang='lat' dir='ltr'>in</span> <span class='ocrx_word' id='word_1_133' title='bbox 1291 1226 1334 1261; x_wconf 89' lang='lat' dir='ltr'>te</span> <span class='ocrx_word' id='word_1_134' title='bbox 1362 1233 1452 1262; x_wconf 90' lang='lat' dir='ltr'>non</span> <span class='ocrx_word' id='word_1_135' title='bbox 1476 1226 1539 1261; x_wconf 89' lang='lat' dir='ltr'>est</span> <span class='ocrx_word' id='word_1_136' title='bbox 1560 1226 1701 1261; x_wconf 88' lang='lat' dir='ltr'>trans-</span> 
     </span>
     <span class='ocr_line' id='line_1_16' title="bbox 308 1289 1215 1343; baseline -0.002 -10"><span class='ocrx_word' id='word_1_137' title='bbox 308 1290 494 1333; x_wconf 84' lang='lat' dir='ltr'>mutatio</span> <span class='ocrx_word' id='word_1_138' title='bbox 512 1324 522 1343; x_wconf 85' lang='lat'>,</span> <span class='ocrx_word' id='word_1_139' title='bbox 549 1304 627 1332; x_wconf 87' lang='lat' dir='ltr'>nec</span> <span class='ocrx_word' id='word_1_140' title='bbox 651 1289 860 1332; x_wconf 88' lang='lat' dir='ltr'>momenti</span> <span class='ocrx_word' id='word_1_141' title='bbox 883 1289 1164 1332; x_wconf 82' lang='lat' dir='ltr'>obumbratio</span> <span class='ocrx_word' id='word_1_142' title='bbox 1183 1290 1215 1330; x_wconf 70' lang='lat'>⁴.</span> 
     </span>
    </p>

    <p class='ocr_par' dir='ltr' id='par_1_4' title="bbox 310 1356 1707 2475">
     <span class='ocr_line' id='line_1_17' title="bbox 368 1356 1704 1416; baseline 0 -14"><span class='ocrx_word' id='word_1_143' title='bbox 368 1362 531 1402; x_wconf 77' lang='lat' dir='ltr'>XXVI.</span> <span class='ocrx_word' id='word_1_144' title='bbox 573 1359 655 1402; x_wconf 84' lang='lat' dir='ltr'>Sed</span> <span class='ocrx_word' id='word_1_145' title='bbox 676 1374 755 1416; x_wconf 80' lang='lat' dir='ltr'>ego</span> <span class='ocrx_word' id='word_1_146' title='bbox 774 1358 962 1402; x_wconf 88' lang='lat' dir='ltr'>conabar</span> <span class='ocrx_word' id='word_1_147' title='bbox 985 1357 1040 1401; x_wconf 90' lang='lat' dir='ltr'>ad</span> <span class='ocrx_word' id='word_1_148' title='bbox 1063 1367 1105 1401; x_wconf 90' lang='lat' dir='ltr'>te</span> <span class='ocrx_word' id='word_1_149' title='bbox 1122 1393 1132 1411; x_wconf 87' lang='lat'>‚</span> <span class='ocrx_word' id='word_1_150' title='bbox 1159 1367 1202 1401; x_wconf 90' lang='lat' dir='ltr'>et</span> <span class='ocrx_word' id='word_1_151' title='bbox 1219 1356 1459 1416; x_wconf 87' lang='lat' dir='ltr'>repellebar</span> <span class='ocrx_word' id='word_1_152' title='bbox 1482 1358 1557 1401; x_wconf 87' lang='lat' dir='ltr'>abs</span> <span class='ocrx_word' id='word_1_153' title='bbox 1576 1367 1634 1411; x_wconf 87' lang='lat' dir='ltr'>te,</span> <span class='ocrx_word' id='word_1_154' title='bbox 1654 1366 1704 1402; x_wconf 92' lang='lat' dir='ltr'>ut</span> 
     </span>
     <span class='ocr_line' id='line_1_18' title="bbox 311 1428 1702 1489; baseline -0.001 -15"><span class='ocrx_word' id='word_1_155' title='bbox 311 1446 502 1489; x_wconf 78' lang='lat' dir='ltr'>saperem</span> <span class='ocrx_word' id='word_1_156' title='bbox 526 1439 736 1483; x_wconf 80' lang='lat' dir='ltr'>mortem,</span> <span class='ocrx_word' id='word_1_157' title='bbox 762 1430 971 1487; x_wconf 81' lang='lat' dir='ltr'>quoniam</span> <span class='ocrx_word' id='word_1_158' title='bbox 996 1429 1192 1486; x_wconf 85' lang='lat' dir='ltr'>superbis</span> <span class='ocrx_word' id='word_1_159' title='bbox 1208 1429 1380 1471; x_wconf 76' lang='lat' dir='ltr'>resistis,</span> <span class='ocrx_word' id='word_1_160' title='bbox 1410 1428 1526 1481; x_wconf 87' lang='lat' dir='ltr'>Quid</span> <span class='ocrx_word' id='word_1_161' title='bbox 1558 1438 1702 1472; x_wconf 89' lang='lat' dir='ltr'>autem</span> 
     </span>
     <span class='ocr_line' id='line_1_19' title="bbox 310 1499 1704 1557; baseline 0.001 -16"><span class='ocrx_word' id='word_1_162' title='bbox 310 1501 556 1557; x_wconf 82' lang='lat' dir='ltr'>superbius,</span> <span class='ocrx_word' id='word_1_163' title='bbox 584 1514 714 1557; x_wconf 85' lang='lat' dir='ltr'>quam</span> <span class='ocrx_word' id='word_1_164' title='bbox 738 1507 787 1540; x_wconf 87' lang='lat' dir='ltr'>ut</span> <span class='ocrx_word' id='word_1_165' title='bbox 821 1513 1050 1541; x_wconf 85' lang='lat' dir='ltr'>assererem</span> <span class='ocrx_word' id='word_1_166' title='bbox 1080 1499 1185 1542; x_wconf 86' lang='lat' dir='ltr'>mira</span> <span class='ocrx_word' id='word_1_167' title='bbox 1218 1499 1436 1542; x_wconf 83' lang='lat' dir='ltr'>dementia</span> <span class='ocrx_word' id='word_1_168' title='bbox 1459 1514 1526 1542; x_wconf 89' lang='lat' dir='ltr'>me</span> <span class='ocrx_word' id='word_1_169' title='bbox 1548 1499 1593 1543; x_wconf 88' lang='lat' dir='ltr'>id</span> <span class='ocrx_word' id='word_1_170' title='bbox 1615 1514 1704 1543; x_wconf 77' lang='lat' dir='ltr'>esse</span> 
     </span>
     <span class='ocr_line' id='line_1_20' title="bbox 310 1569 1701 1628; baseline 0 -15"><span class='ocrx_word' id='word_1_171' title='bbox 310 1569 568 1613; x_wconf 87' lang='lat' dir='ltr'>naturaliter</span> <span class='ocrx_word' id='word_1_172' title='bbox 587 1569 707 1628; x_wconf 87' lang='lat' dir='ltr'>quod</span> <span class='ocrx_word' id='word_1_173' title='bbox 730 1578 778 1611; x_wconf 84' lang='lat' dir='ltr'>tu</span> <span class='ocrx_word' id='word_1_174' title='bbox 807 1570 875 1611; x_wconf 81' lang='lat' dir='ltr'>es?</span> <span class='ocrx_word' id='word_1_175' title='bbox 900 1571 1012 1612; x_wconf 88' lang='lat' dir='ltr'>Cum</span> <span class='ocrx_word' id='word_1_176' title='bbox 1041 1569 1155 1611; x_wconf 84' lang='lat' dir='ltr'>enim</span> <span class='ocrx_word' id='word_1_177' title='bbox 1179 1584 1259 1626; x_wconf 78' lang='lat' dir='ltr'>ego</span> <span class='ocrx_word' id='word_1_178' title='bbox 1287 1584 1421 1612; x_wconf 86' lang='lat' dir='ltr'>essem</span> <span class='ocrx_word' id='word_1_179' title='bbox 1453 1570 1674 1614; x_wconf 90' lang='lat' dir='ltr'>mutabilis</span> <span class='ocrx_word' id='word_1_180' title='bbox 1690 1605 1701 1625; x_wconf 85' lang='lat'>‚</span> 
     </span>
     <span class='ocr_line' id='line_1_21' title="bbox 312 1638 1705 1700; baseline 0 -16"><span class='ocrx_word' id='word_1_181' title='bbox 312 1651 354 1685; x_wconf 85' lang='lat' dir='ltr'>et</span> <span class='ocrx_word' id='word_1_182' title='bbox 387 1657 437 1684; x_wconf 91' lang='lat' dir='ltr'>eo</span> <span class='ocrx_word' id='word_1_183' title='bbox 467 1641 573 1683; x_wconf 86' lang='lat' dir='ltr'>mihi</span> <span class='ocrx_word' id='word_1_184' title='bbox 608 1638 885 1683; x_wconf 86' lang='lat' dir='ltr'>manifestum</span> <span class='ocrx_word' id='word_1_185' title='bbox 918 1648 1042 1692; x_wconf 75' lang='lat' dir='ltr'>esset,</span> <span class='ocrx_word' id='word_1_186' title='bbox 1075 1638 1194 1698; x_wconf 87' lang='lat' dir='ltr'>quod</span> <span class='ocrx_word' id='word_1_187' title='bbox 1223 1639 1321 1683; x_wconf 87' lang='lat' dir='ltr'>ideo</span> <span class='ocrx_word' id='word_1_188' title='bbox 1350 1640 1503 1700; x_wconf 86' lang='lat' dir='ltr'>utique</span> <span class='ocrx_word' id='word_1_189' title='bbox 1537 1643 1705 1700; x_wconf 88' lang='lat' dir='ltr'>sapiens</span> 
     </span>
     <span class='ocr_line' id='line_1_22' title="bbox 313 1708 1704 1768; baseline 0 -13"><span class='ocrx_word' id='word_1_190' title='bbox 313 1727 401 1755; x_wconf 87' lang='lat' dir='ltr'>esse</span> <span class='ocrx_word' id='word_1_191' title='bbox 423 1710 676 1768; x_wconf 81' lang='lat' dir='ltr'>cupiebam,</span> <span class='ocrx_word' id='word_1_192' title='bbox 699 1718 747 1752; x_wconf 87' lang='lat' dir='ltr'>ut</span> <span class='ocrx_word' id='word_1_193' title='bbox 775 1724 826 1751; x_wconf 80' lang='lat' dir='ltr'>ex</span> <span class='ocrx_word' id='word_1_194' title='bbox 856 1708 1069 1752; x_wconf 86' lang='lat' dir='ltr'>deteriore</span> <span class='ocrx_word' id='word_1_195' title='bbox 1100 1709 1254 1753; x_wconf 88' lang='lat' dir='ltr'>melior</span> <span class='ocrx_word' id='word_1_196' title='bbox 1280 1709 1455 1767; x_wconf 76' lang='lat' dir='ltr'>fierem3</span> <span class='ocrx_word' id='word_1_197' title='bbox 1489 1711 1704 1755; x_wconf 86' lang='lat' dir='ltr'>malebam</span> 
     </span>
     <span class='ocr_line' id='line_1_23' title="bbox 313 1778 1703 1838; baseline -0.001 -13"><span class='ocrx_word' id='word_1_198' title='bbox 313 1791 459 1826; x_wconf 88' lang='lat' dir='ltr'>tamen</span> <span class='ocrx_word' id='word_1_199' title='bbox 481 1781 610 1823; x_wconf 85' lang='lat' dir='ltr'>etiam</span> <span class='ocrx_word' id='word_1_200' title='bbox 627 1788 668 1823; x_wconf 89' lang='lat' dir='ltr'>te</span> <span class='ocrx_word' id='word_1_201' title='bbox 680 1778 849 1838; x_wconf 84' lang='lat' dir='ltr'>opinari</span> <span class='ocrx_word' id='word_1_202' title='bbox 863 1778 1122 1822; x_wconf 84' lang='lat' dir='ltr'>mutabilem</span> <span class='ocrx_word' id='word_1_203' title='bbox 1136 1813 1147 1833; x_wconf 60' lang='lat'><em>9</em></span> <span class='ocrx_word' id='word_1_204' title='bbox 1166 1794 1298 1838; x_wconf 87' lang='lat' dir='ltr'>quam</span> <span class='ocrx_word' id='word_1_205' title='bbox 1318 1794 1386 1822; x_wconf 91' lang='lat' dir='ltr'>me</span> <span class='ocrx_word' id='word_1_206' title='bbox 1407 1795 1499 1824; x_wconf 90' lang='lat' dir='ltr'>non</span> <span class='ocrx_word' id='word_1_207' title='bbox 1517 1781 1599 1825; x_wconf 91' lang='lat' dir='ltr'>hoc</span> <span class='ocrx_word' id='word_1_208' title='bbox 1614 1795 1703 1825; x_wconf 89' lang='lat' dir='ltr'>esse</span> 
     </span>
     <span class='ocr_line' id='line_1_24' title="bbox 315 1849 1705 1912; baseline -0.001 -16"><span class='ocrx_word' id='word_1_209' title='bbox 315 1850 435 1912; x_wconf 88' lang='lat' dir='ltr'>quod</span> <span class='ocrx_word' id='word_1_210' title='bbox 454 1860 503 1896; x_wconf 87' lang='lat' dir='ltr'>tu</span> <span class='ocrx_word' id='word_1_211' title='bbox 525 1866 582 1894; x_wconf 90' lang='lat' dir='ltr'>es.</span> <span class='ocrx_word' id='word_1_212' title='bbox 607 1853 760 1909; x_wconf 88' lang='lat' dir='ltr'>Itaque</span> <span class='ocrx_word' id='word_1_213' title='bbox 782 1849 1024 1909; x_wconf 86' lang='lat' dir='ltr'>repellebar</span> <span class='ocrx_word' id='word_1_214' title='bbox 1041 1884 1051 1902; x_wconf 81' lang='lat'><strong>‚</strong></span> <span class='ocrx_word' id='word_1_215' title='bbox 1078 1859 1121 1893; x_wconf 92' lang='lat' dir='ltr'>et</span> <span class='ocrx_word' id='word_1_216' title='bbox 1138 1849 1363 1894; x_wconf 84' lang='lat' dir='ltr'>resistebas</span> <span class='ocrx_word' id='word_1_217' title='bbox 1386 1860 1577 1895; x_wconf 81' lang='lat' dir='ltr'>ventosae</span> <span class='ocrx_word' id='word_1_218' title='bbox 1609 1866 1705 1895; x_wconf 89' lang='lat' dir='ltr'>cer-</span> 
     </span>
     <span class='ocr_line' id='line_1_25' title="bbox 315 1919 1706 1981; baseline -0.001 -13"><span class='ocrx_word' id='word_1_219' title='bbox 315 1923 399 1968; x_wconf 90' lang='lat' dir='ltr'>vici</span> <span class='ocrx_word' id='word_1_220' title='bbox 418 1937 549 1976; x_wconf 86' lang='lat' dir='ltr'>meae,</span> <span class='ocrx_word' id='word_1_221' title='bbox 575 1930 617 1965; x_wconf 87' lang='lat' dir='ltr'>et</span> <span class='ocrx_word' id='word_1_222' title='bbox 637 1921 907 1979; x_wconf 88' lang='lat' dir='ltr'>imaginabar</span> <span class='ocrx_word' id='word_1_223' title='bbox 935 1919 1095 1965; x_wconf 85' lang='lat' dir='ltr'>formas</span> <span class='ocrx_word' id='word_1_224' title='bbox 1117 1936 1367 1981; x_wconf 75' lang='lat' dir='ltr'>corporeas,</span> <span class='ocrx_word' id='word_1_225' title='bbox 1403 1931 1446 1966; x_wconf 89' lang='lat' dir='ltr'>et</span> <span class='ocrx_word' id='word_1_226' title='bbox 1480 1938 1580 1967; x_wconf 89' lang='lat' dir='ltr'>caro</span> <span class='ocrx_word' id='word_1_227' title='bbox 1611 1938 1706 1967; x_wconf 88' lang='lat' dir='ltr'>car-</span> 
     </span>
     <span class='ocr_line' id='line_1_26' title="bbox 318 1990 1706 2051; baseline 0 -13"><span class='ocrx_word' id='word_1_228' title='bbox 318 2010 417 2039; x_wconf 90' lang='lat' dir='ltr'>nem</span> <span class='ocrx_word' id='word_1_229' title='bbox 445 1992 720 2047; x_wconf 88' lang='lat' dir='ltr'>accusabam,</span> <span class='ocrx_word' id='word_1_230' title='bbox 739 2001 782 2036; x_wconf 89' lang='lat' dir='ltr'>et</span> <span class='ocrx_word' id='word_1_231' title='bbox 803 1992 976 2051; x_wconf 83' lang='lat' dir='ltr'>spiritus</span> <span class='ocrx_word' id='word_1_232' title='bbox 1000 1990 1227 2036; x_wconf 88' lang='lat' dir='ltr'>ambulans</span> <span class='ocrx_word' id='word_1_233' title='bbox 1242 1991 1438 2036; x_wconf 90' lang='lat' dir='ltr'>nondum</span> <span class='ocrx_word' id='word_1_234' title='bbox 1459 1994 1706 2038; x_wconf 86' lang='lat' dir='ltr'>revertebar</span> 
     </span>
     <span class='ocr_line' id='line_1_27' title="bbox 320 2061 1702 2122; baseline 0 -14"><span class='ocrx_word' id='word_1_235' title='bbox 320 2064 373 2108; x_wconf 85' lang='lat' dir='ltr'>ad</span> <span class='ocrx_word' id='word_1_236' title='bbox 390 2067 474 2115; x_wconf 83' lang='lat' dir='ltr'>te⁵‚</span> <span class='ocrx_word' id='word_1_237' title='bbox 491 2073 534 2108; x_wconf 88' lang='lat' dir='ltr'>et</span> <span class='ocrx_word' id='word_1_238' title='bbox 553 2061 821 2107; x_wconf 87' lang='lat' dir='ltr'>ambulando</span> <span class='ocrx_word' id='word_1_239' title='bbox 839 2061 1119 2106; x_wconf 85' lang='lat' dir='ltr'>ambulabam</span> <span class='ocrx_word' id='word_1_240' title='bbox 1135 2062 1181 2106; x_wconf 92' lang='lat' dir='ltr'>in</span> <span class='ocrx_word' id='word_1_241' title='bbox 1195 2077 1242 2105; x_wconf 85' lang='lat' dir='ltr'>ea</span> <span class='ocrx_word' id='word_1_242' title='bbox 1260 2078 1360 2122; x_wconf 83' lang='lat' dir='ltr'>quae</span> <span class='ocrx_word' id='word_1_243' title='bbox 1382 2078 1471 2107; x_wconf 90' lang='lat' dir='ltr'>non</span> <span class='ocrx_word' id='word_1_244' title='bbox 1492 2072 1609 2119; x_wconf 87' lang='lat' dir='ltr'>sunt,</span> <span class='ocrx_word' id='word_1_245' title='bbox 1628 2078 1702 2108; x_wconf 87' lang='lat' dir='ltr'>ne-</span> 
     </span>
     <span class='ocr_line' id='line_1_28' title="bbox 319 2133 1706 2196; baseline 0.001 -18"><span class='ocrx_word' id='word_1_246' title='bbox 319 2150 405 2196; x_wconf 84' lang='lat' dir='ltr'>que</span> <span class='ocrx_word' id='word_1_247' title='bbox 419 2136 464 2178; x_wconf 90' lang='lat' dir='ltr'>in</span> <span class='ocrx_word' id='word_1_248' title='bbox 480 2144 538 2189; x_wconf 88' lang='lat' dir='ltr'>te,</span> <span class='ocrx_word' id='word_1_249' title='bbox 554 2149 697 2195; x_wconf 88' lang='lat' dir='ltr'>neque</span> <span class='ocrx_word' id='word_1_250' title='bbox 709 2135 753 2177; x_wconf 88' lang='lat' dir='ltr'>in</span> <span class='ocrx_word' id='word_1_251' title='bbox 767 2149 851 2187; x_wconf 82' lang='lat' dir='ltr'>me,</span> <span class='ocrx_word' id='word_1_252' title='bbox 864 2148 1005 2193; x_wconf 88' lang='lat' dir='ltr'>neque</span> <span class='ocrx_word' id='word_1_253' title='bbox 1019 2133 1065 2176; x_wconf 90' lang='lat' dir='ltr'>in</span> <span class='ocrx_word' id='word_1_254' title='bbox 1086 2148 1267 2192; x_wconf 87' lang='lat' dir='ltr'>corpore</span> <span class='ocrx_word' id='word_1_255' title='bbox 1279 2153 1289 2189; x_wconf 79' lang='lat'><em>3</em></span> <span class='ocrx_word' id='word_1_256' title='bbox 1300 2148 1444 2193; x_wconf 90' lang='lat' dir='ltr'>neque</span> <span class='ocrx_word' id='word_1_257' title='bbox 1459 2134 1565 2178; x_wconf 88' lang='lat' dir='ltr'>mihi</span> <span class='ocrx_word' id='word_1_258' title='bbox 1585 2150 1706 2179; x_wconf 89' lang='lat' dir='ltr'>crea-</span> 
     </span>
     <span class='ocr_line' id='line_1_29' title="bbox 320 2202 1705 2263; baseline -0.001 -13"><span class='ocrx_word' id='word_1_259' title='bbox 320 2207 482 2251; x_wconf 86' lang='lat' dir='ltr'>bantur</span> <span class='ocrx_word' id='word_1_260' title='bbox 499 2222 522 2250; x_wconf 90' lang='lat' dir='ltr'>a</span> <span class='ocrx_word' id='word_1_261' title='bbox 541 2205 722 2249; x_wconf 88' lang='lat' dir='ltr'>veritate</span> <span class='ocrx_word' id='word_1_262' title='bbox 751 2213 826 2248; x_wconf 87' lang='lat' dir='ltr'>tua</span> <span class='ocrx_word' id='word_1_263' title='bbox 847 2239 858 2259; x_wconf 80' lang='grc'>,</span> <span class='ocrx_word' id='word_1_264' title='bbox 883 2202 958 2248; x_wconf 89' lang='lat' dir='ltr'>sed</span> <span class='ocrx_word' id='word_1_265' title='bbox 979 2219 1002 2247; x_wconf 90' lang='lat' dir='ltr'>a</span> <span class='ocrx_word' id='word_1_266' title='bbox 1025 2219 1120 2247; x_wconf 89' lang='lat' dir='ltr'>mea</span> <span class='ocrx_word' id='word_1_267' title='bbox 1140 2204 1331 2247; x_wconf 88' lang='lat' dir='ltr'>vanitate</span> <span class='ocrx_word' id='word_1_268' title='bbox 1351 2204 1631 2263; x_wconf 86' lang='lat' dir='ltr'>fingebantur</span> <span class='ocrx_word' id='word_1_269' title='bbox 1654 2221 1705 2250; x_wconf 83' lang='lat' dir='ltr'>ex</span> 
     </span>
     <span class='ocr_line' id='line_1_30' title="bbox 321 2273 1706 2335; baseline -0.001 -14"><span class='ocrx_word' id='word_1_270' title='bbox 321 2291 500 2335; x_wconf 89' lang='lat' dir='ltr'>corpore</span> <span class='ocrx_word' id='word_1_271' title='bbox 519 2295 528 2320; x_wconf 72' lang='grc' dir='ltr'>ε</span> <span class='ocrx_word' id='word_1_272' title='bbox 554 2284 596 2319; x_wconf 89' lang='lat' dir='ltr'>et</span> <span class='ocrx_word' id='word_1_273' title='bbox 618 2274 815 2318; x_wconf 88' lang='lat' dir='ltr'>dicebam</span> <span class='ocrx_word' id='word_1_274' title='bbox 837 2273 1027 2333; x_wconf 90' lang='lat' dir='ltr'>parvulis</span> <span class='ocrx_word' id='word_1_275' title='bbox 1054 2273 1256 2317; x_wconf 76' lang='lat' dir='ltr'>fidelibus</span> <span class='ocrx_word' id='word_1_276' title='bbox 1278 2274 1385 2328; x_wconf 79' lang='lat' dir='ltr'>tuis,</span> <span class='ocrx_word' id='word_1_277' title='bbox 1410 2275 1576 2319; x_wconf 89' lang='lat' dir='ltr'>civibus</span> <span class='ocrx_word' id='word_1_278' title='bbox 1598 2276 1706 2319; x_wconf 90' lang='lat' dir='ltr'>meis</span> 
     </span>
     <span class='ocr_line' id='line_1_31' title="bbox 322 2343 1707 2405; baseline 0 -15"><span class='ocrx_word' id='word_1_279' title='bbox 322 2362 345 2390; x_wconf 79' lang='lat' dir='ltr'>a</span> <span class='ocrx_word' id='word_1_280' title='bbox 380 2347 538 2405; x_wconf 89' lang='lat' dir='ltr'>quibus</span> <span class='ocrx_word' id='word_1_281' title='bbox 571 2346 762 2389; x_wconf 83' lang='lat' dir='ltr'>nesciens</span> <span class='ocrx_word' id='word_1_282' title='bbox 801 2344 1049 2400; x_wconf 78' lang='lat' dir='ltr'>exulabam3</span> <span class='ocrx_word' id='word_1_283' title='bbox 1102 2343 1296 2388; x_wconf 86' lang='lat' dir='ltr'>dicebam</span> <span class='ocrx_word' id='word_1_284' title='bbox 1331 2343 1413 2388; x_wconf 84' lang='lat' dir='ltr'>illis</span> <span class='ocrx_word' id='word_1_285' title='bbox 1442 2344 1640 2404; x_wconf 81' lang='lat' dir='ltr'>garrulus</span> <span class='ocrx_word' id='word_1_286' title='bbox 1663 2354 1707 2390; x_wconf 86' lang='lat' dir='ltr'>et</span> 
     </span>
     <span class='ocr_line' id='line_1_32' title="bbox 322 2413 1707 2475; baseline -0.001 -15"><span class='ocrx_word' id='word_1_287' title='bbox 322 2417 494 2475; x_wconf 83' lang='lat' dir='ltr'>ineptus</span> <span class='ocrx_word' id='word_1_288' title='bbox 521 2435 530 2460; x_wconf 74' lang='grc' dir='ltr'>ε</span> <span class='ocrx_word' id='word_1_289' title='bbox 555 2418 645 2461; x_wconf 75' lang='lat' dir='ltr'>Cur</span> <span class='ocrx_word' id='word_1_290' title='bbox 665 2430 767 2474; x_wconf 81' lang='lat' dir='ltr'>ergo</span> <span class='ocrx_word' id='word_1_291' title='bbox 789 2424 902 2458; x_wconf 87' lang='lat' dir='ltr'>errat</span> <span class='ocrx_word' id='word_1_292' title='bbox 919 2414 1062 2458; x_wconf 88' lang='lat' dir='ltr'>anima</span> <span class='ocrx_word' id='word_1_293' title='bbox 1084 2428 1214 2473; x_wconf 91' lang='lat' dir='ltr'>quam</span> <span class='ocrx_word' id='word_1_294' title='bbox 1236 2413 1341 2458; x_wconf 87' lang='lat' dir='ltr'>fecit</span> <span class='ocrx_word' id='word_1_295' title='bbox 1362 2416 1502 2459; x_wconf 77' lang='lat' dir='ltr'>Deus?</span> <span class='ocrx_word' id='word_1_296' title='bbox 1523 2418 1579 2459; x_wconf 88' lang='lat' dir='ltr'>Et</span> <span class='ocrx_word' id='word_1_297' title='bbox 1599 2414 1707 2459; x_wconf 87' lang='lat' dir='ltr'>mihi</span> 
     </span>
    </p>
   </div>
   <div class='ocr_carea' id='block_1_3' title="bbox 325 2506 1704 2609">
    <p class='ocr_par' dir='ltr' id='par_1_5' title="bbox 325 2506 1704 2609">
     <span class='ocr_line' id='line_1_33' title="bbox 368 2506 1704 2553; baseline 0.001 -11"><span class='ocrx_word' id='word_1_298' title='bbox 368 2514 379 2533; x_wconf 85' lang='lat'>¹</span> <span class='ocrx_word' id='word_1_299' title='bbox 398 2512 479 2543; x_wconf 80' lang='lat' dir='ltr'>Psal.</span> <span class='ocrx_word' id='word_1_300' title='bbox 494 2522 585 2552; x_wconf 76' lang='lat' dir='ltr'>xviii,</span> <span class='ocrx_word' id='word_1_301' title='bbox 600 2520 652 2553; x_wconf 85' lang='lat'>29.</span> <span class='ocrx_word' id='word_1_302' title='bbox 671 2527 713 2534; x_wconf 88' lang='lat'>—</span> <span class='ocrx_word' id='word_1_303' title='bbox 732 2516 745 2533; x_wconf 89' lang='lat'><strong>²</strong></span> <span class='ocrx_word' id='word_1_304' title='bbox 763 2513 853 2543; x_wconf 82' lang='lat' dir='ltr'>Joan.</span> <span class='ocrx_word' id='word_1_305' title='bbox 868 2521 892 2551; x_wconf 87' lang='lat'>1,</span> <span class='ocrx_word' id='word_1_306' title='bbox 913 2511 1009 2543; x_wconf 85' lang='lat'>16.-</span> <span class='ocrx_word' id='word_1_307' title='bbox 1031 2506 1137 2542; x_wconf 73' lang='lat' dir='ltr'>3Ibid·</span> <span class='ocrx_word' id='word_1_308' title='bbox 1155 2521 1233 2552; x_wconf 77' lang='grc'>9.-</span> <span class='ocrx_word' id='word_1_309' title='bbox 1246 2508 1262 2536; x_wconf 76' lang='grc'>4</span> <span class='ocrx_word' id='word_1_310' title='bbox 1278 2510 1398 2543; x_wconf 82' lang='lat' dir='ltr'>Jacob.</span> <span class='ocrx_word' id='word_1_311' title='bbox 1421 2522 1445 2552; x_wconf 85' lang='lat'>1,</span> <span class='ocrx_word' id='word_1_312' title='bbox 1467 2522 1568 2553; x_wconf 86' lang='lat'>17.—</span> <span class='ocrx_word' id='word_1_313' title='bbox 1588 2509 1603 2534; x_wconf 87' lang='lat'><em>5</em></span> <span class='ocrx_word' id='word_1_314' title='bbox 1618 2511 1704 2544; x_wconf 87' lang='lat' dir='ltr'>Psal.</span> 
     </span>
     <span class='ocr_line' id='line_1_34' title="bbox 325 2567 514 2609; baseline -0.005 -9"><span class='ocrx_word' id='word_1_315' title='bbox 325 2578 442 2609; x_wconf 64' lang='lat' dir='ltr'>mxvii,</span> <span class='ocrx_word' id='word_1_316' title='bbox 459 2567 514 2609; x_wconf 83' lang='lat'>39.</span> 
     </span>
    </p>
   </div>
   <div class='ocr_carea' id='block_1_4' title="bbox 1794 0 1871 3162">
    <p class='ocr_par' dir='ltr' id='par_1_6' title="bbox 1794 0 1871 3162">
     <span class='ocr_line' id='line_1_35' title="bbox 1794 0 1871 3162; baseline 0 0"><span class='ocrx_word' id='word_1_317' title='bbox 1794 0 1871 3162; x_wconf 95' lang='lat' dir='ltr'> </span> 
     </span>
    </p>
   </div>
  </div>
 </body>
</html>
