<?xml version="1.0" encoding="UTF-8"?>
<!DOCTYPE html PUBLIC "-//W3C//DTD XHTML 1.0 Transitional//EN"
    "http://www.w3.org/TR/xhtml1/DTD/xhtml1-transitional.dtd">
<html xmlns="http://www.w3.org/1999/xhtml" xml:lang="en" lang="en">
 <head>
  <title>
</title>
<meta http-equiv="Content-Type" content="text/html;charset=utf-8" />
  <meta name='ocr-system' content='tesseract 3.04.00' />
  <meta name='ocr-capabilities' content='ocr_page ocr_carea ocr_par ocr_line ocrx_word'/>
</head>
<body>
  <div class='ocr_page' id='page_1' title='image "./operaomniaaccura25auguuoft_0028.png"; bbox 0 0 1871 3162; ppageno 0'>
   <div class='ocr_carea' id='block_1_1' title="bbox 328 198 1275 234">
    <p class='ocr_par' dir='ltr' id='par_1_1' title="bbox 328 198 1275 234">
     <span class='ocr_line' id='line_1_1' title="bbox 328 198 1275 234; baseline -0.002 0"><span class='ocrx_word' id='word_1_1' title='bbox 328 198 378 234; x_wconf 81' lang='grc'><strong>18</strong></span> <span class='ocrx_word' id='word_1_2' title='bbox 761 206 794 234; x_wconf 88' lang='lat' dir='ltr'><strong>S.</strong></span> <span class='ocrx_word' id='word_1_3' title='bbox 830 204 1061 234; x_wconf 77' lang='lat' dir='ltr'>AUGUSTINI</span> <span class='ocrx_word' id='word_1_4' title='bbox 1093 204 1275 233; x_wconf 81' lang='lat' dir='ltr'>EPISCOPI</span> 
     </span>
    </p>
   </div>
   <div class='ocr_carea' id='block_1_2' title="bbox 316 269 1702 890">
    <p class='ocr_par' dir='ltr' id='par_1_2' title="bbox 316 269 1702 890">
     <span class='ocr_line' id='line_1_2' title="bbox 316 269 1700 324; baseline 0.001 -10"><span class='ocrx_word' id='word_1_5' title='bbox 316 271 423 315; x_wconf 86' lang='lat' dir='ltr'><strong>bant</strong></span> <span class='ocrx_word' id='word_1_6' title='bbox 437 289 446 315; x_wconf 90' lang='grc'>;</span> <span class='ocrx_word' id='word_1_7' title='bbox 460 270 536 314; x_wconf 92' lang='lat' dir='ltr'><strong>sed</strong></span> <span class='ocrx_word' id='word_1_8' title='bbox 548 270 659 314; x_wconf 86' lang='lat' dir='ltr'><strong>bene</strong></span> <span class='ocrx_word' id='word_1_9' title='bbox 677 270 782 314; x_wconf 90' lang='lat' dir='ltr'><strong>mihi</strong></span> <span class='ocrx_word' id='word_1_10' title='bbox 795 271 930 314; x_wconf 89' lang='lat' dir='ltr'><strong>fiebat</strong></span> <span class='ocrx_word' id='word_1_11' title='bbox 944 271 1020 314; x_wconf 87' lang='lat' dir='ltr'><strong>abs</strong></span> <span class='ocrx_word' id='word_1_12' title='bbox 1037 278 1096 324; x_wconf 87' lang='lat' dir='ltr'><strong>te,</strong></span> <span class='ocrx_word' id='word_1_13' title='bbox 1110 272 1223 313; x_wconf 90' lang='lat' dir='ltr'><strong>Deus</strong></span> <span class='ocrx_word' id='word_1_14' title='bbox 1236 284 1374 314; x_wconf 89' lang='lat' dir='ltr'><strong>meus.</strong></span> <span class='ocrx_word' id='word_1_15' title='bbox 1389 269 1458 313; x_wconf 91' lang='lat' dir='ltr'><strong>Illi</strong></span> <span class='ocrx_word' id='word_1_16' title='bbox 1475 269 1594 313; x_wconf 91' lang='lat' dir='ltr'><strong>enim</strong></span> <span class='ocrx_word' id='word_1_17' title='bbox 1608 283 1700 315; x_wconf 85' lang='lat' dir='ltr'><strong>non</strong></span> 
     </span>
     <span class='ocr_line' id='line_1_3' title="bbox 321 338 1701 400; baseline -0.001 -16"><span class='ocrx_word' id='word_1_18' title='bbox 321 340 606 385; x_wconf 81' lang='lat' dir='ltr'>intuebantur</span> <span class='ocrx_word' id='word_1_19' title='bbox 619 356 707 400; x_wconf 87' lang='lat' dir='ltr'><strong>quo</strong></span> <span class='ocrx_word' id='word_1_20' title='bbox 723 339 927 385; x_wconf 82' lang='lat' dir='ltr'><strong>referrem</strong></span> <span class='ocrx_word' id='word_1_21' title='bbox 944 338 1065 398; x_wconf 91' lang='lat' dir='ltr'><strong>quod</strong></span> <span class='ocrx_word' id='word_1_22' title='bbox 1078 355 1148 383; x_wconf 92' lang='lat' dir='ltr'><strong>me</strong></span> <span class='ocrx_word' id='word_1_23' title='bbox 1161 338 1325 384; x_wconf 88' lang='lat' dir='ltr'><strong>discere</strong></span> <span class='ocrx_word' id='word_1_24' title='bbox 1346 339 1574 397; x_wconf 84' lang='lat' dir='ltr'><strong>cogebant,</strong></span> <span class='ocrx_word' id='word_1_25' title='bbox 1591 354 1701 399; x_wconf 83' lang='lat' dir='ltr'><strong>prae-</strong></span> 
     </span>
     <span class='ocr_line' id='line_1_4' title="bbox 320 409 1701 471; baseline -0.001 -17"><span class='ocrx_word' id='word_1_26' title='bbox 320 419 519 471; x_wconf 89' lang='lat' dir='ltr'><strong>terquam</strong></span> <span class='ocrx_word' id='word_1_27' title='bbox 537 411 591 455; x_wconf 89' lang='lat' dir='ltr'><strong>ad</strong></span> <span class='ocrx_word' id='word_1_28' title='bbox 612 410 825 455; x_wconf 88' lang='lat' dir='ltr'><strong>satiandas</strong></span> <span class='ocrx_word' id='word_1_29' title='bbox 844 409 1106 454; x_wconf 79' lang='lat' dir='ltr'><strong>insatiabiles</strong></span> <span class='ocrx_word' id='word_1_30' title='bbox 1122 410 1380 470; x_wconf 85' lang='lat' dir='ltr'><strong>cupiditates</strong></span> <span class='ocrx_word' id='word_1_31' title='bbox 1402 411 1589 470; x_wconf 79' lang='lat' dir='ltr'><strong>copiosae</strong></span> <span class='ocrx_word' id='word_1_32' title='bbox 1604 410 1701 454; x_wconf 90' lang='lat' dir='ltr'><strong>ino-</strong></span> 
     </span>
     <span class='ocr_line' id='line_1_5' title="bbox 322 479 1702 540; baseline 0 -16"><span class='ocrx_word' id='word_1_33' title='bbox 322 481 403 540; x_wconf 77' lang='lat' dir='ltr'><strong>piae</strong></span> <span class='ocrx_word' id='word_1_34' title='bbox 424 490 467 525; x_wconf 91' lang='lat' dir='ltr'><strong>et</strong></span> <span class='ocrx_word' id='word_1_35' title='bbox 503 481 799 539; x_wconf 70' lang='lat' dir='ltr'><strong>ignominiosae</strong></span> <span class='ocrx_word' id='word_1_36' title='bbox 832 479 994 539; x_wconf 81' lang='lat' dir='ltr'><strong>gloriae.</strong></span> <span class='ocrx_word' id='word_1_37' title='bbox 1032 483 1098 524; x_wconf 91' lang='lat' dir='ltr'><strong>Tu</strong></span> <span class='ocrx_word' id='word_1_38' title='bbox 1132 495 1237 526; x_wconf 87' lang='lat' dir='ltr'><strong>vero</strong></span> <span class='ocrx_word' id='word_1_39' title='bbox 1258 481 1330 526; x_wconf 87' lang='lat' dir='ltr'><strong>cui</strong></span> <span class='ocrx_word' id='word_1_40' title='bbox 1360 480 1578 525; x_wconf 88' lang='lat' dir='ltr'><strong>numerati</strong></span> <span class='ocrx_word' id='word_1_41' title='bbox 1600 488 1702 524; x_wconf 88' lang='lat' dir='ltr'><strong>sunt</strong></span> 
     </span>
     <span class='ocr_line' id='line_1_6' title="bbox 322 550 1701 610; baseline -0.001 -15"><span class='ocrx_word' id='word_1_42' title='bbox 322 551 465 610; x_wconf 83' lang='lat' dir='ltr'><strong>capilli</strong></span> <span class='ocrx_word' id='word_1_43' title='bbox 489 552 639 610; x_wconf 86' lang='lat' dir='ltr'><strong>capitis</strong></span> <span class='ocrx_word' id='word_1_44' title='bbox 672 550 835 595; x_wconf 86' lang='lat' dir='ltr'><strong>nostri1</strong></span> <span class='ocrx_word' id='word_1_45' title='bbox 852 585 863 605; x_wconf 95' lang='lat'><strong>,</strong></span> <span class='ocrx_word' id='word_1_46' title='bbox 895 565 1039 594; x_wconf 90' lang='lat' dir='ltr'><strong>errore</strong></span> <span class='ocrx_word' id='word_1_47' title='bbox 1074 551 1270 595; x_wconf 88' lang='lat' dir='ltr'><strong>omnium</strong></span> <span class='ocrx_word' id='word_1_48' title='bbox 1286 586 1297 606; x_wconf 89' lang='lat'><strong>,</strong></span> <span class='ocrx_word' id='word_1_49' title='bbox 1329 551 1406 610; x_wconf 88' lang='lat' dir='ltr'><strong>qui</strong></span> <span class='ocrx_word' id='word_1_50' title='bbox 1432 550 1539 594; x_wconf 89' lang='lat' dir='ltr'><strong>mihi</strong></span> <span class='ocrx_word' id='word_1_51' title='bbox 1563 550 1701 594; x_wconf 90' lang='lat' dir='ltr'><strong>insta-</strong></span> 
     </span>
     <span class='ocr_line' id='line_1_7' title="bbox 321 619 1701 675; baseline -0.001 -10"><span class='ocrx_word' id='word_1_52' title='bbox 321 621 429 665; x_wconf 83' lang='lat' dir='ltr'><strong>bant</strong></span> <span class='ocrx_word' id='word_1_53' title='bbox 444 631 494 666; x_wconf 91' lang='lat' dir='ltr'><strong>ut</strong></span> <span class='ocrx_word' id='word_1_54' title='bbox 511 622 719 665; x_wconf 88' lang='lat' dir='ltr'><strong>discerem</strong></span> <span class='ocrx_word' id='word_1_55' title='bbox 734 655 745 675; x_wconf 92' lang='lat'>‚</span> <span class='ocrx_word' id='word_1_56' title='bbox 766 620 956 665; x_wconf 88' lang='lat' dir='ltr'><strong>utebaris</strong></span> <span class='ocrx_word' id='word_1_57' title='bbox 977 619 1033 664; x_wconf 89' lang='lat' dir='ltr'><strong>ad</strong></span> <span class='ocrx_word' id='word_1_58' title='bbox 1053 620 1286 664; x_wconf 84' lang='lat' dir='ltr'><strong>utilitatem</strong></span> <span class='ocrx_word' id='word_1_59' title='bbox 1309 636 1448 665; x_wconf 85' lang='lat' dir='ltr'><strong>meam</strong></span> <span class='ocrx_word' id='word_1_60' title='bbox 1470 639 1479 665; x_wconf 75' lang='grc' dir='ltr'><strong>ε</strong></span> <span class='ocrx_word' id='word_1_61' title='bbox 1501 635 1600 664; x_wconf 88' lang='lat' dir='ltr'><strong>meo</strong></span> <span class='ocrx_word' id='word_1_62' title='bbox 1622 636 1701 664; x_wconf 91' lang='lat' dir='ltr'><strong>au-</strong></span> 
     </span>
     <span class='ocr_line' id='line_1_8' title="bbox 320 690 1699 751; baseline -0.001 -16"><span class='ocrx_word' id='word_1_63' title='bbox 320 701 434 746; x_wconf 88' lang='lat' dir='ltr'><strong>tem,</strong></span> <span class='ocrx_word' id='word_1_64' title='bbox 470 692 544 751; x_wconf 92' lang='lat' dir='ltr'><strong>qui</strong></span> <span class='ocrx_word' id='word_1_65' title='bbox 572 690 734 735; x_wconf 88' lang='lat' dir='ltr'><strong>discere</strong></span> <span class='ocrx_word' id='word_1_66' title='bbox 762 690 964 735; x_wconf 88' lang='lat' dir='ltr'><strong>nolebam</strong></span> <span class='ocrx_word' id='word_1_67' title='bbox 982 725 993 745; x_wconf 96' lang='lat'><strong>,</strong></span> <span class='ocrx_word' id='word_1_68' title='bbox 1018 691 1210 735; x_wconf 89' lang='lat' dir='ltr'><strong>utebaris</strong></span> <span class='ocrx_word' id='word_1_69' title='bbox 1239 691 1293 735; x_wconf 89' lang='lat' dir='ltr'><strong>ad</strong></span> <span class='ocrx_word' id='word_1_70' title='bbox 1321 706 1499 751; x_wconf 88' lang='lat' dir='ltr'><strong>poenam</strong></span> <span class='ocrx_word' id='word_1_71' title='bbox 1526 706 1667 734; x_wconf 89' lang='lat' dir='ltr'><strong>meam</strong></span> <span class='ocrx_word' id='word_1_72' title='bbox 1687 725 1699 745; x_wconf 93' lang='lat'><strong>,</strong></span> 
     </span>
     <span class='ocr_line' id='line_1_9' title="bbox 320 760 1701 821; baseline -0.001 -15"><span class='ocrx_word' id='word_1_73' title='bbox 320 778 406 821; x_wconf 88' lang='lat' dir='ltr'><strong>qua</strong></span> <span class='ocrx_word' id='word_1_74' title='bbox 427 761 558 821; x_wconf 89' lang='lat' dir='ltr'><strong>plecti</strong></span> <span class='ocrx_word' id='word_1_75' title='bbox 580 777 670 806; x_wconf 92' lang='lat' dir='ltr'><strong>non</strong></span> <span class='ocrx_word' id='word_1_76' title='bbox 686 776 802 805; x_wconf 90' lang='lat' dir='ltr'><strong>eram</strong></span> <span class='ocrx_word' id='word_1_77' title='bbox 820 761 1025 819; x_wconf 85' lang='lat' dir='ltr'><strong>indignus</strong></span> <span class='ocrx_word' id='word_1_78' title='bbox 1042 760 1237 805; x_wconf 87' lang='lat' dir='ltr'><strong>tantillus</strong></span> <span class='ocrx_word' id='word_1_79' title='bbox 1255 777 1362 820; x_wconf 89' lang='lat' dir='ltr'><strong>puer</strong></span> <span class='ocrx_word' id='word_1_80' title='bbox 1377 771 1420 805; x_wconf 91' lang='lat' dir='ltr'><strong>et</strong></span> <span class='ocrx_word' id='word_1_81' title='bbox 1435 771 1581 805; x_wconf 84' lang='lat' dir='ltr'><strong>tantus</strong></span> <span class='ocrx_word' id='word_1_82' title='bbox 1597 776 1701 820; x_wconf 90' lang='lat' dir='ltr'><strong>pec-</strong></span> 
     </span>
     <span class='ocr_line' id='line_1_10' title="bbox 318 831 1700 890; baseline -0.001 -14"><span class='ocrx_word' id='word_1_83' title='bbox 318 842 452 877; x_wconf 90' lang='lat' dir='ltr'><strong>cator.</strong></span> <span class='ocrx_word' id='word_1_84' title='bbox 481 836 546 876; x_wconf 89' lang='lat' dir='ltr'><strong>Ita</strong></span> <span class='ocrx_word' id='word_1_85' title='bbox 562 832 617 876; x_wconf 89' lang='lat' dir='ltr'><strong>de</strong></span> <span class='ocrx_word' id='word_1_86' title='bbox 638 848 728 877; x_wconf 89' lang='lat' dir='ltr'><strong>non</strong></span> <span class='ocrx_word' id='word_1_87' title='bbox 751 831 1138 877; x_wconf 84' lang='lat' dir='ltr'><strong>benefacientibus</strong></span> <span class='ocrx_word' id='word_1_88' title='bbox 1155 842 1204 877; x_wconf 94' lang='lat' dir='ltr'><strong>tu</strong></span> <span class='ocrx_word' id='word_1_89' title='bbox 1227 833 1338 876; x_wconf 91' lang='lat' dir='ltr'><strong>bene</strong></span> <span class='ocrx_word' id='word_1_90' title='bbox 1352 831 1541 876; x_wconf 83' lang='lat' dir='ltr'><strong>faciebas</strong></span> <span class='ocrx_word' id='word_1_91' title='bbox 1564 832 1671 876; x_wconf 91' lang='lat' dir='ltr'><strong>mihi</strong></span> <span class='ocrx_word' id='word_1_92' title='bbox 1688 853 1700 890; x_wconf 77' lang='lat'>3</span> 
     </span>
    </p>
   </div>
   <div class='ocr_carea' id='block_1_3' title="bbox 319 901 1769 962">
    <p class='ocr_par' dir='ltr' id='par_1_3' title="bbox 319 901 1769 962">
     <span class='ocr_line' id='line_1_11' title="bbox 319 901 1769 962; baseline -0.001 -16"><span class='ocrx_word' id='word_1_93' title='bbox 319 911 362 946; x_wconf 89' lang='lat' dir='ltr'><strong>et</strong></span> <span class='ocrx_word' id='word_1_94' title='bbox 391 902 445 946; x_wconf 90' lang='lat' dir='ltr'><strong>de</strong></span> <span class='ocrx_word' id='word_1_95' title='bbox 466 911 673 961; x_wconf 87' lang='lat' dir='ltr'><strong>peccante</strong></span> <span class='ocrx_word' id='word_1_96' title='bbox 704 917 774 946; x_wconf 91' lang='lat' dir='ltr'><strong>me</strong></span> <span class='ocrx_word' id='word_1_97' title='bbox 805 902 899 961; x_wconf 89' lang='lat' dir='ltr'><strong>ipso</strong></span> <span class='ocrx_word' id='word_1_98' title='bbox 921 903 1037 962; x_wconf 83' lang='lat' dir='ltr'><strong>juste</strong></span> <span class='ocrx_word' id='word_1_99' title='bbox 1068 901 1340 947; x_wconf 87' lang='lat' dir='ltr'><strong>retribuebas</strong></span> <span class='ocrx_word' id='word_1_100' title='bbox 1375 902 1499 950; x_wconf 87' lang='lat' dir='ltr'><strong>mihi.</strong></span> <span class='ocrx_word' id='word_1_101' title='bbox 1535 901 1704 946; x_wconf 83' lang='lat' dir='ltr'><strong>Jussisti</strong></span> <span class='ocrx_word' id='word_1_102' title='bbox 1767 935 1769 937; x_wconf 85' lang='lat'>-</span> 
     </span>
    </p>
   </div>
   <div class='ocr_carea' id='block_1_4' title="bbox 318 971 1703 1087">
    <p class='ocr_par' dir='ltr' id='par_1_4' title="bbox 318 971 1703 1087">
     <span class='ocr_line' id='line_1_12' title="bbox 318 971 1703 1033; baseline 0.001 -18"><span class='ocrx_word' id='word_1_103' title='bbox 318 973 434 1016; x_wconf 84' lang='lat' dir='ltr'><strong>enim</strong></span> <span class='ocrx_word' id='word_1_104' title='bbox 450 1007 462 1027; x_wconf 93' lang='lat'><strong>,</strong></span> <span class='ocrx_word' id='word_1_105' title='bbox 494 982 538 1018; x_wconf 91' lang='lat' dir='ltr'><strong>et</strong></span> <span class='ocrx_word' id='word_1_106' title='bbox 559 973 618 1018; x_wconf 90' lang='lat' dir='ltr'><strong>sic</strong></span> <span class='ocrx_word' id='word_1_107' title='bbox 640 982 704 1018; x_wconf 88' lang='lat' dir='ltr'><strong>est</strong></span> <span class='ocrx_word' id='word_1_108' title='bbox 721 1008 732 1029; x_wconf 94' lang='lat'><strong>,</strong></span> <span class='ocrx_word' id='word_1_109' title='bbox 761 982 812 1017; x_wconf 88' lang='lat' dir='ltr'><strong>ut</strong></span> <span class='ocrx_word' id='word_1_110' title='bbox 832 988 964 1033; x_wconf 85' lang='lat' dir='ltr'><strong>poena</strong></span> <span class='ocrx_word' id='word_1_111' title='bbox 983 988 1060 1017; x_wconf 90' lang='lat' dir='ltr'><strong>sua</strong></span> <span class='ocrx_word' id='word_1_112' title='bbox 1081 973 1162 1017; x_wconf 88' lang='lat' dir='ltr'><strong>sibi</strong></span> <span class='ocrx_word' id='word_1_113' title='bbox 1184 973 1238 1017; x_wconf 88' lang='lat' dir='ltr'><strong>sit</strong></span> <span class='ocrx_word' id='word_1_114' title='bbox 1259 973 1400 1017; x_wconf 84' lang='lat' dir='ltr'><strong>omnis</strong></span> <span class='ocrx_word' id='word_1_115' title='bbox 1428 971 1703 1017; x_wconf 88' lang='lat' dir='ltr'><strong>inordinatus</strong></span> 
     </span>
     <span class='ocr_line' id='line_1_13' title="bbox 319 1057 501 1087; baseline 0.005 -1"><span class='ocrx_word' id='word_1_116' title='bbox 319 1057 501 1087; x_wconf 83' lang='lat' dir='ltr'><strong>animus.</strong></span> 
     </span>
    </p>
   </div>
   <div class='ocr_carea' id='block_1_5' title="bbox 322 1209 1702 1227">
    <p class='ocr_par' dir='ltr' id='par_1_5' title="bbox 322 1209 1702 1227">
     <span class='ocr_line' id='line_1_14' title="bbox 322 1209 1702 1227; baseline 0.001 -1"><span class='ocrx_word' id='word_1_117' title='bbox 322 1211 392 1226; x_wconf 61' lang='lat' dir='ltr'><strong>mm</strong></span> <span class='ocrx_word' id='word_1_118' title='bbox 395 1209 872 1227; x_wconf 57' lang='lat' dir='ltr'><strong>wwx=wummmmvsnmmx</strong></span> <span class='ocrx_word' id='word_1_119' title='bbox 876 1209 1013 1227; x_wconf 62' lang='lat' dir='ltr'><strong>mm</strong></span> <span class='ocrx_word' id='word_1_120' title='bbox 1016 1210 1151 1227; x_wconf 57' lang='lat' dir='ltr'><strong>mmmm</strong></span> <span class='ocrx_word' id='word_1_121' title='bbox 1155 1210 1220 1227; x_wconf 70' lang='lat' dir='ltr'><strong>vm</strong></span> <span class='ocrx_word' id='word_1_122' title='bbox 1224 1211 1292 1227; x_wconf 59' lang='lat' dir='ltr'><strong>mm</strong></span> <span class='ocrx_word' id='word_1_123' title='bbox 1297 1210 1633 1227; x_wconf 56' lang='lat' dir='ltr'><strong>vvuxwxwwvmm</strong></span> <span class='ocrx_word' id='word_1_124' title='bbox 1636 1210 1702 1227; x_wconf 62' lang='grc' dir='ltr'><em>Μ</em></span> 
     </span>
    </p>
   </div>
   <div class='ocr_carea' id='block_1_6' title="bbox 821 1343 1212 1392">
    <p class='ocr_par' dir='ltr' id='par_1_6' title="bbox 821 1343 1212 1392">
     <span class='ocr_line' id='line_1_15' title="bbox 821 1343 1212 1392; baseline -0.005 -1"><span class='ocrx_word' id='word_1_125' title='bbox 821 1343 1036 1392; x_wconf 89' lang='lat' dir='ltr'><strong>CAPUT</strong></span> <span class='ocrx_word' id='word_1_126' title='bbox 1070 1345 1162 1391; x_wconf 85' lang='grc' dir='ltr'><strong>ΧΙΙ</strong></span> <span class='ocrx_word' id='word_1_127' title='bbox 1176 1346 1212 1390; x_wconf 83' lang='lat'><strong>1.</strong></span> 
     </span>
    </p>
   </div>
   <div class='ocr_carea' id='block_1_7' title="bbox 479 1495 1554 1560">
    <p class='ocr_par' dir='ltr' id='par_1_7' title="bbox 479 1495 1554 1560">
     <span class='ocr_line' id='line_1_16' title="bbox 479 1495 1554 1560; baseline 0.002 -19"><span class='ocrx_word' id='word_1_128' title='bbox 479 1496 664 1560; x_wconf 69' lang='lat' dir='ltr'><strong>Quibus</strong></span> <span class='ocrx_word' id='word_1_129' title='bbox 685 1495 853 1542; x_wconf 74' lang='lat' dir='ltr'><strong>studiis</strong></span> <span class='ocrx_word' id='word_1_130' title='bbox 870 1498 1170 1557; x_wconf 76' lang='lat' dir='ltr'><strong>potissimum</strong></span> <span class='ocrx_word' id='word_1_131' title='bbox 1188 1499 1249 1543; x_wconf 78' lang='lat' dir='ltr'><strong>sit</strong></span> <span class='ocrx_word' id='word_1_132' title='bbox 1275 1496 1554 1544; x_wconf 74' lang='lat' dir='ltr'><strong>delectatus.</strong></span> 
     </span>
    </p>
   </div>
   <div class='ocr_carea' id='block_1_8' title="bbox 327 1656 1710 2489">
    <p class='ocr_par' dir='ltr' id='par_1_8' title="bbox 327 1656 1710 2489">
     <span class='ocr_line' id='line_1_17' title="bbox 393 1656 1707 1716; baseline 0.002 -17"><span class='ocrx_word' id='word_1_133' title='bbox 393 1658 492 1701; x_wconf 85' lang='lat' dir='ltr'><strong>XX.</strong></span> <span class='ocrx_word' id='word_1_134' title='bbox 523 1658 640 1709; x_wconf 73' lang='lat' dir='ltr'><strong>Qum</strong></span> <span class='ocrx_word' id='word_1_135' title='bbox 663 1665 808 1700; x_wconf 87' lang='lat' dir='ltr'><strong>autem</strong></span> <span class='ocrx_word' id='word_1_136' title='bbox 829 1665 921 1700; x_wconf 89' lang='lat' dir='ltr'><strong>erat</strong></span> <span class='ocrx_word' id='word_1_137' title='bbox 951 1671 1092 1700; x_wconf 85' lang='lat' dir='ltr'><strong>causae</strong></span> <span class='ocrx_word' id='word_1_138' title='bbox 1122 1672 1199 1700; x_wconf 91' lang='lat' dir='ltr'><strong>cur</strong></span> <span class='ocrx_word' id='word_1_139' title='bbox 1224 1672 1382 1716; x_wconf 77' lang='lat' dir='ltr'><strong>graecas</strong></span> <span class='ocrx_word' id='word_1_140' title='bbox 1409 1656 1572 1702; x_wconf 86' lang='lat' dir='ltr'><strong>litteras</strong></span> <span class='ocrx_word' id='word_1_141' title='bbox 1599 1657 1707 1702; x_wconf 90' lang='lat' dir='ltr'><strong>ode-</strong></span> 
     </span>
     <span class='ocr_line' id='line_1_18' title="bbox 328 1726 1708 1786; baseline 0.001 -16"><span class='ocrx_word' id='word_1_142' title='bbox 328 1741 419 1770; x_wconf 88' lang='lat' dir='ltr'><strong>ram</strong></span> <span class='ocrx_word' id='word_1_143' title='bbox 436 1761 447 1782; x_wconf 96' lang='lat'><strong>,</strong></span> <span class='ocrx_word' id='word_1_144' title='bbox 472 1727 632 1786; x_wconf 88' lang='lat' dir='ltr'><strong>quibus</strong></span> <span class='ocrx_word' id='word_1_145' title='bbox 658 1726 865 1785; x_wconf 84' lang='lat' dir='ltr'><strong>puerulus</strong></span> <span class='ocrx_word' id='word_1_146' title='bbox 892 1726 1149 1781; x_wconf 85' lang='lat' dir='ltr'><strong>imbuebar,</strong></span> <span class='ocrx_word' id='word_1_147' title='bbox 1175 1742 1230 1770; x_wconf 91' lang='lat' dir='ltr'><strong>ne</strong></span> <span class='ocrx_word' id='word_1_148' title='bbox 1262 1743 1380 1771; x_wconf 88' lang='lat' dir='ltr'><strong>nunc</strong></span> <span class='ocrx_word' id='word_1_149' title='bbox 1402 1728 1579 1786; x_wconf 87' lang='lat' dir='ltr'><strong>quidem</strong></span> <span class='ocrx_word' id='word_1_150' title='bbox 1603 1729 1708 1772; x_wconf 91' lang='lat' dir='ltr'><strong>mihi</strong></span> 
     </span>
     <span class='ocr_line' id='line_1_19' title="bbox 327 1797 1708 1858; baseline 0.001 -18"><span class='ocrx_word' id='word_1_151' title='bbox 327 1798 426 1841; x_wconf 88' lang='lat' dir='ltr'><strong>satis</strong></span> <span class='ocrx_word' id='word_1_152' title='bbox 448 1797 716 1857; x_wconf 88' lang='lat' dir='ltr'><strong>exploratum</strong></span> <span class='ocrx_word' id='word_1_153' title='bbox 738 1806 815 1840; x_wconf 90' lang='lat' dir='ltr'><strong>est.</strong></span> <span class='ocrx_word' id='word_1_154' title='bbox 837 1797 1150 1841; x_wconf 86' lang='lat' dir='ltr'><strong>Adamaveram</strong></span> <span class='ocrx_word' id='word_1_155' title='bbox 1169 1798 1284 1840; x_wconf 87' lang='lat' dir='ltr'><strong>enim</strong></span> <span class='ocrx_word' id='word_1_156' title='bbox 1299 1797 1469 1852; x_wconf 87' lang='lat' dir='ltr'><strong>latinas,</strong></span> <span class='ocrx_word' id='word_1_157' title='bbox 1491 1814 1579 1842; x_wconf 88' lang='lat' dir='ltr'><strong>non</strong></span> <span class='ocrx_word' id='word_1_158' title='bbox 1602 1814 1708 1858; x_wconf 88' lang='lat' dir='ltr'><strong>quas</strong></span> 
     </span>
     <span class='ocr_line' id='line_1_20' title="bbox 328 1865 1705 1926; baseline 0.001 -16"><span class='ocrx_word' id='word_1_159' title='bbox 328 1867 456 1926; x_wconf 85' lang='lat' dir='ltr'><strong>primi</strong></span> <span class='ocrx_word' id='word_1_160' title='bbox 478 1867 696 1925; x_wconf 80' lang='lat' dir='ltr'><strong>magistri,</strong></span> <span class='ocrx_word' id='word_1_161' title='bbox 722 1866 797 1910; x_wconf 92' lang='lat' dir='ltr'><strong>sed</strong></span> <span class='ocrx_word' id='word_1_162' title='bbox 819 1881 925 1925; x_wconf 89' lang='lat' dir='ltr'><strong>quas</strong></span> <span class='ocrx_word' id='word_1_163' title='bbox 947 1865 1106 1910; x_wconf 86' lang='lat' dir='ltr'><strong>docent</strong></span> <span class='ocrx_word' id='word_1_164' title='bbox 1139 1867 1214 1926; x_wconf 89' lang='lat' dir='ltr'><strong>qui</strong></span> <span class='ocrx_word' id='word_1_165' title='bbox 1236 1868 1516 1912; x_wconf 87' lang='lat' dir='ltr'><strong>Grammatici</strong></span> <span class='ocrx_word' id='word_1_166' title='bbox 1546 1884 1705 1912; x_wconf 79' lang='lat' dir='ltr'><strong>vocan-</strong></span> 
     </span>
     <span class='ocr_line' id='line_1_21' title="bbox 328 1935 1708 1995; baseline 0 -13"><span class='ocrx_word' id='word_1_167' title='bbox 328 1947 416 1982; x_wconf 85' lang='lat' dir='ltr'><strong>tur.</strong></span> <span class='ocrx_word' id='word_1_168' title='bbox 441 1940 548 1982; x_wconf 83' lang='lat' dir='ltr'><strong>Nam</strong></span> <span class='ocrx_word' id='word_1_169' title='bbox 571 1937 665 1981; x_wconf 86' lang='lat' dir='ltr'><strong>illas</strong></span> <span class='ocrx_word' id='word_1_170' title='bbox 696 1937 855 1995; x_wconf 90' lang='lat' dir='ltr'><strong>primas</strong></span> <span class='ocrx_word' id='word_1_171' title='bbox 877 1936 955 1979; x_wconf 89' lang='lat' dir='ltr'><strong>ubi</strong></span> <span class='ocrx_word' id='word_1_172' title='bbox 977 1935 1119 1993; x_wconf 85' lang='lat' dir='ltr'><strong>legere</strong></span> <span class='ocrx_word' id='word_1_173' title='bbox 1141 1945 1184 1979; x_wconf 91' lang='lat' dir='ltr'><strong>et</strong></span> <span class='ocrx_word' id='word_1_174' title='bbox 1207 1937 1394 1980; x_wconf 85' lang='lat' dir='ltr'><strong>scribere</strong></span> <span class='ocrx_word' id='word_1_175' title='bbox 1416 1947 1459 1981; x_wconf 92' lang='lat' dir='ltr'><strong>et</strong></span> <span class='ocrx_word' id='word_1_176' title='bbox 1480 1954 1708 1982; x_wconf 87' lang='lat' dir='ltr'><strong>numerare</strong></span> 
     </span>
     <span class='ocr_line' id='line_1_22' title="bbox 330 2006 1707 2068; baseline 0 -16"><span class='ocrx_word' id='word_1_177' title='bbox 330 2008 524 2062; x_wconf 81' lang='lat' dir='ltr'><strong>discitur,</strong></span> <span class='ocrx_word' id='word_1_178' title='bbox 542 2023 632 2051; x_wconf 92' lang='lat' dir='ltr'><strong>non</strong></span> <span class='ocrx_word' id='word_1_179' title='bbox 650 2007 793 2050; x_wconf 86' lang='lat' dir='ltr'><strong>minus</strong></span> <span class='ocrx_word' id='word_1_180' title='bbox 810 2021 1010 2050; x_wconf 82' lang='lat' dir='ltr'><strong>onerosas</strong></span> <span class='ocrx_word' id='word_1_181' title='bbox 1032 2006 1316 2065; x_wconf 85' lang='lat' dir='ltr'><strong>poenalesque</strong></span> <span class='ocrx_word' id='word_1_182' title='bbox 1338 2007 1554 2051; x_wconf 83' lang='lat' dir='ltr'><strong>habebam</strong></span> <span class='ocrx_word' id='word_1_183' title='bbox 1577 2025 1707 2068; x_wconf 84' lang='lat' dir='ltr'><strong>quam</strong></span> 
     </span>
     <span class='ocr_line' id='line_1_23' title="bbox 330 2076 1708 2136; baseline 0.001 -14"><span class='ocrx_word' id='word_1_184' title='bbox 330 2093 478 2123; x_wconf 90' lang='lat' dir='ltr'><strong>omnes</strong></span> <span class='ocrx_word' id='word_1_185' title='bbox 502 2092 675 2135; x_wconf 82' lang='lat' dir='ltr'><strong>graecas.</strong></span> <span class='ocrx_word' id='word_1_186' title='bbox 702 2076 826 2121; x_wconf 88' lang='lat' dir='ltr'><strong>Unde</strong></span> <span class='ocrx_word' id='word_1_187' title='bbox 849 2085 995 2120; x_wconf 86' lang='lat' dir='ltr'><strong>tamen</strong></span> <span class='ocrx_word' id='word_1_188' title='bbox 1019 2085 1061 2120; x_wconf 86' lang='lat' dir='ltr'><strong>et</strong></span> <span class='ocrx_word' id='word_1_189' title='bbox 1081 2076 1165 2120; x_wconf 91' lang='lat' dir='ltr'><strong>hoc</strong></span> <span class='ocrx_word' id='word_1_190' title='bbox 1188 2077 1268 2119; x_wconf 90' lang='lat' dir='ltr'><strong>nisi</strong></span> <span class='ocrx_word' id='word_1_191' title='bbox 1291 2076 1344 2120; x_wconf 91' lang='lat' dir='ltr'><strong>de</strong></span> <span class='ocrx_word' id='word_1_192' title='bbox 1366 2088 1544 2136; x_wconf 86' lang='lat' dir='ltr'><strong>peccato</strong></span> <span class='ocrx_word' id='word_1_193' title='bbox 1567 2088 1610 2122; x_wconf 93' lang='lat' dir='ltr'><strong>et</strong></span> <span class='ocrx_word' id='word_1_194' title='bbox 1631 2094 1708 2123; x_wconf 90' lang='lat' dir='ltr'><strong>va-</strong></span> 
     </span>
     <span class='ocr_line' id='line_1_24' title="bbox 331 2147 1709 2206; baseline 0 -13"><span class='ocrx_word' id='word_1_195' title='bbox 331 2149 464 2193; x_wconf 83' lang='lat' dir='ltr'><strong>nitate</strong></span> <span class='ocrx_word' id='word_1_196' title='bbox 485 2148 585 2192; x_wconf 85' lang='lat' dir='ltr'><strong>vitae</strong></span> <span class='ocrx_word' id='word_1_197' title='bbox 600 2182 611 2202; x_wconf 90' lang='lat'><strong>,</strong></span> <span class='ocrx_word' id='word_1_198' title='bbox 637 2147 738 2206; x_wconf 88' lang='lat' dir='ltr'><strong>quia</strong></span> <span class='ocrx_word' id='word_1_199' title='bbox 765 2162 864 2190; x_wconf 87' lang='lat' dir='ltr'><strong>caro</strong></span> <span class='ocrx_word' id='word_1_200' title='bbox 899 2161 1016 2189; x_wconf 89' lang='lat' dir='ltr'><strong>eram</strong></span> <span class='ocrx_word' id='word_1_201' title='bbox 1038 2156 1081 2190; x_wconf 89' lang='lat' dir='ltr'><strong>et</strong></span> <span class='ocrx_word' id='word_1_202' title='bbox 1103 2147 1278 2206; x_wconf 88' lang='lat' dir='ltr'><strong>spiritus</strong></span> <span class='ocrx_word' id='word_1_203' title='bbox 1305 2148 1535 2192; x_wconf 87' lang='lat' dir='ltr'><strong>ambulans</strong></span> <span class='ocrx_word' id='word_1_204' title='bbox 1554 2158 1597 2192; x_wconf 93' lang='lat' dir='ltr'><strong>et</strong></span> <span class='ocrx_word' id='word_1_205' title='bbox 1618 2165 1709 2194; x_wconf 82' lang='lat' dir='ltr'><strong>uon</strong></span> 
     </span>
     <span class='ocr_line' id='line_1_25' title="bbox 333 2216 1709 2278; baseline 0.001 -16"><span class='ocrx_word' id='word_1_206' title='bbox 333 2218 602 2262; x_wconf 82' lang='lat' dir='ltr'><strong>revertens2‘?</strong></span> <span class='ocrx_word' id='word_1_207' title='bbox 615 2219 723 2262; x_wconf 88' lang='lat' dir='ltr'><strong>Nam</strong></span> <span class='ocrx_word' id='word_1_208' title='bbox 744 2216 896 2276; x_wconf 87' lang='lat' dir='ltr'><strong>utique</strong></span> <span class='ocrx_word' id='word_1_209' title='bbox 913 2216 1124 2271; x_wconf 88' lang='lat' dir='ltr'><strong>meliores,</strong></span> <span class='ocrx_word' id='word_1_210' title='bbox 1141 2217 1242 2276; x_wconf 84' lang='lat' dir='ltr'><strong>quia</strong></span> <span class='ocrx_word' id='word_1_211' title='bbox 1260 2218 1463 2262; x_wconf 80' lang='lat' dir='ltr'><strong>certiores</strong></span> <span class='ocrx_word' id='word_1_212' title='bbox 1478 2228 1600 2262; x_wconf 83' lang='lat' dir='ltr'><strong>erant</strong></span> <span class='ocrx_word' id='word_1_213' title='bbox 1617 2220 1709 2278; x_wconf 88' lang='lat' dir='ltr'><strong>pri-</strong></span> 
     </span>
     <span class='ocr_line' id='line_1_26' title="bbox 333 2286 1709 2346; baseline 0.001 -13"><span class='ocrx_word' id='word_1_214' title='bbox 333 2305 415 2333; x_wconf 84' lang='lat' dir='ltr'><strong>mae</strong></span> <span class='ocrx_word' id='word_1_215' title='bbox 446 2288 531 2332; x_wconf 87' lang='lat' dir='ltr'><strong>illae</strong></span> <span class='ocrx_word' id='word_1_216' title='bbox 553 2288 733 2342; x_wconf 83' lang='lat' dir='ltr'><strong>litterae,</strong></span> <span class='ocrx_word' id='word_1_217' title='bbox 757 2287 917 2346; x_wconf 88' lang='lat' dir='ltr'><strong>quibus</strong></span> <span class='ocrx_word' id='word_1_218' title='bbox 939 2287 1073 2331; x_wconf 85' lang='lat' dir='ltr'><strong>fiebat</strong></span> <span class='ocrx_word' id='word_1_219' title='bbox 1093 2286 1140 2330; x_wconf 88' lang='lat' dir='ltr'><strong>in</strong></span> <span class='ocrx_word' id='word_1_220' title='bbox 1169 2303 1239 2331; x_wconf 90' lang='lat' dir='ltr'><strong>me</strong></span> <span class='ocrx_word' id='word_1_221' title='bbox 1254 2323 1265 2343; x_wconf 90' lang='lat'><strong>,</strong></span> <span class='ocrx_word' id='word_1_222' title='bbox 1291 2297 1334 2332; x_wconf 87' lang='lat' dir='ltr'><strong>et</strong></span> <span class='ocrx_word' id='word_1_223' title='bbox 1355 2287 1521 2333; x_wconf 83' lang='lat' dir='ltr'><strong>factum</strong></span> <span class='ocrx_word' id='word_1_224' title='bbox 1552 2299 1640 2345; x_wconf 87' lang='lat' dir='ltr'><strong>est,</strong></span> <span class='ocrx_word' id='word_1_225' title='bbox 1666 2300 1709 2336; x_wconf 90' lang='lat' dir='ltr'><strong>et</strong></span> 
     </span>
     <span class='ocr_line' id='line_1_27' title="bbox 333 2356 1710 2418; baseline 0 -14"><span class='ocrx_word' id='word_1_226' title='bbox 333 2360 473 2404; x_wconf 85' lang='lat' dir='ltr'><strong>habeo</strong></span> <span class='ocrx_word' id='word_1_227' title='bbox 490 2358 600 2403; x_wconf 87' lang='lat' dir='ltr'><strong>illud</strong></span> <span class='ocrx_word' id='word_1_228' title='bbox 622 2367 672 2402; x_wconf 89' lang='lat' dir='ltr'><strong>ut</strong></span> <span class='ocrx_word' id='word_1_229' title='bbox 692 2366 735 2401; x_wconf 90' lang='lat' dir='ltr'><strong>et</strong></span> <span class='ocrx_word' id='word_1_230' title='bbox 751 2356 891 2416; x_wconf 83' lang='lat' dir='ltr'><strong>legam</strong></span> <span class='ocrx_word' id='word_1_231' title='bbox 909 2358 942 2401; x_wconf 91' lang='lat' dir='ltr'><strong>si</strong></span> <span class='ocrx_word' id='word_1_232' title='bbox 963 2357 1071 2416; x_wconf 88' lang='lat' dir='ltr'><strong>quid</strong></span> <span class='ocrx_word' id='word_1_233' title='bbox 1088 2360 1298 2418; x_wconf 86' lang='lat' dir='ltr'><strong>scriptum</strong></span> <span class='ocrx_word' id='word_1_234' title='bbox 1318 2359 1515 2414; x_wconf 87' lang='lat' dir='ltr'><strong>invenio,</strong></span> <span class='ocrx_word' id='word_1_235' title='bbox 1536 2369 1579 2404; x_wconf 88' lang='lat' dir='ltr'><strong>et</strong></span> <span class='ocrx_word' id='word_1_236' title='bbox 1601 2361 1710 2404; x_wconf 79' lang='lat' dir='ltr'><strong>scri-</strong></span> 
     </span>
     <span class='ocr_line' id='line_1_28' title="bbox 336 2427 1709 2489; baseline 0 -15"><span class='ocrx_word' id='word_1_237' title='bbox 336 2432 437 2474; x_wconf 83' lang='lat' dir='ltr'><strong>bam</strong></span> <span class='ocrx_word' id='word_1_238' title='bbox 458 2431 545 2489; x_wconf 87' lang='lat' dir='ltr'><strong>ipse</strong></span> <span class='ocrx_word' id='word_1_239' title='bbox 565 2430 598 2473; x_wconf 93' lang='lat' dir='ltr'><strong>si</strong></span> <span class='ocrx_word' id='word_1_240' title='bbox 620 2427 727 2489; x_wconf 89' lang='lat' dir='ltr'><strong>quid</strong></span> <span class='ocrx_word' id='word_1_241' title='bbox 748 2427 848 2473; x_wconf 90' lang='lat' dir='ltr'><strong>volo</strong></span> <span class='ocrx_word' id='word_1_242' title='bbox 865 2463 876 2482; x_wconf 87' lang='lat'><strong>,</strong></span> <span class='ocrx_word' id='word_1_243' title='bbox 901 2444 1034 2487; x_wconf 86' lang='lat' dir='ltr'><strong>quam</strong></span> <span class='ocrx_word' id='word_1_244' title='bbox 1057 2427 1143 2472; x_wconf 83' lang='lat' dir='ltr'><strong>illae</strong></span> <span class='ocrx_word' id='word_1_245' title='bbox 1170 2428 1330 2489; x_wconf 87' lang='lat' dir='ltr'><strong>quibus</strong></span> <span class='ocrx_word' id='word_1_246' title='bbox 1351 2438 1499 2474; x_wconf 88' lang='lat' dir='ltr'><strong>tenere</strong></span> <span class='ocrx_word' id='word_1_247' title='bbox 1526 2431 1709 2489; x_wconf 82' lang='lat' dir='ltr'><strong>cogebar</strong></span> 
     </span>
    </p>
   </div>
   <div class='ocr_carea' id='block_1_9' title="bbox 380 2523 1043 2566">
    <p class='ocr_par' dir='ltr' id='par_1_9' title="bbox 380 2523 1043 2566">
     <span class='ocr_line' id='line_1_29' title="bbox 380 2523 1043 2566; baseline 0 -11"><span class='ocrx_word' id='word_1_248' title='bbox 380 2534 384 2547; x_wconf 84' lang='lat'>¹</span> <span class='ocrx_word' id='word_1_249' title='bbox 409 2526 526 2557; x_wconf 78' lang='lat' dir='ltr'><strong>Matth.</strong></span> <span class='ocrx_word' id='word_1_250' title='bbox 544 2536 576 2566; x_wconf 78' lang='lat' dir='ltr'><strong>x,</strong></span> <span class='ocrx_word' id='word_1_251' title='bbox 599 2526 650 2557; x_wconf 83' lang='lat'><strong>30.</strong></span> <span class='ocrx_word' id='word_1_252' title='bbox 666 2542 706 2547; x_wconf 89' lang='lat'>—</span> <span class='ocrx_word' id='word_1_253' title='bbox 728 2531 740 2547; x_wconf 83' lang='lat'>2</span> <span class='ocrx_word' id='word_1_254' title='bbox 756 2524 834 2557; x_wconf 82' lang='lat' dir='ltr'><strong>Psal.</strong></span> <span class='ocrx_word' id='word_1_255' title='bbox 854 2535 971 2565; x_wconf 71' lang='lat' dir='ltr'><strong>Lxxvu,</strong></span> <span class='ocrx_word' id='word_1_256' title='bbox 991 2523 1043 2565; x_wconf 86' lang='lat'><strong>39.</strong></span> 
     </span>
    </p>
   </div>
  </div>
 </body>
</html>
