1871 3162
309 259 391 299 562
913 267 1062 294 mnnx.

347 340 450 371 Garnr
467 347 543 370 xm.
571 334 719 368 Nonnulli
735 335 775 367 ad
792 333 950 366 daemones
961 329 1115 376 tanquam
1130 334 1284 368 redeundi
1305 335 1344 368 ad
1357 338 1460 369 Deum
1477 335 1599 369 media—

614 397 701 423 tores
719 389 891 422 infeliciter
907 394 1126 423 recurrerunt.
1525 402 1602 435 ρας.
1627 392 1691 424 282

460 459 548 482 xun-
571 448 712 482 Christus
733 454 829 481 verus
847 446 1016 479 mediator.
1628 448 1692 479 283

855 586 1031 632 LIBER
1061 587 1141 630 XI.

308 758 540 795 Laudaturus
570 757 690 792 Deum
722 756 897 802 deinceps
922 754 1149 802 professione
1181 765 1256 791 suae
1282 754 1396 800 ipsius
1428 754 1465 789 in
1494 752 1697 799 scripturis

355 817 492 852 sanctis
510 816 589 851 sive
607 815 817 861 imperitiae,
836 814 912 851 sive
931 809 1043 849 etiam
1060 813 1218 860 peritiae,
1236 819 1300 849 aut
1322 812 1412 857 ejus,
1430 821 1505 857 quo
1521 812 1560 846 in
1578 821 1636 847 eas
1654 821 1697 847 ex

355 885 511 910 munere
542 874 669 909 divino
694 872 897 918 flagrabat,
926 872 1060 918 studii,
1088 872 1346 917 explicandum
1372 871 1484 907 sumit
1507 870 1698 905 exordium

354 933 440 969 libri
460 933 664 973 Geneseos3
679 938 790 976 atque
807 932 866 966 hic
885 931 1047 976 primum
1066 930 1226 966 illustrat
1244 931 1371 965 isthaec
1386 929 1523 964 verba:
1537 928 1583 965 In
1597 930 1700 974 prin—

353 993 448 1037 cipio
466 992 551 1036 fecit
576 990 675 1026 Deus
700 990 829 1026 coelum
849 994 882 1024 et
904 994 1055 1024 terram.
1084 987 1265 1023 Occurrit
1284 987 1589 1030 obtrectantibus,
1610 987 1700 1031 quid

353 1050 493 1085 faceret
512 1050 611 1084 Deus
633 1054 829 1094 antequam
851 1047 986 1083 coelum
1002 1052 1038 1081 et
1057 1051 1199 1081 terram
1217 1045 1421 1088 conderet,
1442 1049 1479 1080 et
1497 1045 1595 1080 unde
1611 1044 1644 1079 ei
1661 1045 1699 1079 in

354 1114 518 1143 mentem
546 1107 692 1142 venerit
721 1106 872 1142 tandem
904 1105 1103 1150 aliquando
1133 1115 1173 1138 ea
1203 1104 1350 1144 facere,
1379 1113 1465 1138 cum
1496 1108 1601 1138 antea
1626 1113 1700 1138 non

353 1167 514 1204 fecisset.
535 1167 635 1202 Dum
659 1176 749 1202 vero
767 1165 809 1200 iis
828 1164 1039 1200 refellendis
1057 1163 1191 1199 insistit
1204 1189 1213 1204 ,
1234 1162 1424 1209 copiosam
1443 1162 1490 1198 de
1517 1162 1700 1208 Tempore

352 1226 555 1262 conscribit
575 1225 880 1271 disputationem.

373 1376 477 1408 cim
523 1384 547 1406 1.
571 1374 633 1405 Cur
649 1370 840 1404 confitemur
859 1372 927 1403 Deo
944 1369 1072 1402 scienti.
1639 1370 1703 1401 285

519 1439 554 1461 11.
580 1428 667 1460 Petit
687 1438 705 1460 a
723 1430 789 1460 Deo
806 1427 1042 1469 Scripturarum
1066 1429 1251 1458 sanctarum
1271 1424 1524 1467 intelligentiam.
1639 1423 1705 1457 286

504 1496 550 1518 ιιι.
579 1487 652 1524 Quae
669 1483 794 1527 scripsit
809 1485 935 1525 Moyses
951 1482 992 1515 de
1005 1483 1171 1515 creatione
1187 1481 1257 1515 coeli
1270 1487 1302 1515 et
1318 1486 1422 1521 terrae,
1436 1478 1616 1522 intelligere

624 1551 688 1572 non
707 1543 815 1583 potest
832 1539 891 1571 nisi
908 1539 1049 1571 donante
1070 1540 1148 1569 Deo⁵
1641 1537 1705 1568 289

509 1608 554 1629 iv.
580 1598 734 1629 Creatura
752 1595 872 1627 clamat
893 1599 1073 1626 creatorem
1090 1596 1202 1625 Deum.
1641 1593 1706 1625 290

512 1662 545 1682 v.
573 1653 620 1680 Ex
636 1651 733 1679 nihilo
751 1650 896 1679 conditus
913 1650 1058 1679 mundns.
1641 1649 1705 1680 291

508 1717 553 1738 vr.
582 1703 747 1742 Quomodo
761 1705 843 1734 Deus
861 1703 954 1742 dixit,
972 1706 1009 1734 ut
1028 1701 1121 1734 fieret
1136 1702 1282 1734 mundus.
1641 1705 1706 1737 292

502 1771 555 1792 vn.
581 1759 722 1791 Verbum
738 1758 795 1790 Dei
812 1763 1007 1790 coaeternum
1025 1761 1105 1791 Deo.
1642 1760 1707 1792 293

485 1827 554 1848 vni.
581 1814 724 1847 Verbum
745 1813 802 1845 Dei
826 1814 927 1855 ipsum
948 1817 998 1846 est
1017 1812 1210 1856 principium
1233 1823 1296 1855 quo
1319 1812 1472 1846 docemur
1493 1824 1620 1848 omnem

629 1870 816 1903 veritatem.
1643 1872 1710 1904 294

506 1937 552 1960 rx.
580 1926 746 1964 Quomodo
764 1924 905 1957 Verbum
922 1923 981 1957 Dei
999 1924 1147 1967 loquatur
1164 1923 1267 1956 cordi.
1643 1927 1708 1960 295

522 1992 554 2014 x.
581 1981 814 2014 Obtrectantes
827 1979 904 2022 quid
923 1979 1050 2012 faceret
1068 1982 1164 2019 Deus,
1184 1984 1356 2022 antequam
1371 1979 1486 2013 coelum
1501 1985 1533 2012 et
1548 1984 1620 2013 ter-

629 2047 697 2068 ram
719 2036 887 2068 conderet.
1645 2038 1709 2071 296

516 2104 562 2125 xx.
589 2091 774 2133 objectioni
790 2090 967 2134 respondet
983 2090 1067 2134 quod
1085 2090 1246 2122 aeternitas
1265 2091 1321 2122 Dei
1338 2090 1441 2124 nescit
1460 2095 1618 2135 tempora.
1645 2094 1709 2125 297

506 2159 566 2181 111.
594 2146 673 2186 Quid
690 2150 773 2179 Deus
791 2146 908 2180 fecerit
926 2150 1001 2179 ante
1016 2146 1125 2179 mundi
1141 2146 1353 2178 creationem.
1645 2149 1710 2182 298

498 2215 568 2237 1111.
594 2203 685 2242 Quod
699 2209 772 2235 ante
789 2207 937 2244 tempora
958 2213 977 2234 a
996 2204 1063 2234 Deo
1078 2206 1187 2234 creata
1200 2201 1318 2234 nullum
1335 2204 1461 2244 tempus
1477 2201 1585 2236 fuerit.
1645 2206 1710 2237 299

503 2270 568 2292 :nv-
594 2258 757 2300 Temporis
774 2257 970 2290 differentiae
987 2261 1065 2288 tres,
1646 2260 1711 2292 300

512 2326 564 2346 xv.
591 2317 745 2346 Mensura
762 2313 914 2355 temporis
931 2313 963 2348 in
984 2323 1057 2355 quo.
1646 2315 1709 2346 301

498 2380 563 2401 xvr.
592 2369 691 2408 Quale
709 2374 835 2411 tempus
850 2367 956 2400 metiri
972 2367 1084 2407 liceat,
1100 2369 1133 2399 et
1150 2366 1243 2409 quale
1259 2376 1333 2398 non.
1645 2371 1711 2402 304

477 2436 569 2457 xvm.
594 2426 655 2457 Ubi
673 2430 798 2467 tempus
815 2424 1013 2467 praeteritum
1032 2427 1066 2456 et
1080 2422 1234 2456 futurum.
1645 2425 1709 2457 305

475 2491 561 2512 xvm.
590 2480 753 2519 Quomodo
771 2480 932 2522 praeterita
949 2482 982 2511 et
999 2479 1106 2511 futura
1124 2483 1270 2521 tempora
1287 2477 1350 2510 sint
1372 2478 1550 2520 praesentia.
1644 2481 1708 2512 306

495 2545 565 2566 nx.
589 2536 659 2567 Non
678 2535 765 2577 capit
784 2535 925 2576 modum,
944 2545 1006 2578 quo
1026 2537 1108 2566 Deus
1128 2535 1225 2566 docet
1242 2533 1360 2566 futura.
1643 2536 1708 2566 308

509 2599 564 2621 xx.
589 2590 786 2622 Differentiae
804 2590 956 2632 temporis
979 2589 1136 2630 quomodo
1155 2588 1365 2621 nominandae.
1623 2587 1704 2620 ibid,
