1871 3162
237 223 317 258 :352
664 228 695 256 S.
735 230 961 256 Aee-usum
996 230 1171 256 EP¹5COP1

236 297 346 353 phus
369 310 459 338 eam
486 294 664 353 peperit.
696 294 888 352 Ideoque
904 328 914 347 ,
939 293 1141 347 Domine,
1164 291 1389 336 tremenda
1419 299 1520 334 sunt
1535 292 1607 350 ju-

234 365 345 409 dicia
369 374 460 417 tua,
479 365 686 423 quoniam
709 363 864 406 veritas
881 372 955 407 tua
970 378 1050 406 nec
1073 378 1166 406 mea
1187 371 1274 417 est,
1303 376 1382 405 nec
1399 360 1515 404 illius
1537 369 1612 403 aut

235 435 346 478 illius
367 469 378 489 ‚
403 433 477 477 sed
498 434 694 477 omnium
714 441 907 476 nostrum
931 447 1039 491 quos
1063 432 1117 475 ad
1140 433 1231 492 ejus
1258 430 1612 476 communionem

235 505 408 565 publice
431 519 573 559 vocaS,
593 502 841 548 terribiliter
863 502 1100 547 admonens
1115 519 1193 547 nos
1209 538 1220 558 ,
1245 512 1293 547 ut
1309 501 1498 547 nolim'us
1518 514 1612 544 eam

234 576 396 620 habere
414 576 647 635 privatam,
672 589 726 617 ne
748 574 969 634 privemur
990 589 1053 617 ea.
1080 575 1188 619 Nam
1210 573 1404 633 quisquis
1425 571 1471 615 id
1491 569 1612 631 quod

237 656 286 691 tu
307 646 511 691 omnibus
529 646 584 690 ad
602 644 837 689 fruendum
853 644 1080 703 proponis,
1101 644 1183 688 sibi
1205 643 1376 703 proprie
1402 641 1612 694 vindicat,

236 727 279 762 et
300 731 428 762 suum
447 715 542 761 vult
563 731 652 761 esse
683 713 804 775 quod
826 714 1021 760 omnium
1044 723 1133 772 est3
1158 723 1201 759 et
1219 730 1244 758 a
1269 712 1492 758 communi
1512 726 1618 771 pro-

240 787 416 848 pellitur
438 787 492 830 ad
517 802 619 841 sua,
650 788 734 831 hoc
755 796 839 840 est,
864 803 888 830 a
918 787 1097 831 veritate
1124 786 1178 830 ad
1207 784 1497 829 mendacium.
1533 782 1620 836 Qui

243 860 358 903 enim
381 858 576 918 loquitur
597 857 871 901 mendacium
890 892 900 911 ‚
924 856 978 900 de
999 873 1078 901 suo
1100 857 1336 916 loquitur¹.

283 931 465 973 XXXV.
482 928 687 983 Attende,
703 928 837 988 judex
849 929 1024 987 optime,
1039 931 1153 972 Deus
1164 928 1254 987 ipsa
1265 928 1437 980 veritas,
1450 924 1625 969 attende

244 1000 353 1060 quid
375 1000 518 1044 dicam
556 999 864 1044 contradictori
896 1000 999 1043 huic
1014 1034 1024 1053 ,
1052 997 1229 1043 attende
1246 1032 1256 1052 ,
1280 1011 1425 1041 coram
1446 1005 1488 1039 te
1511 995 1626 1039 enim

246 1071 361 1126 dico,
381 1080 424 1114 et
445 1086 590 1114 coram
611 1070 817 1113 fratribus
838 1070 943 1113 meis
957 1104 967 1124 ,
996 1069 1073 1128 qui
1093 1067 1282 1126 legitime
1303 1075 1489 1110 utuntur
1511 1068 1626 1123 Lege

247 1157 384 1202 usque
408 1142 461 1184 ad
483 1142 612 1184 finem
639 1140 859 1184 charitatis
878 1141 922 1196 ²3
948 1138 1149 1193 attende,
1173 1149 1215 1182 et
1242 1137 1340 1181 vide
1362 1136 1468 1197 quid
1490 1136 1530 1180 ei
1557 1134 1626 1178 di-

247 1228 357 1267 cam,
384 1213 418 1256 si
439 1211 582 1271 placet
609 1211 705 1254 tibi.
734 1213 856 1255 Hanc
879 1211 993 1253 enim
1017 1225 1167 1254 vocem
1192 1210 1295 1253 huic
1317 1208 1457 1252 refero
1474 1207 1628 1250 frater-

248 1300 346 1328 nam
366 1292 408 1327 et
430 1283 654 1342 pacificam
673 1301 681 1326 :
711 1283 753 1327 Si
775 1281 906 1325 ambo
923 1281 1119 1324 videmus
1141 1295 1293 1324 verum
1317 1295 1405 1323 esse
1428 1278 1548 1338 quod
1565 1277 1631 1320 di-

248 1357 306 1399 cis
323 1390 333 1409 ,
355 1365 397 1398 et
415 1355 544 1398 ambo
560 1354 757 1397 videmus
780 1368 930 1396 verum
954 1368 1042 1396 esse
1065 1351 1185 1411 quod
1207 1351 1305 1395 dico
1320 1385 1330 1405 ,
1349 1350 1442 1403 ubi,
1464 1364 1628 1409 quaeso,

250 1426 294 1470 id
315 1426 545 1470 videmus?
578 1428 666 1470 Nec
688 1440 767 1482 ego
801 1425 954 1484 utique
993 1425 1037 1467 in
1060 1433 1130 1478 te,
1163 1439 1242 1466 nec
1281 1432 1329 1466 tu
1366 1422 1407 1464 in
1434 1436 1502 1464 me
1520 1456 1530 1475 ,
1557 1419 1631 1464 sed

251 1490 381 1540 ambo
403 1497 447 1539 in
467 1497 586 1554 ipsa,
612 1511 710 1554 quae
735 1511 862 1553 supra
891 1503 1058 1537 mentes
1079 1502 1244 1537 nostras
1269 1502 1361 1547 est,
1387 1493 1632 1536 incommu-

254 1566 373 1611 tabili
394 1567 601 1610 Veritate.
627 1568 738 1610 Cum
764 1581 866 1623 ergo
889 1566 943 1608 de
960 1565 1050 1623 ipsa
1074 1563 1247 1608 Domini
1270 1562 1345 1607 Dei
1374 1562 1507 1606 nostri
1535 1561 1633 1605 luce

253 1653 342 1682 non
365 1637 680 1681 contendamus
697 1673 706 1690 ,
737 1651 814 1680 cur
838 1637 891 1679 de
914 1636 1096 1694 proximi
1120 1635 1383 1693 cogitatione
1402 1633 1634 1677 contendi-

254 1724 364 1762 mus,
391 1723 522 1767 quam
540 1706 598 1750 sic
613 1706 758 1749 videre
781 1721 869 1749 non
888 1720 1115 1764 possumus
1140 1714 1187 1748 ut
1205 1704 1376 1748 videtur
1397 1704 1636 1748 incommuv«

255 1778 396 1822 tabilis
424 1777 614 1833 Veritas,
637 1774 814 1836 quando
843 1776 876 1819 si
911 1776 1000 1833 ipse
1022 1778 1192 1832 Moyses
1214 1775 1479 1834 apparuisset
1510 1773 1636 1817 nobis

257 1859 386 1908 atque
403 1849 575 1892 dixisset
596 1867 604 1891 ι
627 1851 720 1891 Hoc
746 1846 931 1905 cogitavi
949 1867 958 1902 3
984 1862 1063 1890 nec
1084 1848 1142 1890 sic
1161 1861 1255 1890 eam
1274 1846 1537 1899 videremus,
1563 1844 1638 1888 sed

259 1920 564 1965 crederemus?
585 1922 682 1963 Non
706 1919 852 1977 itaque
874 1933 1002 1975 supra
1025 1933 1153 1976 quam
1179 1918 1385 1976 scriptum
1411 1926 1499 1969 est,
1525 1930 1639 1958 unus

261 2007 338 2050 pro
375 1991 509 2034 altero
530 1990 708 2033 infletur
743 1989 946 2032 adversus
969 1988 1153 2031 alterum
1172 1990 1203 2031 3.
1230 1987 1467 2045 Diligamus
1489 1986 1640 2030 Domi-

262 2077 368 2105 num
394 2066 530 2105 Deum
553 2070 747 2104 nostrum
772 2075 822 2103 ex
844 2069 936 2103 toto
956 2058 1086 2103 corde
1103 2093 1113 2112 ,
1139 2068 1181 2101 et
1203 2074 1253 2101 ex
1292 2067 1379 2101 tota
1412 2057 1574 2111 anima,
1600 2065 1643 2100 et

263 2149 315 2177 ex
346 2142 434 2177 tota
456 2141 601 2176 mente
624 2141 767 2176 nostra
784 2166 794 2185 ,
835 2139 878 2174 et
910 2129 1152 2188 proximum
1187 2138 1382 2172 nostrum
1405 2128 1517 2172 sicut
1543 2142 1644 2171 nos-

264 2204 514 2262 metipsos4.
542 2206 722 2261 Propter
744 2218 842 2261 quae
865 2201 953 2244 duo
989 2209 1205 2259 praecepta
1226 2199 1445 2244 charitatis
1466 2198 1643 2242 sensisse

263 2278 466 2332 Moysen,
482 2273 698 2334 quidquid
715 2274 758 2316 in
774 2272 857 2316 illis
871 2271 1009 2315 Libris
1031 2271 1176 2326 sensit,
1202 2270 1281 2314 nisi
1304 2269 1613 2314 crediderimus
1627 2304 1643 2324 ,

264 2345 521 2389 mendacem
544 2343 750 2389 faciemus
771 2343 1032 2396 Dominum,
1065 2357 1163 2385 cum
1199 2340 1253 2385 de
1285 2341 1430 2386 animo
1451 2340 1647 2386 conservi

267 2415 391 2460 aliter
413 2431 543 2476 quam
579 2415 651 2459 ille
674 2414 823 2460 docuit
855 2414 1100 2474 opinamur.
1126 2416 1221 2457 Jam
1243 2412 1342 2457 vide
1375 2428 1505 2473 quam
1539 2410 1650 2456 stul-

310 2520 318 2536 ¹
339 2516 430 2545 Joan.
454 2516 522 2554 vni,
549 2512 604 2555 44.
625 2529 666 2536 —-
685 2519 697 2535 ²
721 2523 733 2545 1
760 2512 840 2544 Tim.
861 2523 885 2553 1,
904 2515 935 2544 8.
957 2527 997 2534 —
1021 2509 1034 2533 3
1056 2522 1068 2542 1
1090 2510 1273 2551 Co1·.1v‚6.
1294 2508 1363 2539 -4
1381 2512 1474 2542 Dent.
1493 2520 1542 2550 vi,
1561 2508 1595 2550 5,
1615 2512 1647 2540 et

266 2570 384 2602 Matth.
407 2580 487 2609 xxu,
508 2569 559 2609 37.
