1871 3162
624 224 971 261 CONFESSIONUM‚
1008 226 1089 250 Lm.
1127 226 1168 250 x.
1506 215 1588 253 233

214 307 334 347 sum3
356 300 398 335 ct
420 305 708 350 quaecumque
730 290 774 333 in
796 290 946 333 eadem
967 297 1095 343 sunt,
1121 288 1237 333 idem
1254 289 1447 334 confessa
1467 301 1583 335 sunt.

216 360 482 418 Interrogavi
502 374 620 403 mare
651 368 693 402 et
715 359 887 416 abyssos
904 394 914 413 ,
945 368 989 403 et
1010 359 1179 418 reptilia
1202 360 1443 403 animarum
1467 360 1590 404 viva-

212 445 332 486 rum,
358 440 401 474 et
433 428 752 488 responderunt
782 448 790 473 ε
823 431 920 473 Non
951 444 1099 472 sumus
1135 432 1249 473 Deus
1279 439 1408 482 tuus,
1446 444 1591 488 quaere

212 516 342 560 super
362 515 455 545 nos.
480 499 747 558 Interrogavi
765 514 888 543 auras
920 499 1107 554 flabiles,
1134 508 1176 544 et
1197 499 1342 558 inquit
1363 499 1589 543 universus

212 575 284 615 aer
301 585 401 614 cum
420 569 570 614 incolis
588 570 693 614 suis:
712 569 895 613 Fallitur
911 571 1216 625 Anaximenes,
1235 585 1326 614 non
1343 584 1439 613 sum
1456 572 1586 613 Deus.

210 641 478 700 Interrogavi
494 639 671 696 coelum,
687 640 837 695 solem,
849 640 999 685 lunam
1014 641 1157 685 stellas
1173 643 1343 700 :Neque
1356 655 1434 685 nos
1447 655 1593 684 sumus

192 714 323 755 -Deus
354 726 483 770 quem
511 711 693 770 quaeris,
722 710 942 771 inquiunt.
966 713 1024 755 Et
1052 710 1141 755 dixi
1162 711 1365 756 omnibus
1405 711 1455 755 iis
1490 726 1588 770 quae

212 782 491 826 circumstant
513 781 626 825 fores
647 782 785 825 carnis
806 796 914 825 meae
936 800 944 825 ε
977 781 1147 825 Dixistis
1168 782 1276 825 mihi
1300 780 1355 825 de
1378 784 1467 825 Deo
1489 796 1588 824 meo

211 852 330 912 quod
351 867 426 897 vos
448 867 536 895 non
559 852 656 895 estis
670 887 681 907 ‚
706 850 835 895 dicite
856 851 963 895 mihi
985 851 1040 895 de
1062 851 1137 896 illo
1156 851 1336 911 aliquid.
1367 854 1425 895 Et
1447 850 1591 895 excla-

210 933 439 967 maverunt
459 937 565 967 voce
587 938 742 981 magna
760 942 767 966 :
789 925 885 982 Ipse
906 921 1008 966 fecit
1028 938 1106 966 nos
1120 924 1151 966 ¹.
1171 922 1457 981 Interrogatio
1474 935 1586 976 mea,

212 995 394 1038 intentio
413 1009 530 1046 mea,
557 1003 599 1037 et
626 993 846 1052 responsio
864 1008 1015 1038 eorum
1030 1028 1040 1048 ‚
1067 993 1228 1053 species
1250 1008 1417 1037 eorum.
1445 996 1500 1036 Et
1523 991 1590 1035 di-

210 1066 298 1109 rexi
325 1081 395 1109 me
416 1067 472 1109 ad
507 1080 575 1108 me
592 1100 602 1119 ‚
632 1074 675 1108 et
695 1063 784 1108 dixi
816 1065 922 1108 mihi
950 1085 958 1109 :
983 1067 1049 1108 Tu
1066 1065 1162 1124 quis
1183 1066 1328 1108 es?Et
1350 1062 1555 1122 respondi
1577 1083 1585 1107 :

211 1139 366 1180 Homo.
399 1139 453 1179 Et
476 1150 574 1179 ecce
595 1150 750 1193 corpus
773 1143 816 1178 et
833 1135 974 1178 anima
991 1135 1037 1177 in
1059 1149 1127 1177 me
1150 1133 1257 1176 mihi
1278 1142 1436 1192 praesto
1455 1143 1557 1176 sunt
1575 1154 1586 1190 3

211 1221 348 1249 unum
370 1206 568 1259 exterius,
595 1214 636 1249 et
659 1205 841 1248 alterum
865 1205 1059 1248 interius.
1073 1203 1190 1257 Quid
1207 1204 1365 1248 horum
1385 1212 1449 1247 est
1465 1203 1586 1247 unde

210 1291 402 1337 quaerere
422 1275 555 1319 debui
585 1278 723 1319 Deum
747 1290 893 1318 meum
908 1310 922 1328 ‚
953 1288 1084 1333 quem
1099 1275 1189 1333 jam
1213 1274 1494 1333 quaesiveram
1513 1288 1590 1333 per

210 1362 366 1406 corpus
384 1362 406 1389 a
431 1355 543 1390 terra
572 1361 710 1405 usque
739 1345 793 1388 ad
811 1345 971 1389 coelum
987 1380 997 1398 ‚
1023 1360 1251 1405 quousque
1273 1345 1397 1404 potui
1418 1344 1590 1388 mittere

208 1416 407 1463 nuntios.
428 1416 568 1460 radios
592 1415 821 1460 oculorum
847 1417 1079 1459 meorum?
1105 1415 1188 1460 Sed
1206 1414 1359 1459 melius
1381 1415 1500 1474 quod
1517 1416 1588 1458 in-

212 1488 354 1532 terius.
379 1487 431 1531 Ei
461 1487 622 1547 quippe
652 1486 963 1530 renuntiabant
996 1501 1144 1530 omnes
1177 1486 1320 1530 nuntii
1343 1485 1587 1545 corporales

209 1556 456 1617 praesidenti
476 1566 519 1600 ct
534 1556 747 1616 judicanti
764 1554 818 1599 de
838 1555 1018 1614 singulis
1041 1555 1391 1614 responsionibus
1421 1555 1522 1599 coeli
1545 1565 1585 1601 et

210 1638 333 1672 terrae
351 1637 393 1671 et
422 1627 618 1671 omnium
640 1642 739 1686 quae
760 1626 805 1669 in
824 1627 882 1670 eis
904 1635 1005 1670 sunt
1027 1625 1265 1670 dicentium
1293 1646 1301 1670 :
1323 1628 1421 1671 Non
1439 1641 1587 1670 sumus

209 1701 349 1752 Deus,
378 1697 454 1741 sed
483 1698 572 1756 ipse
603 1695 705 1739 fecit
738 1711 844 1753 nos3
877 1697 1010 1740 homo
1047 1697 1227 1741 interior
1263 1697 1466 1754 cognovit
1493 1696 1587 1740 haec

208 1785 283 1828 per
321 1768 540 1812 exterioris
572 1768 890 1824 ministerium3
932 1783 1012 1826 ego
1050 1769 1231 1811 interior
1253 1769 1436 1825 cognovi
1459 1769 1552 1812 haec
1572 1803 1583 1822 ‚

206 1855 286 1898 ego
311 1874 321 1894 ‚
360 1854 440 1897 ego
472 1838 641 1882 animus
672 1853 750 1896 per
779 1852 927 1881 sensus
953 1838 1143 1897 corporis
1179 1839 1277 1881 mei.
1321 1839 1585 1895 Interrogavi

206 1908 359 1953 mundi
388 1908 548 1952 molem
577 1907 631 1951 de
653 1911 742 1952 Deo
760 1923 856 1951 meo
874 1943 884 1961 ,
909 1917 952 1951 et
975 1907 1196 1967 respondit
1216 1908 1321 1950 mihi
1346 1927 1353 1951 :
1379 1910 1476 1952 Non
1505 1923 1584 1966 ego

204 1995 298 2023 sum
317 2015 327 2036 ,
347 1979 423 2022 sed
438 1979 528 2037 ipse
552 1992 619 2020 me
642 1977 758 2020 fecit.

260 2052 316 2093 Χ.
348 2051 503 2094 Nonne
525 2048 726 2091 omnibus
749 2048 907 2108 quibus
929 2049 1097 2107 integer
1119 2063 1266 2092 sensus
1289 2058 1373 2103 est,
1407 2058 1583 2109 apparet

202 2123 296 2165 haec
318 2121 504 2179 species?
519 2120 608 2163 Cur
626 2134 712 2162 non
738 2118 938 2162 omnibus
962 2118 1112 2175 eadem
1135 2118 1355 2179 loquitur?
1371 2119 1582 2163 Animalia

201 2191 358 2251 pusilla
375 2201 417 2234 et
439 2204 592 2247 magna
616 2188 764 2233 vident
785 2204 903 2243 eam,
929 2189 1003 2233 sed
1026 2190 1292 2249 interrogare
1322 2200 1547 2251 nequeunt
1571 2211 1578 2235 ;

201 2278 291 2306 non
312 2261 427 2305 enim
450 2260 678 2319 praeposita
696 2268 759 2302 est
773 2259 819 2302 in
837 2259 894 2303 eis
913 2259 1215 2304 nuntiantibus
1232 2262 1426 2304 sensibus
1445 2262 1582 2320 judex

201 2333 325 2377 ratio.
351 2331 556 2375 Homines
584 2340 729 2373 autem
759 2340 938 2389 possunt
958 2332 1223 2389 interrogare
1241 2367 1251 2386 ,
1277 2341 1325 2375 ut
1348 2320 1579 2375 invisibilia

201 2404 278 2447 Dei
304 2417 381 2461 per
403 2416 452 2445 ea
473 2416 571 2461 quae
595 2399 706 2445 facta
729 2410 831 2444 sunt
853 2400 1072 2445 intellecta
1103 2402 1452 2460 conspiciantur*
1476 2421 1484 2446 2
1505 2401 1580 2445 sed

203 2488 346 2517 amore
369 2471 619 2517 subduntur
651 2473 731 2527 eis,
766 2481 807 2516 et
840 2472 1004 2516 subditi
1031 2472 1226 2531 judicare
1261 2488 1348 2517 non
1377 2481 1572 2531 possunt.

248 2564 256 2579 ¹
278 2558 357 2590 Psal.
377 2568 484 2599 xcxix,
503 2558 534 2590 3.
554 2575 594 2581 -—
615 2565 626 2580 ²
649 2560 738 2590 Rom.
759 2569 781 2598 1,
805 2568 855 2589 20.
