1871 3162
289 180 379 223 474
726 191 760 221 s,
795 192 1028 224 Aucus'nm
1059 195 1242 223 EPISCOPI

286 262 406 303 tione
426 259 572 319 aliqua
591 273 743 304 verum
766 268 845 314 est,
859 269 902 304 et
918 260 976 304 ob
992 261 1076 305 hoc
1093 275 1184 304 non
1199 258 1254 303 ad
1270 257 1672 319 liquidumverum,

283 330 391 374 nihil
424 330 506 374 erit
540 330 720 375 fortasse
752 330 873 390 quod
901 332 1111 391 impediat
1146 329 1398 391 disputandi
1432 330 1671 386 rationem,

283 401 519 460 quominus
546 400 639 460 ipsa
658 401 815 446 veritas
843 409 933 446 esse
961 402 1187 447 doceatur.
1216 405 1265 446 A.
1293 402 1473 446 Interim
1501 416 1675 460 quaera-

284 486 380 515 mus
401 470 456 515 de
472 487 653 531 corpore
671 491 679 517 :
699 487 801 516 nam
815 487 870 516 ne
891 472 975 516 hoc
996 471 1176 532 quidem
1198 488 1299 517 cum
1320 472 1580 527 constiterit,
1606 471 1676 515 vi-

286 540 369 586 deo
396 541 522 586 istam
544 543 880 587 controversiam
912 544 1202 591 terminatam.
1229 547 1283 587 R.
1310 543 1436 587 Unde
1458 542 1538 587 scis
1569 541 1679 602 quid

284 611 388 656 velit
416 615 558 656 Deus?
585 616 738 674 Itaque
760 613 961 657 attende:
994 628 1097 657 nam
1118 628 1200 672 ego
1220 622 1329 672 puto
1351 628 1509 672 corpus
1532 611 1678 672 aliqua

287 680 426 727 forma
460 692 504 727 et
524 684 666 742 specie
689 684 923 739 contineri,
961 699 1093 743 quam
1115 683 1150 728 si
1173 698 1262 727 non
1285 683 1494 738 haberet,
1522 697 1679 742 corpus

287 768 377 796 non
404 762 513 797 esset
540 772 550 797 :
580 753 615 796 si
658 768 808 798 veram
839 754 1048 810 haberet,
1090 754 1259 798 animus
1291 763 1417 798 esset.
1448 757 1517 798 An
1554 753 1679 797 aliter

288 822 536 882 putandum
569 825 663 867 est?
686 827 738 868 A.
762 824 982 869 Assentior
1005 824 1052 867 in
1071 834 1213 883 parte,
1235 824 1290 869 de
1301 833 1460 869 caetero
1481 822 1638 868 dubito
1668 841 1679 868 ι

288 908 390 937 nam
410 894 492 938 nisi
514 902 714 938 teneatur
735 893 881 954 aliqua
897 895 1054 954 figura,
1078 909 1235 954 corpus
1253 911 1344 939 non
1360 909 1451 938 esse
1463 894 1678 939 concedo.

289 963 522 1016 Quomodo
542 974 689 1009 autem
700 965 735 1009 si
751 980 847 1009 eam
869 980 1014 1010 veram
1035 964 1233 1019 haberet,
1259 965 1428 1009 animus
1444 973 1570 1018 esset,
1590 979 1682 1008 non

289 1034 390 1078 satis
404 1034 617 1094 intelligo..
644 1038 697 1079 R.
719 1034 920 1081 Nihil-ne
935 1035 1113 1079 tandem
1131 1035 1186 1079 de
1207 1034 1337 1094 primi
1357 1034 1461 1078 libri
1481 1032 1678 1088 exordio,

291 1114 334 1149 et
350 1105 405 1149 de
426 1105 499 1150 illa
521 1115 595 1151 tua
620 1107 881 1166 geometrica
899 1106 1158 1151 recordaris?
1187 1109 1240 1151 A.
1269 1110 1386 1150 Bene
1412 1120 1680 1151 commemo-

291 1177 422 1222 rasti:
446 1178 650 1222 recordor
681 1194 875 1238 prorsus,
913 1194 961 1223 ac
989 1177 1285 1222 libentissime.
1323 1181 1376 1222 R.
1415 1177 1616 1222 Tales-ne
1638 1177 1684 1220 in

292 1249 548 1308 corporibus
569 1249 723 1308 figurae
743 1249 1049 1304 inveniuntur,
1082 1248 1232 1310 quales
1248 1248 1322 1294 illa
1345 1248 1572 1309 disciplina
1596 1248 1679 1291 de-

293 1322 529 1364 monstrat?
550 1322 602 1364 A.
635 1323 730 1365 Imo
755 1319 1008 1365 incredibile
1035 1334 1099 1365 est
1123 1329 1289 1380 quanto
1317 1320 1551 1365 deteriores
1589 1334 1679 1362 esse

293 1390 628 1435 convincuntur.
653 1394 706 1434 R.
740 1393 856 1444 Quas
889 1406 992 1450 ergo
1033 1391 1212 1435 istarum
1234 1405 1355 1436 veras
1374 1390 1595 1450 putas?A.
1621 1390 1684 1434 Ne

293 1476 442 1521 quaeso
479 1461 609 1505 etiam
636 1462 746 1506 istuc
771 1477 840 1505 me
869 1462 1225 1519 interrogandum
1262 1470 1401 1520 putes.
1434 1460 1536 1513 Quis
1569 1459 1683 1502 enim
1731 1477 1733 1480 ·

294 1541 441 1576 mente
463 1541 551 1576 tam
573 1544 712 1576 caecus
733 1542 795 1577 est
815 1533 891 1592 qui
912 1547 1002 1577 non
1022 1532 1183 1586 videat,
1199 1532 1300 1575 istas
1317 1547 1416 1590 quae
1438 1530 1483 1574 in
1509 1544 1684 1588 geome-

296 1603 401 1646 trica
420 1602 650 1656 docentur,
673 1603 870 1646 habitare
896 1603 942 1646 in
964 1603 1055 1661 ipsa
1077 1602 1273 1655 veritate,
1302 1610 1377 1644 aut
1399 1601 1444 1644 in
1465 1600 1530 1644 his
1553 1600 1684 1644 etiam

296 1673 523 1717 veritatem
549 1691 558 1716 ε
586 1672 680 1716 illas
708 1687 811 1716 vero
834 1672 1026 1730 corporis
1049 1672 1222 1729 figuras,
1245 1670 1458 1730 siquidem
1480 1671 1603 1730 quasi
1630 1668 1685 1714 ad

297 1744 397 1787 istas
428 1743 605 1786 tendere
625 1742 828 1786 videntur
846 1778 857 1797 ,
882 1743 1044 1786 habere
1068 1743 1211 1786 nescio
1234 1757 1366 1802 quam
1398 1742 1686 1785 imitationem

297 1815 505 1869 veritatis,
534 1823 577 1858 et
599 1813 697 1858 ideo
724 1813 849 1858 falsas
873 1815 990 1857 esse?
1012 1816 1109 1857 Jam
1131 1814 1247 1857 enim
1269 1822 1411 1857 totum
1432 1811 1543 1856 illud
1565 1809 1686 1872 quod

301 1887 529 1931 ostendere
546 1884 791 1931 moliebaris
812 1884 1022 1944 intelligo.
