1871 3162
506 244 559 270 DE
589 241 914 272 CATECHIZANDIS
946 244 1138 273 Romans.
1422 238 1500 275 521

140 313 292 350 caetera
314 306 474 360 sidera,
499 305 545 349 in
576 315 688 351 terra
720 315 863 350 autem
885 315 928 350 et
949 307 1055 349 mari
1074 308 1244 351 arbores
1270 317 1314 352 et
1334 308 1509 354 frutices

139 384 181 420 et
201 374 401 421 animalia
424 391 511 420 suae
532 377 741 436 cujusque
760 385 926 420 naturae
942 411 953 430 ,
992 385 1035 420 et
1063 376 1207 420 omnia
1235 392 1416 437 corpora
1442 379 1510 423 vel

139 444 329 490 coelestia
349 446 419 492 vel
439 447 652 491 terrestria
669 467 680 504 3
697 447 784 491 sive
801 462 900 506 quae
921 461 1010 492 non
1031 446 1249 500 videntur,
1267 448 1390 492 sicuti
1410 457 1512 493 sunt

137 515 311 574 spiritus
331 516 490 574 quibus
515 531 696 575 corpora
729 525 983 574 vegetantur
1012 525 1056 559 et
1078 516 1352 560 vivificantur
1377 536 1386 561 :
1411 517 1513 561 fecit

139 593 182 628 et
202 584 420 629 hominem
443 584 498 629 ad
529 585 759 643 imaginem
781 600 925 642 suam3
948 594 998 629 ut
1025 584 1393 644 quemadmodum
1423 587 1513 644 ipse

139 670 216 714 per
237 656 594 715 omnipotentiam
626 671 747 700 suam
778 665 934 715 praeest
959 655 1170 700 universae
1192 665 1426 710 creaturae,
1455 656 1514 699 sic

138 724 271 768 homo
287 740 361 783 per
376 724 703 782 intelligentiam
719 739 857 778 suam,
872 740 958 783 qua
979 725 1109 769 etiam
1127 727 1373 770 Creatorem
1387 740 1515 769 suum

140 795 360 852 cognoscit
381 804 425 838 et
444 794 567 849 colit,
593 803 792 853 praeesset
814 795 1017 839 omnibus
1039 795 1219 838 terrenis
1240 794 1512 839 animalibus.

139 864 262 908 Fecit
289 863 353 907 illi
389 864 518 907 etiam
540 863 804 922 adjutorium
820 862 1048 908 foeminam
1071 883 1079 908 :
1105 879 1194 908 non
1222 865 1278 908 ad
1298 863 1514 909 carnalem

139 933 557 992 concupiscentiam,
597 932 954 993 quandoquidem
989 948 1068 977 nec
1090 934 1388 993 corruptibilia
1419 949 1516 978 cor-

140 1019 245 1063 pora
276 1012 380 1048 tunc
401 1004 646 1058 habebant,
679 1013 913 1063 antequam
937 1019 1008 1048 cos
1029 1004 1265 1049 mortalitas
1293 1004 1517 1049 invaderet

143 1089 275 1132 poena
299 1074 488 1133 peccati3
508 1073 581 1118 sed
602 1083 650 1117 ut
665 1074 845 1118 haberet
868 1083 910 1118 et
941 1075 1006 1119 vir
1033 1074 1214 1133 gloriam
1234 1074 1290 1119 de
1312 1074 1513 1129 foemina,

140 1159 241 1188 cum
266 1144 304 1188 ei
323 1145 496 1203 praeiret
518 1143 572 1188 ad
595 1147 755 1198 Deum,
786 1159 917 1204 seque
937 1143 999 1188 illi
1022 1146 1236 1203 praeberet
1255 1145 1516 1188 imitandum

140 1214 186 1256 in
221 1214 447 1258 sanctitate
479 1223 608 1273 atque
632 1214 814 1272 pietate3
854 1214 963 1258 sicut
998 1214 1088 1272 ipse
1118 1223 1225 1258 esset
1247 1213 1380 1273 gloria
1409 1214 1512 1269 Dei,

140 1298 238 1327 cum
262 1285 352 1343 ejus
368 1284 619 1342 sapientiam
638 1292 904 1342 sequeretur.

198 1355 339 1397 XXX.
367 1356 519 1413 Itaque
550 1353 775 1398 constituit
798 1368 869 1397 eos
890 1353 934 1396 in
964 1353 1154 1412 quodam
1177 1353 1274 1397 loco
1296 1363 1517 1413 perpetuae

141 1422 444 1477 beatitudinis,
469 1438 599 1481 quem
628 1422 820 1482 appellat
847 1423 1066 1481 Scriptura
1089 1423 1365 1482 paradisum,
1400 1440 1517 1483 prae-

140 1501 403 1552 ceptumque
424 1492 507 1536 illis
533 1492 676 1546 dedit,
702 1492 822 1551 quod
849 1492 883 1536 si
905 1508 993 1536 non
1022 1493 1445 1551 transgrederentur,
1474 1494 1518 1539 in

140 1561 214 1605 illa
247 1576 416 1619 semper
457 1560 789 1605 immortalitatis
822 1561 1092 1605 beatitudine
1121 1572 1425 1621 permanerent
1450 1583 1459 1608 :
1484 1565 1519 1609 si

140 1640 285 1675 autem
306 1631 728 1688 transgrederentur,
754 1630 963 1689 supplicia
1001 1630 1272 1675 mortalitatis
1299 1633 1519 1691 expende-

140 1709 250 1745 rent.
278 1699 535 1744 Praesciebat
556 1708 700 1742 autem
720 1701 832 1742 Deus
867 1714 938 1743 eos
961 1708 1295 1758 transgressuros
1320 1720 1330 1744 z
1357 1701 1431 1745 sed
1453 1711 1518 1747 ta-

140 1787 241 1815 men
258 1770 358 1830 quia
378 1769 577 1814 conditor
603 1778 666 1813 est
687 1778 730 1813 et
751 1769 931 1813 effector
954 1770 1093 1814 omnis
1116 1770 1243 1825 boni,
1281 1773 1418 1830 magis
1448 1788 1520 1818 eos

141 1842 269 1896 fecit,
305 1840 481 1900 quando
514 1839 616 1884 fecit
638 1849 681 1883 et
703 1840 880 1894 bestias,
915 1849 964 1883 ut
986 1839 1185 1899 impleret
1208 1850 1363 1884 terram
1392 1842 1517 1887 bonis

142 1911 336 1957 terrenis.
363 1913 419 1954 Et
438 1910 589 1969 utique
608 1908 759 1953 melior
775 1917 839 1953 est
854 1910 985 1955 homo
1001 1909 1132 1953 etiam
1147 1919 1363 1969 peccator,
1385 1927 1518 1971 quam

142 1983 294 2027 bestia.
321 1984 379 2026 Et
399 1990 666 2040 praeceptum
701 1979 822 2040 quod
844 1995 932 2024 non
964 1990 1087 2025 erant
1117 1982 1348 2037 servaturi,
1386 1984 1520 2040 magis

144 2052 280 2105 dedit,
296 2060 345 2095 ut
366 2049 846 2104 essentinexcusabiles,
869 2050 1023 2093 cumin
1037 2065 1107 2094 eos
1118 2050 1337 2095 vindicare
1357 2053 1518 2111 coepis-

145 2131 222 2166 set.
248 2121 473 2181 Quidquid
496 2121 610 2164 enim
631 2121 764 2164 homo
786 2118 958 2174 fecerit,
984 2119 1244 2163 laudabilem
1262 2121 1307 2164 in
1329 2122 1414 2165 suis
1434 2122 1519 2167 fac-

146 2193 200 2236 tis
220 2192 384 2236 invenit
407 2194 545 2234 Deum
567 2209 575 2233 :
601 2191 634 2232 si
656 2199 771 2233 recte
792 2190 946 2247 egerit,
978 2188 1242 2233 laudabilem
1258 2190 1423 2236 invenit
1443 2207 1519 2250 per

141 2261 350 2321 justitiam
385 2260 660 2319 praemiorum
687 2278 694 2302 :
723 2259 753 2303 si
778 2259 1037 2317 peccaverit,
1062 2258 1326 2304 laudabilem
1353 2261 1519 2306 invenit

147 2346 224 2390 per
239 2329 446 2389 justitiam
471 2327 780 2388 suppliciorum
807 2347 815 2372 :
841 2329 872 2371 si
893 2337 1067 2387 peccata
1085 2328 1305 2374 confessus
1328 2331 1382 2374 ad
1404 2340 1518 2375 recte

147 2398 382 2444 vivendum
406 2398 597 2451 redierit,
623 2396 886 2441 laudabilem
903 2397 1068 2442 invenit
1088 2414 1165 2458 per
1187 2401 1519 2446 misericordiam

147 2468 530 2527 indulgentiarum.
555 2469 645 2511 Cur
674 2481 774 2524 ergo
808 2481 896 2511 non
926 2466 1087 2512 faceret
1122 2471 1236 2513 Deus
1270 2470 1514 2525 hominem,

149 2539 345 2599 quamvis
368 2553 467 2583 eum
488 2546 765 2598 peccaturum
793 2547 1107 2596 praenosceret,
1139 2555 1239 2585 cum
1262 2549 1304 2585 et
1332 2550 1514 2587 stantem
