1871 3162
566 256 904 293 eom-⁴3551onum‚
939 256 1020 283 Lis.
1057 255 1153 282 xm.
1454 245 1532 284 411

170 438 448 456 ΝΏΑΛΛΝΛΝᾺΜῚΜ
937 437 1005 453 ΜΛΝ
1008 430 1542 453 mmmmm

589 581 806 632 CAPUT
844 582 1132 630 XXXVIII.

342 747 502 794 Aliter
522 748 669 805 Deus,
701 747 845 794 aliter
865 747 1006 794 homo
1026 745 1154 792 videt
1179 754 1362 792 creata.

229 921 348 963 LIII.
373 921 457 965 Nos
474 918 620 979 itaque
646 919 726 963 ista
745 934 845 980 quae
875 918 1012 964 fecisti
1036 918 1256 972 videmus,
1282 917 1383 977 quia
1409 925 1511 961 sunt
1533 929 1542 956 z

172 998 221 1033 tu
241 999 385 1034 autem
407 991 509 1049 quia
531 991 649 1035 vides
671 1006 719 1034 ea
737 1025 748 1045 ‚
773 999 889 1035 sunt.
916 993 972 1034 Et
998 1005 1076 1034 nos
1098 989 1200 1033 foris
1225 989 1421 1033 videmus
1443 986 1547 1047 quia

168 1070 269 1104 sunt
287 1096 297 1115 ,
323 1070 366 1105 et
382 1062 497 1105 intus
514 1062 615 1122 quia
638 1062 752 1106 bona
777 1070 879 1106 sunt
899 1080 909 1106 ι
929 1070 979 1105 tu
1003 1069 1148 1105 autem
1165 1060 1227 1104 ibi
1247 1058 1389 1104 vidisti
1413 1057 1545 1113 facta,

168 1131 245 1174 ubi
279 1130 423 1175 vidisti
458 1130 670 1176 facienda.
702 1135 758 1176 Et
793 1147 872 1176 nos
912 1132 996 1175 alio
1024 1140 1219 1190 tempore
1261 1129 1368 1173 moti
1400 1144 1551 1172 sumus

169 1201 225 1246 ad
248 1201 631 1258 benefaciendum,
662 1213 944 1263 posteaquam
974 1202 1174 1261 concepit
1205 1201 1259 1244 de
1283 1200 1446 1259 Spiritu
1470 1209 1550 1243 tuo

169 1287 243 1317 cor
263 1281 473 1317 nostrum.
507 1273 654 1317 Priore
678 1283 823 1318 autem
851 1283 1045 1332 tempore
1074 1271 1129 1316 ad
1161 1270 1273 1315 male
1294 1269 1550 1315 faciendum

168 1343 453 1388 movebamur
479 1343 722 1388 deserentes
737 1354 795 1389 te.
816 1347 880 1388 Tu
894 1359 1013 1398 vero,
1032 1346 1146 1387 Deus
1163 1357 1266 1396 une,
1284 1342 1415 1396 bone,
1432 1357 1551 1386 nun-

169 1429 301 1473 quam
322 1414 491 1458 cessasti
517 1414 784 1459 benefacere.
816 1417 873 1459 Et
904 1424 1004 1459 sunt
1036 1412 1238 1474 quaedam
1271 1413 1387 1456 bona
1418 1428 1551 1472 opera

169 1492 314 1527 nostra
341 1498 392 1527 ex
414 1499 594 1527 munere
616 1484 793 1544 quidem
813 1494 890 1528 tuo
904 1519 914 1536 ,
939 1485 1014 1528 sed
1035 1499 1123 1528 non
1138 1482 1399 1542 sempiterna
1427 1503 1436 1528 ε
1454 1491 1554 1543 post

169 1553 243 1598 illa
265 1569 342 1598 nos
362 1554 631 1613 requieturos
660 1554 707 1597 in
742 1564 813 1599 tua
847 1554 998 1612 grandi
1031 1553 1374 1598 sanctificatione
1405 1569 1553 1613 spera-

170 1639 281 1668 mus.
304 1627 368 1668 Tu
391 1634 536 1669 autem
556 1624 723 1669 bonum
742 1624 865 1669 nullo
879 1623 1074 1683 indigens
1090 1624 1224 1679 bono,
1242 1639 1411 1683 semper
1433 1625 1552 1684 quie-

170 1704 239 1739 tus
259 1710 322 1750 es,
348 1697 555 1755 quoniam
586 1705 659 1740 tua
679 1695 799 1755 quies
821 1704 870 1739 tu
891 1696 980 1754 ipse
1008 1711 1066 1739 es.
1093 1697 1149 1739 Et
1184 1695 1267 1739 hoc
1307 1694 1553 1754 intelligere

170 1767 265 1825 quis
286 1766 513 1810 hominum
533 1766 655 1810 dabit
676 1765 872 1810 homini?
890 1765 985 1826 quis
1007 1763 1199 1823 Angelus
1223 1764 1423 1823 Angelo‘?
1452 1767 1552 1826 quis

171 1834 360 1894 Angelus
378 1836 540 1880 homini
557 1838 574 1880 Ρ
594 1839 631 1880 Α
653 1845 695 1880 te
716 1845 910 1895 petatur,
931 1836 976 1878 in
998 1844 1041 1878 te
1059 1844 1302 1894 quaeratur,
1324 1836 1380 1879 ad
1401 1845 1441 1880 te
1456 1835 1554 1895 pul-

172 1914 289 1949 setur
312 1924 322 1950 2
346 1906 420 1960 sic,
444 1906 503 1950 sic
534 1906 783 1965 accipietur,
808 1906 868 1951 sic
889 1905 1157 1961 invenietur,
1193 1906 1253 1951 sic
1282 1907 1499 1966 aperietur
1514 1908 1549 1951 ¹.

173 1977 329 2020 Amen.

221 2089 231 2106 ¹
251 2082 364 2116 matth.
384 2093 442 2124 vu,
459 2085 490 2115 8.
