1871 3162
579 268 929 308 CONFESSIONUM‚
964 272 1047 298 Lm.
1082 273 1142 299 1v.
1489 261 1544 302 75

169 333 390 377 interdum
417 334 507 377 sine
538 333 656 388 odio,
695 343 903 394 tanquam
935 335 1026 394 ipse
1056 335 1186 378 homo
1220 349 1382 390 secum,
1416 346 1546 396 atque

168 405 258 464 ipsa
278 405 486 448 rarissima
505 405 766 449 dissensione
787 405 964 449 condire
987 406 1287 450 consensiones
1308 405 1513 465 plurimas
1533 429 1544 465 3

169 474 324 519 docere
358 474 521 535 aliquid
554 476 756 530 invicem,
788 486 863 531 aut
881 477 1044 521 discere
1065 477 1120 520 ab
1147 477 1349 531 invicem,
1375 477 1546 520 deside-

166 560 259 588 rare
279 545 475 588 absentes
496 560 595 588 cum
619 544 830 599 molestia,
855 547 1071 605 suscipere
1090 546 1311 589 venientes
1335 561 1433 590 cum
1466 546 1545 589 lae-

163 615 271 659 titia.
309 616 384 659 His
412 624 542 675 atque
574 615 826 675 hujusmodi
859 617 1004 674 signis,
1031 633 1054 660 a
1081 617 1211 660 corde
1234 617 1473 660 amantium
1500 627 1544 662 et

161 684 480 728 redamantium
497 685 834 744 procedentibus
849 701 925 744 per
942 701 1004 741 os,
1024 701 1102 745 per
1118 685 1329 745 linguam,
1349 701 1425 745 per
1443 702 1545 730 ocu-

161 753 241 810 los,
280 764 323 799 et
349 755 467 799 mille
488 765 632 800 motus
655 756 917 814 gratissimos
951 757 1074 817 quasi
1106 755 1333 802 fomitibus
1355 758 1545 803 conflare

163 825 343 881 animos,
362 835 405 870 et
422 842 474 870 ex
491 825 690 886 pluribus
708 843 846 871 unum
862 826 1020 872 facere.

160 993 229 1009 Νυνὶ
237 992 1540 1009 ΜΜΜΜΜΜΜΜΜΜΜΜΜΜΜΜΜΝΜΜΜΜΜΜΜ

685 1127 903 1175 CAPUT
940 1129 1030 1175 IX.

218 1280 296 1326 De
321 1279 545 1330 humana
567 1281 799 1331 amicitia.
826 1281 1011 1326 Beatus
1032 1282 1117 1340 qui
1135 1290 1273 1326 amat
1293 1282 1342 1326 in
1362 1280 1483 1327 Deo.

217 1438 338 1480 XIV.
375 1439 465 1480 Hoc
487 1446 566 1491 est,
585 1437 704 1496 quod
724 1435 920 1495 diligitur
935 1437 981 1480 in
999 1437 1159 1491 amicis,
1178 1446 1220 1480 et
1243 1437 1302 1482 sic
1328 1435 1540 1496 diligitur,

159 1516 210 1551 ut
229 1522 300 1551 rea
323 1506 403 1551 sibi
424 1507 478 1550 sit
498 1507 690 1550 humana
714 1507 993 1560 conscientia,
1027 1507 1061 1549 si
1078 1522 1168 1549 non
1187 1507 1393 1551 amaverit
1415 1507 1542 1551 reda-

157 1577 366 1631 mantem,
391 1585 466 1620 aut
488 1576 522 1619 si
543 1584 761 1619 amantem
776 1591 865 1619 non
887 1576 1189 1629 redamaverit,
1214 1574 1324 1618 nihil
1342 1590 1542 1634 quaerens

158 1662 209 1689 ex
234 1646 325 1705 ejus
358 1660 538 1704 corpore
566 1654 723 1704 praeter
756 1645 916 1689 indicia
952 1644 1286 1690 benevolentiae.
1328 1646 1440 1689 Hinc
1468 1644 1542 1688 ille

156 1716 300 1760 luctus
322 1716 355 1760 si
372 1716 468 1776 quis
486 1715 711 1769 moriatur,
736 1725 777 1759 et
796 1715 988 1758 tenebrae
1006 1714 1225 1770 dolorum,
1246 1724 1289 1758 et
1307 1730 1427 1759 versa
1441 1714 1520 1759 dul
1533 1742 1543 1749 -

157 1785 311 1830 cedine
333 1786 379 1830 in
401 1785 734 1829 amaritudinem
769 1800 844 1829 cor
872 1784 1115 1840 madidum,
1141 1795 1184 1829 et
1205 1801 1255 1829 ex
1277 1786 1428 1830 amissa
1454 1786 1542 1830 vita

157 1857 436 1900 morientium
459 1871 572 1900 mors
590 1855 844 1899 viventium.
870 1857 1027 1899 Beatus
1050 1857 1126 1916 qui
1147 1865 1264 1900 amat
1278 1865 1344 1914 te,
1368 1865 1411 1900 et
1431 1857 1542 1900 ami-

156 1942 257 1971 cum
279 1927 323 1970 in
344 1935 414 1982 te3
451 1935 494 1969 et
514 1925 737 1969 inimicum
760 1934 936 1984 propter
959 1935 1018 1970 te.
1063 1925 1187 1971 Solus
1220 1927 1336 1970 enim
1366 1926 1539 1971 nullum

155 1997 335 2040 charum
354 1995 526 2049 amittit,
547 1995 616 2038 cui
635 2010 783 2039 omnes
798 1995 844 2038 in
862 1994 937 2039 illo
955 1995 1071 2039 chari
1092 2006 1197 2040 sunt
1214 1996 1289 2055 qui
1309 2012 1398 2040 non
1412 1997 1539 2041 amit-

154 2066 275 2110 titur.
293 2068 349 2110 Et
370 2066 466 2124 quis
483 2074 547 2108 est
568 2066 647 2108 iste
669 2065 751 2108 nisi
774 2068 886 2109 Deus
909 2074 1071 2120 noster,
1092 2068 1205 2109 Deus
1227 2067 1302 2126 qui
1324 2065 1426 2110 fecit
1449 2082 1540 2111 coe-

153 2136 246 2180 lum
268 2145 310 2179 et
332 2145 506 2189 terram,
531 2144 575 2178 et
594 2134 746 2194 implet
767 2151 833 2189 ea,
868 2136 971 2195 quia
998 2135 1220 2195 implendo
1251 2151 1299 2179 ea
1328 2135 1431 2180 feeit
1463 2139 1538 2181 ea?

156 2209 215 2251 Te
235 2221 364 2250 nemo
388 2205 562 2260 amittit,
588 2205 669 2250 nisi
690 2206 767 2266 qui
788 2205 992 2250 dimittit:
1018 2216 1061 2250 et
1080 2207 1155 2267 qui
1177 2206 1359 2252 dimittit
1387 2223 1476 2266 quo
1503 2208 1538 2252 it

153 2285 228 2321 aut
262 2291 350 2335 quo
385 2275 513 2333 fugit,
548 2275 628 2319 nisi
656 2291 679 2319 a
701 2285 744 2320 te
777 2275 950 2335 placido
972 2277 1028 2320 ad
1049 2286 1091 2320 te
1114 2277 1304 2320 iratum?
1337 2292 1438 2320 nam
1460 2277 1537 2321 ubi

151 2361 241 2391 non
261 2346 427 2391 invenit
444 2346 584 2404 legem
606 2355 728 2391 tuam
749 2347 794 2390 in
815 2362 946 2406 poena
968 2349 1074 2392 sua?
1092 2351 1148 2392 Et
1168 2348 1240 2391 lex
1269 2356 1342 2392 tua
1360 2348 1532 2403 veritas,

154 2428 198 2462 et
213 2417 369 2462 veritas
386 2426 451 2460 tu.
