1871 3162
282 194 339 236 94
712 209 744 236 s.
781 204 1012 236 Aucus‘nm
1042 207 1229 236 Emscom

1234 377 1657 397 mmmmm

285 380 524 398 WMWWM

804 511 1022 561 CAPUT
1063 512 1151 560 IV.

654 663 775 712 Sola
796 662 894 709 Dei
911 663 1123 727 cognitio
1145 661 1272 709 beat.

334 822 434 864 VII·
453 828 690 875 Numqmn,
722 826 905 871 Domine
926 829 1041 870 Deus
1063 824 1275 880 veritatis,
1309 822 1506 884 quisquis
1537 821 1662 866 novit

274 891 375 946 ista,
389 891 480 950 jam
497 890 640 950 placet
661 890 773 935 tibi?
797 890 954 935 Infelix
970 897 1086 935 enim
1103 897 1237 937 homo
1264 895 1341 952 qui
1364 894 1445 939 scit
1470 893 1544 938 illa
1566 907 1662 938 om-
1696 948 1702 952 .

274 963 368 1018 nia,
389 971 431 1006 te
458 972 604 1007 autem
631 961 770 1006 nescit
794 981 803 1006 :
823 965 980 1006 Beatus
1003 972 1149 1006 autem
1172 963 1249 1023 qui
1271 972 1313 1007 te
1331 962 1435 1018 scit,
1472 963 1599 1006 etiam
1625 963 1660 1006 si

273 1032 348 1077 issa
369 1033 545 1077 nesciat.
573 1033 656 1086 Qui
676 1048 779 1078 vero
810 1041 854 1077 et
871 1043 914 1078 te
933 1042 977 1077 et
994 1032 1069 1077 illa
1088 1034 1210 1078 novit
1224 1068 1235 1089 ‚
1260 1049 1351 1078 non
1384 1041 1561 1093 propter
1585 1033 1658 1077 illa

274 1105 441 1148 beatior
458 1139 469 1159 ,
483 1099 563 1148 ⁷sed
586 1113 763 1163 propter
780 1113 822 1148 te
839 1102 980 1148 solum
1002 1104 1156 1148 beatus
1174 1112 1259 1157 est,
1284 1104 1318 1147 si
1335 1118 1599 1162 cognoscens
1618 1112 1659 1146 te

273 1174 384 1218 sicut
408 1177 545 1217 Deum
564 1173 797 1232 glorificet,
818 1183 861 1218 et
877 1174 1034 1233 gratias
1056 1182 1176 1232 agat,
1196 1182 1238 1217 et
1255 1189 1345 1218 non
1366 1183 1593 1218 evanescat
1613 1174 1659 1217 in

271 1245 605 1304 cogitationibus
626 1246 729 1289 suis.
752 1245 872 1290 Sicut
893 1245 1008 1289 enim
1022 1245 1175 1290 melior
1191 1254 1255 1290 est
1274 1246 1350 1305 qui
1374 1246 1497 1290 novit
1518 1245 1659 1305 possi-

272 1315 374 1361 dere
413 1316 609 1360 arborem
624 1350 635 1370 ,
670 1327 714 1359 et
745 1315 800 1359 de
822 1332 903 1359 usu
925 1317 1014 1375 ejus
1036 1315 1117 1359 tibi
1139 1316 1295 1374 gratias
1317 1316 1429 1374 agit,
1462 1316 1658 1376 quamvis

271 1387 432 1431 nesciat
450 1386 519 1430 vel
541 1395 650 1446 quot
670 1386 828 1430 cubitis
846 1386 931 1430 alta
949 1387 1002 1430 sit
1014 1421 1025 1441 ,
1043 1385 1111 1431 vel
1135 1395 1298 1445 quanta
1315 1385 1547 1430 latitudine
1570 1384 1659 1429 dif-

269 1456 393 1510 fusa;
430 1471 561 1512 quam
589 1455 663 1496 ille
690 1456 767 1512 qui
789 1468 884 1496 eam
906 1455 1105 1509 metitur,
1140 1462 1183 1496 et
1215 1469 1364 1498 omnes
1397 1470 1538 1499 ramos
1565 1456 1657 1514 ejus

268 1532 490 1578 numerat,
515 1532 559 1567 et
586 1538 730 1582 neque
759 1522 946 1582 possidet
973 1538 1068 1567 eam
1086 1559 1098 1579 ‚
1132 1539 1276 1583 neque
1303 1534 1541 1569 creatorem
1564 1526 1655 1585 ejus

267 1593 391 1638 novit
414 1602 491 1637 aut
514 1591 668 1650 diligit.
697 1593 766 1637 Sic
798 1592 938 1635 fidelis
969 1593 1125 1647 homo,
1159 1595 1283 1653 cujus
1309 1603 1427 1638 totus
1461 1594 1652 1639 mundus

267 1663 514 1707 divitiarum
531 1665 636 1716 est¹‚
662 1671 705 1705 et
726 1662 847 1721 quasi
864 1661 975 1706 nihil
994 1663 1181 1718 habens,
1200 1665 1345 1708 omnia
1363 1665 1567 1723 possidet,
1585 1666 1654 1709 in-

266 1733 473 1777 haerendo
486 1733 564 1777 tibi
581 1732 652 1776 cui
674 1732 867 1777 serviunt
888 1733 1055 1790 omnia;
1071 1734 1270 1792 quamvis
1287 1749 1367 1778 nec
1385 1734 1539 1779 saltem
1556 1751 1653 1795 sep-

266 1803 534 1847 tentrionum
572 1817 698 1860 gyros
745 1803 937 1856 noverit,
975 1802 1179 1847 dubitare
1217 1803 1399 1849 stultum
1437 1814 1500 1849 est
1542 1806 1651 1865 quin

265 1872 417 1932 utique
442 1872 592 1916 melior
619 1873 672 1916 sit
699 1887 830 1931 quam
851 1887 1022 1916 mensor
1045 1873 1172 1927 coeli,
1199 1882 1243 1917 et
1271 1884 1522 1919 numerator
1537 1874 1650 1919 side-

265 1958 361 1987 rum
373 1977 384 1998 ,
411 1952 453 1986 et
466 1958 625 2002 pensor
645 1942 959 1986 elementorum
971 1977 982 1998 ‚
1006 1951 1050 1986 et
1064 1944 1286 2002 negligens
1301 1945 1365 1987 tui
1382 1979 1393 1998 ‚
1411 1946 1487 2005 qui
1501 1946 1647 1990 omnia

264 2016 310 2058 in
331 2028 532 2061 mensura
561 2022 604 2057 et
625 2028 807 2057 numero
824 2022 867 2057 et
888 2013 1080 2072 pondere
1103 2014 1391 2073 disposuisti·2.

313 2130 320 2146 ¹
343 2124 435 2155 Prov.
454 2133 531 2162 xvu,
545 2123 580 2164 6,
593 2123 685 2164 juxta
703 2133 776 2155 Lxx.
798 2139 840 2145 —
864 2129 876 2145 ²
894 2124 970 2164 Sap.
989 2134 1035 2164 m,
1056 2131 1109 2155 ⁴21.
