1871 3162
235 140 315 178 126
651 149 684 178 s.
720 151 949 180 AUGusTim
981 153 1161 180 EPISCOPI

229 229 400 259 mecum
421 215 724 274 superstitione
747 217 970 262 involutus
1002 227 1091 273 est,
1116 232 1266 261 amans
1296 218 1343 261 in
1361 216 1610 262 Manichaeis

229 285 562 330 ostentationem
591 288 871 331 continentiae
891 322 902 342 ,
937 303 1071 347 quam
1103 303 1250 332 veram
1284 297 1327 331 et
1363 301 1613 346 germanam

227 355 425 413 putabat.
454 358 558 399 Erat
592 365 738 401 autem
760 356 833 400 illa
854 371 1004 401 vecors
1032 366 1074 401 et
1104 356 1352 402 seductoria
1369 392 1380 412 ‚
1405 356 1613 416 pretiosas

229 424 390 468 animas
423 435 629 484 captans,
675 425 873 470 nondum
914 426 1086 470 virtutis
1121 426 1397 471 altitudinem
1432 427 1615 471 scientes

231 503 405 553 tangere
422 530 432 549 ‚
472 505 515 539 et
547 495 773 554 superficie
800 495 942 555 decipi
973 496 1121 541 faciles
1138 532 1150 553 ,
1174 498 1250 542 sed
1283 507 1431 542 tamen
1456 497 1616 542 adum-

231 565 365 609 hratae
381 565 684 625 simulataeque
701 566 890 610 virtutis.

240 739 584 760 :mmmmm

721 877 936 926 CAPUT
971 879 1115 924 VIII.

229 1034 436 1095 Alypius
458 1035 652 1094 capitur
674 1035 868 1078 insania
899 1032 1119 1078 ludorum
1132 1031 1557 1096 gladiatoriorzcm,
1588 1049 1618 1076 c:

578 1102 749 1161 quibus
771 1113 920 1147 antea
944 1101 1282 1148 abhorruerat.

286 1264 413 1306 XIII.
439 1264 534 1307 Nou
564 1276 667 1306 sane
691 1260 943 1320 relinquens
974 1260 1235 1304 incantatam
1270 1259 1351 1303 sibi
1373 1275 1398 1303 a
1420 1261 1618 1318 parenti-

230 1332 310 1375 bus
332 1341 546 1376 terrenam
569 1332 684 1376 viam
699 1365 711 1386 ‚
737 1334 922 1374 Romam
945 1338 1220 1389 praecesserat
1237 1339 1287 1373 ut
1310 1331 1380 1390 jus
1407 1329 1617 1386 disceret,

228 1411 270 1446 et
298 1401 360 1445 ibi
385 1400 628 1460 gladiatorii
651 1400 887 1460 spectaculi
909 1401 1035 1444 hiatu
1055 1399 1303 1444 incredibili
1323 1409 1365 1444 et
1386 1400 1621 1445 incredibi-

227 1471 325 1516 liter
347 1470 555 1532 abreptus
585 1480 662 1515 est.
694 1473 808 1515 Cum
836 1470 952 1514 enim
974 1478 1242 1514 aversaretur
1263 1480 1306 1514 et
1335 1470 1622 1515 detestaretur

230 1541 352 1596 talia,
383 1540 564 1602 quidam
586 1542 676 1600 ejus
700 1541 824 1585 amici
845 1575 855 1595 ‚
882 1550 925 1584 et
952 1539 1238 1599 condiscipuli
1259 1575 1269 1595 ,
1295 1555 1396 1584 cum
1422 1541 1537 1585 forte
1566 1541 1622 1586 de

229 1610 410 1670 prandio
429 1611 712 1655 redeuntibus
735 1610 908 1670 pervius
931 1619 1064 1665 esset,
1090 1619 1364 1655 recusantem
1379 1611 1620 1654 vehemen-

229 1692 294 1727 ter
311 1692 354 1727 et
368 1683 637 1727 resistentem
656 1717 667 1737 ‚
688 1681 890 1726 familiari
911 1681 1118 1726 violentia
1140 1683 1360 1725 duxerunt
1381 1682 1428 1725 in
1449 1682 1621 1742 amphi—

229 1754 448 1797 theatrum
470 1752 713 1797 crudelium
738 1761 781 1796 et
802 1751 1078 1795 funestorum
1099 1751 1309 1796 ludorum
1327 1751 1482 1795 diebus
1498 1786 1510 1806 ‚
1528 1752 1622 1796 haec

231 1824 446 1869 dicentem
469 1843 477 1868 :
509 1843 527 1866 ι(
555 1823 598 1868 Si
620 1839 778 1882 corpus
810 1838 958 1867 meum
978 1823 1024 1866 in
1046 1822 1170 1866 illum
1192 1823 1337 1867 locum
1361 1823 1552 1877 trahitis,
1578 1832 1622 1867 et

233 1895 296 1938 ibi
319 1894 581 1939 constituitis
602 1929 612 1949 ,
651 1893 869 1953 numquid
906 1901 948 1936 et
970 1893 1164 1935 animum
1195 1901 1237 1935 et
1259 1891 1408 1936 oculos
1432 1908 1551 1937 meos
1578 1893 1624 1936 in

229 1965 303 2010 illa
324 1963 572 2025 spectacula
600 1964 777 2023 potestis
798 1962 1057 2006 intendere?
1090 1962 1233 2006 Adero
1260 1964 1408 2022 itaque
1431 1963 1586 2007 absens
1606 1998 1617 2017 ‚

232 2052 280 2081 ac
295 2036 354 2080 sic
370 2045 413 2080 et
428 2050 504 2080 vos
526 2044 570 2079 et
588 2034 662 2078 illa
679 2033 909 2094 superabo.
941 2054 958 2073 »
984 2032 1147 2086 Quibus
1179 2032 1335 2077 auditis
1355 2068 1366 2088 ,
1401 2032 1464 2076 illi
1487 2033 1623 2078 nihilo

231 2108 369 2152 secius
398 2121 500 2150 eum
538 2104 815 2148 adduxerunt
848 2118 995 2147 secum
1012 2137 1023 2157 ,
1047 2102 1237 2161 idipsum
1261 2102 1373 2147 forte
1402 2103 1624 2161 explorare

238 2178 466 2238 cupientes
481 2212 492 2232 ,
515 2185 664 2220 utrum
687 2183 831 2235 posset
853 2174 1038 2218 efficere.
1068 2173 1196 2226 Quod
1220 2173 1296 2217 ubi
1328 2184 1511 2218 ventum
1535 2183 1621 2229 est,

235 2259 278 2294 et
300 2248 475 2293 sedibus
499 2248 660 2307 quibus
681 2254 921 2306 potuerunt
939 2244 1068 2288 locati
1089 2253 1205 2298 sunt,
1227 2243 1455 2288 fervebant
1476 2245 1624 2289 omnia

240 2319 557 2364 immanissimis
579 2317 890 2377 voluptatibus.
911 2315 989 2360 Ille
1006 2315 1160 2360 clausis
1178 2314 1343 2359 foribus
1363 2316 1591 2360 oculorum
1610 2351 1621 2371 ,

239 2391 459 2436 interdixit
477 2391 639 2442 animo,
665 2404 720 2433 ne
736 2389 781 2432 in
804 2397 923 2432 tanta
949 2387 1062 2431 mala
1084 2385 1354 2447 procederet,
1382 2396 1512 2447 atque
1535 2388 1623 2432 uti-

242 2477 342 2506 nam
379 2470 422 2505 et
458 2476 579 2505 aures
608 2458 909 2504 obturavisset.
943 2460 1052 2503 Nam
1085 2457 1274 2518 quodam
1307 2473 1468 2517 pugnae
1498 2474 1620 2509 casu,
