1871 3162
313 208 397 248 520
743 220 777 247 s.
812 217 1040 247 Aucusnm
1071 216 1251 247 nrrscom

310 294 416 331 cunt
431 320 443 342 ,
470 293 583 330 recte
601 284 759 331 dicitur
780 287 869 345 ipse
889 285 1170 346 requiescere.
1196 286 1304 331 Nam
1323 283 1444 345 quod
1466 282 1522 328 ad
1541 284 1682 344 ipsum

311 357 465 401 attinet
479 390 490 410 ‚
514 357 811 416 pausationem
833 370 922 401 non
943 356 1120 416 quaerit,
1141 356 1242 417 quia
1262 356 1457 400 laborem
1474 369 1564 399 non
1584 369 1685 400 sen-

311 427 378 470 tit.
403 427 525 470 Fecit
555 436 700 472 autem
721 426 866 471 omnia
899 442 975 486 per
1012 426 1207 471 Verbum
1241 441 1369 471 suum
1395 434 1468 471 :et
1487 425 1686 470 Verbum

310 498 402 556 ejus
418 496 507 556 ipse
527 497 742 551 Christus,
777 496 823 539 in
853 510 942 556 quo
981 496 1258 555 requiescunt
1279 494 1435 555 Angeli
1461 503 1504 539 et
1537 510 1687 540 omnes

311 566 506 612 coelestes
526 567 796 611 mundissimi
818 566 992 626 spiritus
1012 567 1058 610 iu
1075 575 1223 612 sancto
1240 565 1424 611 silentio.
1446 567 1589 611 Homo
1609 581 1690 610 au-

311 645 399 680 tem
421 645 599 695 peccato
632 638 775 696 lapsus
796 636 987 695 perdidit
1015 637 1231 697 requiem,
1267 650 1400 696 quam
1421 635 1613 680 habebat
1641 635 1690 680 in

312 707 403 765 ejus
420 706 667 760 Divinitate‚
685 715 728 750 et
744 707 895 765 recipit
913 721 1007 751 eam
1022 707 1067 750 in
1083 707 1173 766 ejus
1186 707 1458 751 humanitate
1475 721 1484 747 ε
1502 705 1690 764 ideoque

311 785 556 836 opportuno
578 785 787 836 tempore,
805 792 894 837 quo
913 777 1003 835 ipse
1023 777 1185 822 sciebat
1205 786 1404 837 oportere
1424 777 1539 831 fieri,
1556 776 1691 821 homo

311 845 449 891 factus
472 856 515 891 et
536 847 591 891 de
612 845 793 891 foemina
814 855 941 891 natus
965 856 1044 891 est.
1068 851 1105 892 A
1127 863 1254 892 carne
1283 848 1446 907 quippe
1475 846 1691 891 contami-

311 917 404 960 nari
425 932 514 961 non
536 925 723 976 poterat,
742 917 833 976 ipse
854 931 1027 961 carnem
1047 917 1192 976 potius
1212 917 1516 961 mundaturus.
1544 919 1691 975 Ipsum

314 987 482 1047 antiqui
513 987 650 1031 sancti
676 995 908 1031 venturum
927 987 973 1030 in
995 986 1258 1031 revelatione
1281 985 1463 1044 Spiritus
1484 999 1695 1043 cognove-

313 1066 416 1100 runt
430 1092 441 1112 ‚
468 1065 511 1100 et
531 1057 903 1116 prophetaverunt
930 1075 939 1100 :
963 1065 1006 1100 et
1028 1056 1087 1100 sic
1108 1056 1211 1100 salvi
1234 1055 1336 1100 facti
1354 1064 1455 1100 sunt
1475 1055 1693 1100 credendo

312 1126 413 1186 quia
431 1126 590 1181 veniet,
611 1126 721 1170 sicut
737 1141 816 1170 nos
832 1125 936 1169 salvi
954 1125 1168 1170 efficimur
1185 1124 1403 1170 credendo
1419 1126 1522 1184 quia
1540 1124 1659 1168 venit
1679 1143 1689 1169 z

313 1205 362 1240 ut
383 1195 659 1256 diligeremus
680 1199 818 1240 Deum
837 1231 847 1251 ‚
873 1196 949 1255 qui
973 1198 1031 1240 sic
1054 1211 1130 1240 nos
1152 1195 1326 1251 dilexit,
1347 1204 1397 1240 ut
1421 1195 1600 1240 unicum
1624 1194 1693 1238 Fi-

311 1266 422 1310 lium
450 1282 577 1311 suum
613 1267 825 1320 mitteret,
857 1267 934 1326 qui
956 1265 1204 1310 humilitate
1235 1275 1394 1310 nostrae
1422 1265 1694 1310 mortalitatis

312 1335 507 1390 indutus,
529 1346 572 1381 et
589 1353 611 1381 a
626 1336 927 1396 peccatoribus
947 1345 990 1380 et
1011 1351 1090 1395 pro
1113 1336 1412 1395 peccatoribus
1432 1344 1688 1380 moreretur.

313 1407 411 1450 Jam
443 1406 558 1450 enim
581 1405 684 1450 olim
711 1406 766 1450 ab
788 1406 1042 1450 ineuntibus
1068 1404 1234 1451 saeculis
1256 1405 1449 1462 mysterii
1470 1405 1601 1464 hujus
1627 1404 1692 1448 al-

312 1476 455 1521 titudo
475 1477 742 1536 praefigurari
764 1476 1134 1535 praenuntiarique
1155 1490 1245 1519 non
1272 1482 1423 1519 cessat.

313 1640 1690 1660 mmmmmmmmmmmmmmmmmmwww

789 1771 1005 1821 CAPUT
1049 1773 1235 1820 xvln.

312 1926 387 1973 De
410 1926 614 1971 hominis
637 1935 682 1970 et
698 1941 856 1970 reram
869 1923 1078 1969 aliarum
1100 1926 1344 1969 creatione
1366 1924 1483 1982 quid
1492 1923 1693 1970 ereden-

371 1995 499 2041 dum.
535 2022 591 2029 —
625 1995 789 2040 Homo
827 1996 876 2039 in
911 1993 1147 2054 paradiso
1189 1995 1484 2039 constitutus.
1511 2022 1566 2029 —
1595 1995 1695 2040 Car

371 2076 561 2112 oreatus
594 2068 678 2125 qui
712 2064 1063 2125 paesciebatur
1096 2075 1399 2124 peccaturas.
1424 2091 1483 2100 —
1503 2065 1692 2124 Lapsas

371 2137 575 2183 hominis
598 2146 644 2181 et
661 2135 826 2198 angeli
839 2134 960 2181 nihil
976 2135 1084 2181 Deo
1106 2137 1281 2180 nocuit.

371 2295 536 2338 XXIX.
563 2297 768 2347 QuomAM
790 2295 904 2337 Deus
926 2291 1223 2350 omnipotens,
1258 2300 1301 2336 et
1322 2292 1463 2336 bonus
1485 2301 1529 2337 et
1549 2293 1693 2352 justus

315 2373 358 2407 et
391 2363 630 2407 misericors
649 2397 660 2418 ‚
686 2363 763 2423 qui
790 2361 893 2406 fecit
930 2361 1075 2406 omnia
1105 2361 1249 2416 bona,
1290 2361 1378 2406 sive
1414 2377 1572 2421 magna
1604 2363 1692 2408 sive

315 2447 467 2492 parva,
493 2434 581 2479 sive
598 2449 765 2478 summa
784 2433 871 2478 sive
891 2432 1038 2476 infima
1055 2452 1067 2490 3
1091 2432 1179 2476 sive
1199 2447 1299 2490 quae
1319 2433 1545 2487 videntur,
1565 2433 1692 2478 sicuti

317 2510 417 2547 sunt
450 2503 610 2549 coelum
634 2513 675 2548 et
702 2512 810 2548 terra
840 2511 882 2547 et
902 2517 1020 2547 mare
1035 2537 1046 2557 ‚
1072 2510 1113 2545 et
1144 2502 1188 2545 in
1210 2501 1322 2546 coelo
1343 2501 1405 2546 sol
1429 2511 1471 2546 et
1494 2501 1619 2557 luna,
1649 2511 1691 2547 et
