1871 3162
492 269 542 295 ne
575 266 897 296 CATECleANms
930 266 1119 294 annisus.
1409 255 1490 293 509

131 332 250 393 quod
277 333 437 392 majore
467 331 756 377 sollicitudine
788 330 1028 376 curandum
1059 338 1137 384 est,
1171 339 1218 374 ut
1238 331 1322 374 sint
1343 329 1496 375 fratres

132 403 282 458 nostri,
315 416 459 448 coram
479 403 605 448 nobis
626 402 772 448 sedere
792 418 882 447 non
903 401 1104 457 facimus;
1128 408 1172 444 et
1191 400 1332 458 ipsum
1353 400 1503 445 Domi-

134 489 242 518 num
262 482 475 528 nostrum,
501 474 570 517 cui
593 474 794 518 assistunt
815 472 984 532 Angeli,
1007 472 1157 516 sedens
1179 471 1333 514 mulier
1357 470 1506 515 audie-

136 543 268 586 bat1‘?
300 545 410 587 Sane
428 542 462 586 si
478 551 552 587 aut
567 542 708 587 brevis
730 558 869 587 sermo
890 541 1063 586 futurus
1086 549 1164 594 est,
1190 548 1265 583 aut
1287 540 1507 584 concessui

138 611 257 656 locus
268 627 357 657 non
368 621 431 656 est
442 621 584 670 aptus,
594 621 753 656 stantes
762 612 940 656 audiant
951 632 962 669 3
978 610 1051 654 sed
1059 625 1159 654 cum
1172 607 1294 652 multi
1310 608 1509 663 audiunt,

139 690 183 725 et
203 697 291 726 non
312 690 418 725 tunc
433 681 648 726 initiandi.
669 685 778 727 Nam
800 696 899 725 cum
916 696 1044 735 unus,
1064 689 1136 723 aut
1153 679 1258 732 duo,
1280 688 1355 722 aut
1370 678 1515 737 pauciss

140 750 217 810 qui
233 759 460 809 propterea
478 760 694 795 venerunt
716 759 765 794 ut
790 749 1021 794 Christiani
1042 750 1165 803 fiant,
1195 747 1432 807 periculose
1452 747 1519 790 lo-

144 819 319 879 quimur
336 820 564 865 stantibus.
587 824 750 864 Tamen
770 820 804 864 si
817 821 908 879 jam
927 819 985 864 sic
1006 819 1232 878 coepimUS‚
1256 816 1407 862 saltem
1429 815 1522 860 ani-

144 888 372 933 madverso
391 889 597 933 auditoris
615 890 762 944 taedio,
781 899 824 933 et
840 888 1063 933 offerenda
1084 887 1211 932 sessio
1232 896 1312 941 est,
1333 887 1524 929 imovero

147 973 320 1016 prorsus
341 959 564 1017 urgendus
586 968 634 1002 ut
658 957 818 1012 sedeat,
840 967 881 1001 et
904 957 1138 1001 dicendum
1160 955 1323 1014 aliquid
1347 970 1434 1014 quo
1457 969 1527 997 re-

147 1037 348 1082 novetur,
368 1043 457 1086 quo
474 1028 604 1072 etiam
619 1043 720 1072 cura
732 1062 744 1081 ,
769 1028 803 1070 si
816 1042 902 1086 qua
918 1026 1030 1070 forte
1048 1026 1214 1068 irruens
1230 1039 1331 1067 eum
1348 1039 1527 1068 avocare

147 1105 354 1156 coeperat,
377 1096 516 1154 fugiat
542 1112 595 1141 ex
617 1097 776 1141 animo.
799 1098 912 1142 Cum
929 1095 1042 1139 enim
1066 1109 1205 1139 causae
1229 1093 1406 1137 incertae
1428 1093 1530 1146 sint,

148 1181 225 1210 cur
237 1167 328 1226 jam
350 1167 506 1210 tacitus
527 1176 695 1211 recuset
718 1165 881 1219 audire,
899 1167 988 1225 jam
1007 1165 1173 1208 sedenti
1196 1163 1359 1223 aliquid
1377 1162 1531 1205 adver-

150 1250 220 1279 sus
232 1235 469 1279 incidentes
482 1236 763 1294 cogitationes
778 1233 1047 1279 saecularium
1060 1233 1330 1291 negotiorum
1346 1230 1531 1286 dicatur,

152 1312 228 1348 aut
246 1303 390 1359 hilari,
426 1313 476 1348 ut
506 1304 610 1359 dixi,
633 1315 709 1350 aut
730 1304 839 1348 tristi
867 1303 997 1348 modo
1016 1322 1025 1346 z
1062 1312 1110 1346 ut
1131 1303 1165 1345 si
1185 1302 1289 1360 ipsae
1310 1310 1411 1345 sunt
1432 1315 1533 1359 quae

153 1383 343 1418 mentem
360 1384 694 1433 occupaverant,
712 1374 867 1419 cedant
883 1374 1003 1434 quasi
1020 1373 1274 1417 nominatim
1296 1379 1507 1416 accusatae
1523 1390 1534 1425 3

154 1445 189 1488 si
207 1453 351 1489 autem
367 1445 470 1503 ipsae
487 1461 577 1490 non
594 1454 712 1499 sunt,
736 1454 780 1489 et
801 1444 1018 1489 audiendo
1037 1443 1241 1502 fatigatus
1263 1451 1341 1496 est,
1367 1457 1463 1486 cum
1483 1441 1538 1484 de

156 1512 238 1558 illis
261 1524 470 1573 tanquam
493 1515 597 1573 ipsae
614 1515 715 1567 sint,
740 1513 1115 1573 (quandoquidem
1135 1515 1419 1570 ignoramus‚)
1442 1511 1539 1554 ino-

157 1584 357 1644 pinatum
381 1584 546 1644 aliquid
574 1593 617 1628 et
639 1585 1043 1638 extraordinarium,
1075 1599 1125 1627 eo
1151 1583 1283 1627 modo
1305 1598 1393 1641 quo
1430 1581 1537 1635 dixi,

158 1654 398 1714 loquimur,
429 1670 452 1697 a
480 1653 610 1698 taedio
638 1663 871 1699 renovatur
899 1654 1096 1698 intentio.
1131 1652 1215 1697 Sed
1248 1661 1291 1695 et
1316 1651 1447 1695 breve
1468 1653 1538 1706 sit,

159 1724 343 1768 maxime
359 1722 463 1782 quia
484 1731 601 1766 extra
622 1722 819 1766 ordinem
841 1723 1058 1777 inseritur,
1083 1738 1138 1765 ne
1158 1722 1358 1765 morbum
1383 1720 1543 1765 fastidii

162 1795 233 1838 cui
262 1794 490 1837 subvenire
522 1792 740 1848 volumus,
780 1793 908 1837 etiam
941 1801 1096 1851 augeat
1124 1792 1213 1850 ipsa
1236 1789 1476 1834 medicina:
1501 1798 1546 1833 et

165 1863 442 1909 acceleranda
463 1873 565 1908 sunt
580 1873 750 1918 caetera,
776 1872 819 1908 et
835 1861 1153 1923 promittendus
1175 1870 1305 1920 atque
1331 1860 1543 1904 exhiben-

167 1934 248 1979 dus
264 1934 361 1978 finis
378 1934 675 1993 propinquior.

216 2037 225 2054 ¹
246 2032 324 2071 Luc,
340 2040 373 2070 x,
391 2030 446 2097 39.

378 2635 550 2668 cxxxii.
1337 2626 1387 2664 33
