1871 3162
286 180 369 220 542
716 191 748 216 s.
784 188 1014 218 Auensnm
1046 190 1227 218 muscum

279 264 327 300 ut
349 255 473 315 quasi
494 266 667 298 securus
686 253 788 299 talia
808 253 956 310 faciaS,
979 254 1172 299 multum
1189 269 1303 300 erras
1321 274 1330 300 2
1354 270 1435 300 nec
1456 257 1537 299 tihi
1557 271 1661 316 pro-

277 323 391 370 derit
402 338 563 370 nomen
576 324 751 381 Christi,
769 338 871 369 cum
888 326 1073 385 coeperit
1088 324 1162 370 ille
1173 325 1437 371 severissime
1445 325 1661 385 judicare,

278 397 354 455 qui
368 396 485 455 prius
499 394 702 454 dignatus
716 404 780 440 est
791 394 1184 441 misericordissime
1201 396 1448 441 subvenire.
1462 394 1667 440 Praedixit

281 465 398 511 enim
412 465 509 521 ista,
525 474 570 511 et
585 467 645 510 ait
658 467 704 509 in
720 464 957 524 Evangelio
975 484 985 511 ε
1010 468 1143 512 «Non
1162 467 1301 511 omnis
1321 465 1399 526 qui
1420 466 1525 510 dicit
1539 465 1667 510 mihi:

284 554 305 578 »
339 536 536 591 Domine,
567 536 768 592 Domine,
791 536 973 581 intrabit
992 536 1038 580 in
1058 551 1243 595 regnum
1264 535 1493 591 coelorum,
1523 535 1598 580 sed
1634 536 1669 580 is

281 624 304 649 »
336 607 414 667 qui
434 606 539 652 facit
558 606 829 652 voluntatem
852 606 989 652 Patris
1013 607 1114 651 mei.
1152 606 1282 652 Multi
1312 606 1456 651 dicent
1483 605 1591 649 mihi
1623 606 1670 650 in

278 694 300 719 »
333 676 408 720 issa
426 676 498 720 die
518 695 527 721 :
557 678 757 732 Domine,
791 677 991 732 Domine,
1017 678 1062 721 in
1084 677 1260 721 nomine
1284 686 1361 721 tuo
1382 674 1668 721 manducavi-

276 765 298 788 »
333 761 428 791 mus
449 756 494 791 et
512 747 703 791 bibimus
718 750 749 790 ².
769 749 1021 793 »Omnibus
1045 763 1147 807 ergo
1170 749 1248 808 qui
1266 749 1313 792 in
1334 747 1496 796 talibus
1523 746 1671 806 operi-

274 816 357 861 bus
393 826 685 876 perseverant,
728 817 953 862 damnatio
985 818 1083 861 finis
1113 827 1192 863 est.
1228 819 1340 863 Cum
1373 833 1478 876 ergo
1511 816 1671 861 videris

274 886 437 932 multos
458 902 548 932 non
564 886 706 932 solum
725 888 820 932 haec
842 886 1000 943 facere,
1024 886 1101 932 sed
1122 888 1253 931 etiam
1275 886 1515 931 defendere
1537 895 1673 946 atque

276 955 475 1013 suadere,
497 966 597 1001 tene
619 965 662 1001 te
679 955 735 1001 ad
754 956 896 1016 legem
912 957 1010 1010 Dei,
1030 967 1075 1002 et
1089 972 1181 1002 non
1202 957 1392 1016 sequaris
1415 957 1675 1015 praevarica-

276 1035 391 1072 tores
405 1029 514 1087 ejus.
528 1029 628 1073 Non
642 1027 759 1071 enim
773 1026 1016 1072 secundum
1031 1025 1209 1072 illorum
1222 1040 1414 1081 sensum,
1427 1025 1504 1071 sed
1521 1040 1672 1071 secun-

278 1097 387 1142 dum
404 1092 520 1142 illius
535 1097 766 1143 veritatem
780 1097 1062 1157 judicaberis.

339 1169 498 1213 XLIX.
533 1170 812 1228 Conjungere
839 1167 982 1223 bonis,
1006 1182 1116 1227 quos
1131 1167 1252 1211 vides
1271 1181 1416 1211 amare
1434 1175 1582 1211 tecum
1603 1181 1674 1210 re-

280 1251 379 1296 gem
412 1247 557 1282 tuum.
581 1237 746 1283 Multos
772 1238 889 1283 enim
911 1238 1168 1283 inventurus
1188 1252 1249 1292 es,
1274 1238 1309 1281 si
1330 1246 1374 1282 et
1395 1246 1445 1282 tu
1466 1236 1564 1281 talis
1585 1250 1675 1280 esse

281 1308 479 1367 coeperis.
510 1310 620 1353 Nam
646 1308 682 1352 si
708 1309 754 1352 in
786 1307 1042 1368 spectaculis
1065 1323 1166 1353 cum
1188 1306 1271 1352 inis
1295 1322 1385 1352 esse
1406 1306 1611 1365 cupiebas
1633 1313 1678 1350 et

277 1378 338 1423 eis
367 1379 597 1435 inhaerere,
622 1380 700 1438 qui
721 1388 867 1424 tecum
886 1378 957 1424 vel
978 1379 1191 1438 aurigam,
1217 1377 1284 1422 vel
1311 1385 1582 1432 venatorem,
1607 1374 1678 1420 vel

280 1448 473 1508 aliquem
490 1450 747 1494 histrionem
777 1449 906 1494 simul
938 1449 1171 1506 amabant,
1196 1456 1363 1508 quanto
1378 1447 1515 1506 magis
1537 1455 1580 1490 te
1597 1445 1677 1490 de-

277 1518 437 1564 lectare
460 1519 593 1565 debet
619 1535 771 1565 eorum
789 1520 1061 1579 conjunctio,
1086 1519 1163 1578 qui
1179 1527 1327 1562 tecum
1344 1525 1493 1561 amant
1515 1519 1674 1571 Deum,

280 1589 337 1633 de
357 1606 448 1649 quo
469 1606 699 1650 nunquam
721 1591 949 1634 erubescet
975 1598 1142 1633 amator
1165 1589 1272 1647 ejus,
1297 1588 1401 1648 quia
1425 1602 1517 1631 non
1536 1585 1677 1631 solum

279 1658 371 1716 ipse
388 1675 479 1704 non
500 1669 644 1716 potest
660 1661 793 1710 vinci,
818 1660 894 1699 sed
910 1660 1043 1699 etiam
1063 1658 1293 1702 dilectores
1314 1672 1415 1703 suos
1435 1656 1591 1701 reddet
1606 1658 1678 1700 in·-

279 1728 434 1773 victos.
461 1729 550 1773 Nec
568 1735 718 1770 tamen
739 1726 870 1769 etiam
891 1726 938 1769 in
954 1725 1056 1785 ipsis
1076 1725 1218 1780 bonis,
1247 1726 1324 1784 qui
1346 1735 1389 1769 te
1411 1727 1480 1770 vel
1511 1742 1679 1785 praece-

281 1798 396 1842 dunt
414 1797 487 1843 vel
509 1797 589 1841 tibi
618 1796 883 1841 comitantur
904 1795 960 1840 ad
982 1799 1138 1851 Deum,
1175 1811 1297 1855 spem
1318 1805 1441 1841 tuam
1466 1795 1679 1841 collocare

283 1866 432 1923 debes,
459 1867 562 1927 quia
580 1881 661 1911 nec
682 1866 729 1910 in
749 1875 794 1910 te
814 1866 907 1925 ipso
933 1865 1065 1910 debes
1085 1875 1496 1926 quantumcumque
1526 1864 1678 1926 profe-

282 1938 406 1994 ceris,
431 1936 508 1982 sed
534 1937 581 1982 in
601 1936 677 1981 illo
699 1937 776 1996 qui
797 1951 870 1980 eos
889 1945 933 1980 et
953 1945 997 1980 te
1013 1936 1295 1996 justificando
1314 1935 1421 1981 tales
1447 1934 1569 1981 facit.
1597 1938 1678 1981 Se·-

281 2023 413 2053 curus
435 2023 480 2052 es
496 2008 613 2052 enim
630 2006 684 2052 de
702 2010 808 2062 Deo,
827 2007 928 2066 quia
947 2021 1038 2051 non
1061 2015 1258 2050 mutatur
1276 2026 1285 2051 :
1310 2006 1366 2051 de
1386 2007 1565 2053 homine
1597 2022 1678 2051 au·-

283 2088 373 2124 'tem
389 2093 520 2123 nemo
536 2078 777 2138 prudenter
799 2092 975 2122 securus
997 2085 1076 2121 est.
1099 2076 1183 2121 Sed
1204 2077 1237 2119 si
1259 2075 1355 2120 illos
1378 2077 1455 2135 qui
1476 2076 1677 2121 nondum

280 2149 387 2208 justi
408 2157 526 2203 sunt,
551 2162 694 2192 amare
716 2146 928 2191 debemus
951 2155 1001 2190 ut
1018 2146 1130 2203 sint3
1162 2155 1329 2205 quanto
1350 2145 1573 2189 ardentius
1599 2145 1678 2206 qui

281 2220 375 2278 jam
400 2228 518 2274 sunt,
552 2218 726 2262 amandi
747 2227 861 2261 sunt.
890 2216 975 2262 Sed
991 2216 1111 2260 aliud
1132 2227 1195 2260 est
1224 2215 1402 2273 diligere
1432 2216 1674 2271 hominem,

289 2288 408 2333 aliud
421 2303 542 2348 spem
558 2302 718 2346 ponere
734 2287 781 2330 in
798 2286 973 2330 homine
987 2307 996 2343 3
1016 2295 1278 2345 tantumque
1289 2286 1482 2340 interest,
1499 2293 1549 2329 ut
1565 2283 1677 2329 illud

289 2361 403 2404 Deus
415 2360 585 2419 jubeat,
606 2359 688 2402 hoc
708 2357 953 2416 prohibeat.
978 2357 1021 2401 Si
1039 2365 1186 2400 autem
1200 2356 1364 2415 aliquas
1391 2355 1460 2399 vel
1490 2354 1677 2400 insulta-

289 2428 427 2472 tiones
458 2427 527 2473 vel
560 2426 861 2471 tribulationes
897 2441 975 2484 pro
1005 2425 1181 2470 nomine
1217 2424 1375 2470 Christi
1404 2439 1552 2483 passus
1585 2438 1674 2468 non

337 2519 345 2535 ¹
364 2511 485 2545 Matth.
501 2523 559 2552 vn,
579 2520 615 2544 21
636 2516 667 2543 et
687 2519 742 2543 22.
