1871 3162
356 209 436 245 102
793 223 824 247 s.
860 221 1091 248 Aucus-run
1121 223 1302 250 nuscum

347 292 434 327 tem
448 293 512 338 tu,
529 299 623 343 spes
639 300 734 328 mea
755 294 797 329 et
811 285 952 344 portio
963 300 1057 329 mea
1074 286 1119 329 in
1137 294 1250 330 terra
1262 286 1543 340 viventium1‚
1561 285 1614 329 ad
1631 301 1729 329 mu-

349 354 532 398 tandum
562 363 774 398 terrarum
795 353 941 398 locum
970 370 1048 413 pro
1070 354 1206 399 salute
1224 357 1378 399 animae
1398 371 1506 399 meae
1520 390 1530 410 ,
1556 364 1599 398 et
1620 356 1728 399 Car—

346 424 514 483 thagini
541 424 736 469 stimulos
781 424 940 484 quibus
970 424 1072 468 inde
1096 424 1329 480 avellerer,
1363 425 1648 479 admovebas,
1686 434 1730 468 et

345 498 496 539 Romae
517 493 740 539 illecebras
761 494 920 554 quibus
941 495 1179 538 attraherer
1197 529 1208 550 ,
1231 495 1506 554 proponebas
1530 495 1633 538 mihi
1654 509 1729 554 per

343 565 541 609 homines
563 565 640 624 qui
660 563 847 622 diligunt
864 564 997 608 vitam
1013 574 1227 609 mortuam
1241 600 1251 619 ,
1277 565 1379 609 hinc
1400 565 1548 609 insana
1571 563 1730 608 facien-

339 644 418 689 tes,
438 634 540 678 inde
557 649 666 678 vana
684 633 938 693 pollicentes
956 654 966 690 3
987 643 1029 678 et
1052 634 1107 678 ad
1127 635 1406 694 corrigendos
1423 649 1589 692 gressus
1610 649 1730 679 meos

341 704 532 748 utebaris
563 703 734 748 occulte
761 712 805 747 et
837 702 1012 748 illorum
1036 713 1079 748 et
1112 719 1207 748 mea
1235 705 1529 763 perversitate.
1555 707 1663 749 Nam
1687 713 1730 748 et

339 775 416 834 qui
434 774 754 833 perturbabant
775 774 912 818 otium
930 789 1093 828 meum,
1116 772 1234 818 foeda
1251 775 1371 818 rabie
1386 775 1489 819 caeci
1512 784 1662 832 erant,
1687 784 1730 818 et

339 845 414 904 qui
437 844 681 888 invitabant
703 844 759 888 ad
777 843 913 899 aliud,
938 853 1098 888 terram
1119 844 1359 903 sapiebant.
1382 847 1476 903 Ego
1491 854 1635 888 autem
1653 845 1729 904 qui

342 913 589 958 detestabar
622 914 693 958 hic
713 928 861 958 veram
892 914 1107 958 miseriam
1127 949 1138 969 ,
1174 914 1264 959 illic
1294 913 1445 958 falsam
1478 914 1729 959 felicitatem
1766 935 1769 936 ⁷

341 985 615 1045 appetebam.

396 1058 493 1100 XV.
524 1055 609 1100 Sed
629 1071 764 1116 quare
786 1056 888 1100 hinc
911 1055 1074 1099 abirem
1091 1091 1102 1109 ,
1127 1064 1170 1100 et
1187 1056 1292 1100 illuc
1311 1056 1441 1109 irem,
1475 1064 1524 1098 tu
1547 1056 1726 1110 sciebas,

336 1128 450 1169 Deus
468 1146 479 1181 3
499 1140 579 1168 nec
600 1124 822 1167 indicabas
840 1126 946 1166 mihi
977 1138 1057 1166 nec
1079 1125 1228 1177 matri,
1255 1140 1354 1183 quae
1386 1139 1456 1167 me
1483 1123 1727 1183 profectum

339 1196 542 1240 atrociter
564 1194 733 1253 planxit
755 1202 798 1237 et
819 1209 958 1252 usque
981 1193 1035 1237 ad
1060 1209 1177 1237 mare
1198 1204 1345 1238 secuta
1365 1204 1441 1238 est.
1481 1194 1564 1239 Sed
1591 1193 1729 1239 fefelli

340 1280 434 1309 eam
451 1265 666 1309 violenter
688 1279 756 1307 me
781 1273 1000 1307 tenentem
1013 1299 1024 1316 ,
1051 1273 1100 1306 ut
1117 1273 1193 1307 aut
1213 1274 1447 1317 revocaret,
1466 1273 1540 1308 aut
1558 1280 1729 1309 mecum

339 1344 566 1393 pergeret,
588 1343 631 1377 et
652 1334 758 1377 finxi
780 1348 849 1376 me
867 1334 1055 1377 amicum
1072 1332 1188 1378 nolle
1211 1332 1422 1388 deserere,
1444 1334 1584 1378 donec
1599 1345 1729 1380 vento

340 1404 457 1449 facto
478 1404 714 1462 navigaret.
741 1406 798 1448 Et
819 1405 1027 1447 mentitus
1050 1418 1143 1446 sum
1168 1403 1322 1453 matri,
1346 1412 1389 1446 et
1414 1402 1478 1446 illi
1504 1404 1646 1459 matri,
1686 1415 1729 1449 et

339 1476 454 1520 evasi
473 1511 480 1520 ς
501 1476 602 1535 quia
625 1484 667 1518 et
680 1475 764 1518 hoc
777 1483 827 1518 tu
845 1473 1042 1517 dimisisti
1057 1474 1163 1517 mihi
1178 1474 1532 1528 misericorditer,
1554 1489 1728 1519 servans

338 1561 408 1589 me
431 1546 485 1590 ab
507 1546 628 1606 aquis
650 1545 778 1589 maris
807 1545 989 1604 plenum
1017 1544 1266 1589 execrandis
1289 1544 1490 1588 sordibus
1514 1561 1650 1605 usque
1673 1546 1727 1590 ad

337 1632 495 1677 aquam
516 1617 664 1676 gratiae
705 1625 816 1671 tuae,
851 1631 938 1676 qua
972 1631 1040 1659 me
1077 1614 1230 1659 abluto
1253 1616 1517 1659 siccarentur
1546 1617 1725 1660 flumina

336 1698 633 1732 maternorum
653 1686 879 1731 oculorum
898 1721 909 1740 ,
929 1686 1090 1746 quibus
1111 1701 1190 1746 pro
1213 1702 1283 1730 me
1301 1686 1496 1746 quotidie
1517 1687 1599 1730 tibi
1622 1688 1727 1745 riga-

338 1760 413 1804 bat
435 1769 594 1804 terram
613 1759 694 1802 sub
715 1757 842 1802 vultu
859 1773 952 1802 suo.
979 1759 1035 1801 Et
1049 1766 1196 1801 tamen
1219 1758 1437 1802 recusanti
1452 1759 1544 1802 sine
1565 1773 1635 1801 me
1655 1773 1726 1802 re-

340 1830 432 1874 dire
458 1830 529 1874 vix
559 1829 748 1888 persuasi
770 1837 819 1871 ut
841 1829 887 1871 in
908 1827 1006 1872 loco
1025 1863 1036 1882 ,
1077 1829 1153 1888 qui
1182 1829 1402 1887 proximus
1436 1838 1594 1872 nostrae
1627 1829 1727 1872 navi

338 1910 430 1945 erat
456 1900 665 1945 memoria
685 1899 799 1943 beati
821 1899 1052 1958 Cypriani,
1083 1907 1280 1942 maneret
1311 1914 1359 1942 ea
1391 1908 1534 1942 nocte.
1571 1901 1655 1944 Sed
1677 1915 1727 1943 ea

339 1981 467 2016 nocte
504 1970 706 2015 clanculo
729 1986 809 2028 ego
833 1969 1056 2028 profectus
1078 1984 1174 2012 sum
1200 1987 1209 2012 ι
1237 1967 1311 2012 illa
1340 1978 1484 2012 autem
1522 1971 1727 2014 remansit

338 2042 505 2087 orando
522 2051 565 2085 et
582 2040 746 2085 flendo.
772 2043 828 2083 Et
850 2039 957 2099 quid
972 2055 995 2083 a
1011 2049 1054 2083 te
1076 2040 1268 2098 petebat,
1290 2042 1403 2083 Deus
1426 2054 1570 2094 meus,
1596 2041 1726 2085 tantis

336 2111 564 2170 lacrymis,
602 2111 684 2155 nisi
719 2120 769 2154 ut
804 2110 1007 2169 navigare
1038 2125 1108 2153 me
1130 2125 1220 2153 non
1241 2110 1430 2153 sineres?
1458 2110 1542 2154 Sed
1570 2119 1620 2154 tu
1641 2110 1726 2155 alte

336 2181 588 2234 consulens,
612 2190 656 2224 et
677 2179 909 2224 exaudiens
932 2178 1154 2223 cardinem
1176 2179 1377 2223 desiderii
1398 2180 1511 2239 ejus,
1536 2196 1726 2224 noncu-

340 2255 441 2298 rasti
463 2251 584 2312 quod
620 2261 727 2295 tunc
748 2250 924 2310 petebat
939 2285 950 2304 ‚
971 2259 1021 2294 ut
1048 2251 1094 2294 in
1123 2265 1191 2293 me
1218 2248 1382 2294 faceres
1414 2250 1535 2309 quod
1556 2265 1724 2310 semper

335 2323 525 2383 petebat.
548 2322 691 2366 Flavit
710 2331 889 2371 ventus,
923 2330 965 2364 et
993 2319 1191 2380 implevit
1211 2318 1306 2363 vela
1339 2328 1483 2363 nostra
1498 2354 1509 2373 ,
1535 2329 1579 2363 et
1598 2319 1722 2364 littus

335 2394 550 2438 subtraxit
577 2393 820 2452 aspectibus
842 2392 997 2436 nostris
1023 2410 1032 2436 :
1054 2393 1099 2434 in
1121 2407 1209 2450 quo
1228 2405 1353 2434 mane
1375 2390 1449 2434 illa
1480 2391 1721 2435 insaniebat

333 2463 483 2508 dolore
499 2499 509 2517 ,
535 2473 577 2508 et
595 2463 779 2522 querelis
795 2478 843 2506 ac
859 2462 1020 2520 gemitu
1037 2460 1245 2520 implebat
1263 2475 1385 2504 aures
1406 2470 1500 2504 tuas
1521 2470 1720 2504 contem—

385 2551 397 2566 ¹
417 2548 641 2580 P÷a1.c.m.ss.
