1871 3162
559 217 907 254 CONFssssloNUM‚
942 218 1024 242 Lm.
1061 217 1101 241 v.
1441 197 1522 238 105

148 290 344 348 Dignaris
374 287 520 340 enim,
559 284 766 345 quoniam
792 282 836 325 in
858 280 1065 325 saeculum
1097 276 1384 321 misericordia
1421 285 1493 320 tua
1511 311 1521 331 ‚

148 362 206 404 eis
228 360 384 420 quibus
416 357 561 401 omnia
593 355 741 399 debita
762 352 942 397 dimittis
962 385 973 405 ,
1011 349 1140 393 etiarn
1170 346 1526 407 promissionibus

145 431 232 476 tuis
253 430 424 474 debitor
440 428 547 471 fieri.

148 606 704 626 WMMRAMMMSWMWVUMW!
708 604 846 621 ΜΜΛΜΝ
850 596 1514 620 mmmmmwwwwwmmwvuv

701 760 915 809 CAPUT
942 760 1005 806 X.

227 942 278 988 E
281 958 436 988 rrores
459 951 572 987 ante
595 950 869 1002 susceptam
884 936 1147 1000 Evangelii
1164 934 1450 981 doctrinam.

206 1115 373 1156 XVIII.
399 1116 640 1156 RECREASTI
663 1126 764 1167 ergo
787 1127 856 1154 me
880 1111 935 1154 ab
966 1109 1041 1153 illa
1071 1106 1352 1167 aegritudine,
1387 1115 1430 1149 et
1450 1105 1535 1149 sal-

147 1198 250 1227 vum
268 1181 405 1226 fecisti
428 1182 567 1224 filium
590 1179 758 1223 ancillae
780 1189 867 1222 tuae
883 1213 894 1232 ,
917 1188 1023 1221 tunc
1052 1177 1226 1220 interim
1250 1192 1431 1235 corpore
1449 1211 1459 1230 ,
1485 1185 1535 1219 ut

150 1262 258 1298 esset
280 1252 350 1296 cui
372 1252 554 1296 salutem
571 1250 792 1295 meliorem
809 1259 939 1309 atque
956 1248 1183 1292 certiorem
1201 1247 1338 1291 dares.
1360 1250 1415 1290 Et
1432 1248 1536 1306 jun-

151 1324 281 1382 gebar
302 1322 431 1365 etiam
454 1331 559 1365 tunc
581 1324 732 1364 Romae
751 1319 867 1364 falsis
891 1319 972 1362 illis
995 1327 1127 1379 atque
1147 1316 1397 1362 fallentibus
1412 1333 1535 1361 sanc·

148 1394 217 1437 tis.
256 1395 353 1438 Non
399 1393 515 1435 enim
553 1401 722 1436 tantum
764 1390 1034 1435 auditoribus
1076 1405 1227 1434 eorum
1246 1425 1256 1444 ‚
1298 1405 1486 1449 quorum
1511 1404 1535 1433 e

148 1477 331 1507 numero
349 1472 440 1506 erat
462 1462 592 1505 etiam
614 1462 646 1504 is
666 1462 711 1505 in
729 1462 850 1521 cujus
871 1460 1002 1505 domo
1021 1469 1330 1519 aegrotaveram
1354 1470 1398 1504 et
1427 1475 1533 1504 con-

148 1532 394 1590 valueram3
419 1532 493 1576 sed
516 1532 574 1575 eis
592 1532 721 1576 etiam
741 1547 850 1590 quos
866 1530 1024 1575 electos
1039 1539 1212 1574 vocant.
1239 1531 1397 1575 Adhuc
1420 1531 1535 1574 enim

148 1603 255 1647 mihi
282 1603 514 1646 videbatur
548 1618 638 1646 non
672 1617 761 1645 esse
784 1617 861 1646 nos
892 1602 968 1661 qui
995 1616 1246 1660 peccamus,
1287 1601 1361 1645 sed
1394 1601 1536 1645 nescio

149 1664 279 1732 quam
304 1672 431 1716 aliam
454 1673 499 1715 in
525 1672 650 1716 nobis
672 1687 849 1730 peccare
871 1681 1096 1728 naturam3
1123 1681 1166 1715 et
1194 1670 1439 1715 delectabat
1462 1687 1536 1714 su-

149 1743 345 1802 perbiam
377 1758 515 1786 meam
539 1751 655 1786 extra
679 1741 853 1801 culpam
882 1757 994 1799 esse3
1030 1751 1073 1785 et
1103 1757 1203 1785 cum
1239 1741 1399 1801 aliquid
1434 1740 1537 1785 mali

150 1812 368 1867 fecissem,
401 1828 489 1856 non
518 1812 716 1856 confiteri
748 1827 818 1855 me
853 1811 1025 1864 fecisse,
1062 1820 1111 1855 ut
1143 1827 1314 1855 sanares
1350 1811 1538 1854 animam

150 1898 314 1937 ineam,
340 1883 548 1941 quoniam
581 1882 790 1940 peccabat
818 1882 927 1938 tibi3
951 1882 1025 1925 sed
1063 1897 1264 1925 excusare
1291 1897 1386 1924 eam
1419 1897 1538 1924 ama-

151 1952 251 1996 bam
269 1986 279 2005 ‚
305 1961 348 1995 et
376 1966 574 1995 accusare
598 1951 740 1994 nescio
762 1951 870 2010 quid
891 1950 1010 1995 aliud
1032 1951 1153 2011 quod
1172 1966 1346 1995 mecum
1364 1961 1475 1995 esset
1497 1961 1540 1995 et

151 2038 230 2082 ego
249 2038 335 2066 non
356 2036 505 2065 essem.
534 2023 696 2064 Verum
714 2031 857 2065 autem
884 2031 1025 2065 totum
1049 2038 1130 2080 ego
1152 2038 1265 2066 eram
1287 2058 1297 2076 ,
1323 2031 1367 2066 et
1385 2022 1539 2066 adver-

150 2110 245 2138 sum
270 2109 340 2137 me
373 2092 570 2152 impietas
592 2108 688 2136 mea
709 2108 777 2136 me
800 2092 1001 2136 diviserat
1027 2113 1036 2137 ι
1061 2102 1103 2137 et
1125 2092 1170 2136 id
1199 2102 1290 2137 erat
1311 2103 1538 2152 peccatum

150 2163 449 2217 insanabilius,
471 2178 559 2222 quo
581 2178 651 2206 me
675 2172 945 2221 peccatorem
970 2178 1058 2207 non
1089 2177 1178 2207 esse
1201 2163 1441 2208 arbitrabar
1461 2185 1472 2221 3
1499 2173 1542 2207 et

152 2233 401 2278 execrabilis
440 2232 645 2292 iniquitas
672 2242 736 2287 te,
771 2236 885 2277 Deus
915 2233 1213 2292 omnipotens,
1244 2243 1287 2278 te
1318 2235 1363 2277 in
1393 2250 1463 2277 me
1486 2236 1542 2278 ad

152 2304 387 2364 perniciem
404 2318 562 2358 meam,
584 2318 714 2362 quam
730 2318 799 2346 me
814 2319 836 2346 a
855 2312 896 2347 te
914 2302 967 2347 ad
985 2303 1167 2348 salutem
1186 2303 1315 2347 malle
1330 2306 1541 2363 superari.

152 2374 357 2419 Nondum
378 2389 480 2432 ergo
496 2389 701 2432 posueras
721 2373 965 2418 custodiam
983 2375 1046 2418 ori
1065 2390 1179 2428 meo⁷
1198 2383 1240 2417 et
1259 2374 1418 2418 ostium
1433 2389 1542 2418 con-

155 2443 350 2488 tinentiae
372 2444 533 2487 circum
551 2443 666 2487 labia
692 2459 787 2487 mea
805 2478 816 2498 ,
851 2453 900 2487 ut
924 2459 1013 2487 non
1035 2443 1276 2488 declinaret
1297 2459 1370 2489 cor
1401 2460 1546 2489 meum

156 2513 202 2556 in
222 2513 353 2558 verba
375 2513 561 2571 maligna
579 2547 590 2568 ,
617 2513 670 2557 ad
695 2512 962 2558 excusandas
986 2515 1281 2558 excusationes
1302 2514 1344 2558 in
1366 2516 1548 2574 peccatis
