1871 3162
517 204 834 234 CONFESSIONUM
851 224 862 244 ‚
895 208 978 234 Lm.
1014 209 1073 233 VI.
1399 198 1480 236 115

108 364 1485 384 ΜὌἉΜΜΜΜΜΝΝᾺΝΚΜΝΝἋΜΜΜΜΜΜΜΜΙἏΜΝΙΜΜᾹΛΜΜΜΝΜ

628 497 664 544 C
672 499 705 543 A
717 498 798 545 PU
807 498 845 543 T
887 500 946 544 Ut

215 648 265 693 E
263 648 391 707 palte
409 659 454 694 et
472 651 673 709 synaxis
692 649 828 710 apud
844 650 1067 710 sepulcra
1081 652 1376 711 Martyrum.

166 810 224 850 ΙΙ.
261 810 422 860 ITAQUE
441 823 539 851 cum
560 807 615 851 ad
630 808 858 852 Memorias
875 818 1139 864 sanctorum,
1154 810 1265 854 sicut
1282 810 1327 853 in
1347 810 1489 855 Africa

109 876 296 931 solebat,
322 877 464 936 pultes
484 886 527 921 et
548 893 705 937 panem
729 887 771 922 et
797 893 967 922 merum
994 879 1233 935 attulisset,
1271 889 1401 940 atque
1436 882 1490 924 ab

107 947 280 991 ostiario
298 947 631 1006 prohiberetur3
656 948 734 991 ubi
756 949 840 993 hoc
862 948 1112 1009 episcopum
1130 951 1315 994 vetuisse
1333 967 1492 1010 cogno-

106 1016 185 1072 vit,
207 1026 295 1061 tam
313 1018 382 1076 pie
404 1027 534 1076 atque
551 1018 805 1062 obedienter
822 1019 1016 1078 amplexa
1040 1029 1118 1074 est,
1140 1029 1189 1064 ut
1211 1022 1300 1079 ipse
1317 1023 1493 1065 mirarer

107 1103 237 1147 quam
252 1088 380 1131 facile
394 1089 629 1132 accusatrix
647 1089 790 1147 potius
807 1091 1133 1134 consuetudinis
1151 1107 1239 1134 suae
1254 1094 1333 1149 (3),
1355 1108 1488 1151 quam

107 1159 381 1217 disceptatrix
402 1159 516 1202 illius
535 1159 838 1217 prohibitionis
856 1161 1012 1204 effecta
1035 1161 1102 1203 sit.
1122 1164 1219 1205 Non
1236 1163 1350 1205 enim
1374 1164 1492 1207 obsi-

107 1229 238 1273 debat
249 1229 445 1288 spiritum
458 1229 548 1288 ejus
562 1227 813 1284 vinolentia,
825 1245 1008 1289 eamque
1018 1231 1270 1275 stimulabat
1281 1232 1326 1276 in
1341 1233 1492 1278 odium

107 1300 196 1343 veri
215 1314 336 1343 amor
354 1299 461 1353 vini,
489 1299 599 1342 sicut
620 1297 852 1358 plerosque
875 1315 1012 1344 mares
1036 1310 1078 1344 et
1099 1300 1318 1358 foeminas,
1339 1305 1413 1362 qui
1439 1305 1493 1348 ad

108 1370 327 1414 canticum
356 1369 614 1422 sobrietatis,
649 1369 760 1412 sicut
783 1368 838 1413 ad
860 1370 1081 1428 potionem
1104 1381 1306 1430 aquatam
1330 1373 1494 1418 madidi

107 1449 330 1484 nauseant.
351 1439 434 1484 Sed
453 1437 527 1481 illa
550 1453 648 1481 cum
673 1437 884 1483 attulisset
903 1441 1138 1484 canistrum
1161 1457 1262 1485 cum
1283 1443 1492 1488 solemni-

107 1510 189 1554 bus
206 1510 342 1569 epulis
364 1507 677 1567 praegustandis
692 1517 824 1568 atque
838 1507 1083 1567 largiendis,
1101 1511 1198 1570 plus
1213 1513 1341 1556 etiam
1360 1530 1492 1574 quam

107 1579 244 1625 unu'm
268 1578 476 1640 pocillum
504 1595 582 1638 pro
611 1594 689 1622 suo
711 1578 856 1637 palato
878 1579 979 1623 satis
1009 1581 1154 1625 sobrio
1182 1591 1487 1641 temperatum,

107 1654 224 1696 unde
259 1651 557 1709 dignationem
594 1659 799 1703 sumeret,
839 1664 929 1694 non
961 1651 1167 1709 ponebat.
1194 1655 1250 1697 Et
1271 1654 1304 1698 si
1339 1656 1490 1700 multae

108 1731 249 1766 essent
279 1737 378 1781 quae
411 1719 487 1764 illo
521 1718 652 1764 modo
679 1718 942 1764 videbantur
973 1721 1241 1766 honorandae
1270 1727 1491 1770 memoriae

107 1791 433 1845 defunctorum,
469 1791 585 1834 idem
617 1790 756 1848 ipsum
791 1806 947 1844 unum⁷
981 1792 1103 1851 quod
1125 1793 1289 1853 ubique
1312 1808 1492 1854 poneret

108 1861 442 1907 circumferebat
457 1895 468 1914 ,
501 1875 589 1918 quo
619 1860 709 1918 jam
744 1875 833 1904 non
867 1861 1007 1905 solum
1042 1865 1320 1922 aquatissimo
1338 1869 1368 1920 1,
1416 1869 1491 1912 sed

109 1933 238 1977 etiam
269 1930 535 1990 tepidissimo
569 1944 668 1973 cum
697 1931 782 1973 suis
816 1933 1102 1988 praesentibus
1133 1948 1210 1992 per
1238 1936 1491 1983 sorbitiones

109 2005 281 2063 exiguas
301 2001 533 2062 partiretur
552 2019 560 2043 :
585 1999 685 2059 quia
707 2000 910 2057 pietatem
932 2000 992 2044 ibi
1014 2004 1262 2062 quaerebat,
1297 2022 1386 2051 non
1409 2024 1487 2053 vo-

108 2074 332 2133 luptatem.
366 2074 519 2130 Itaque
550 2068 629 2113 ubi
660 2069 872 2127 comperit
904 2085 927 2113 a
962 2071 1170 2129 praeclaro
1206 2076 1491 2133 praedicatore

110 2154 240 2204 atque
263 2142 450 2187 antistite
468 2139 636 2200 pietatis
654 2149 921 2199 praeceptum
943 2156 1048 2196 esse,
1069 2143 1148 2187 ista
1169 2160 1258 2189 non
1280 2147 1389 2203 fieri,
1411 2165 1490 2195 nec

112 2216 166 2259 ab
188 2215 247 2258 eis
267 2213 343 2273 qui
364 2211 505 2256 sobrie
526 2210 736 2264 facerent5
760 2225 815 2253 ne
837 2210 925 2254 ulla
947 2214 1113 2256 occasio
1135 2229 1179 2257 se
1196 2216 1492 2276 ingurgitandi

113 2285 289 2330 daretur
309 2283 509 2339 ebriosis3
531 2291 574 2325 et
595 2281 695 2341 quia
717 2281 789 2325 illa
812 2281 933 2341 quasi
949 2284 1185 2341 parentalia
1202 2290 1494 2346 superstitioni

115 2355 341 2415 gentilium
371 2362 512 2398 essent
542 2351 771 2405 simillima,
798 2352 1007 2397 abstinuit
1039 2368 1082 2398 se
1109 2354 1416 2419 libentissime3
1452 2371 1495 2407 et

114 2443 193 2488 pro
215 2426 400 2471 canistro
419 2424 549 2484 pleno
572 2423 751 2467 terrenis
775 2421 1001 2479 fructibus,
1027 2425 1210 2485 plenum
1230 2433 1493 2488 purgatiori-

163 2529 174 2545 ¹
196 2528 255 2559 For
267 2533 298 2558 te
317 2524 401 2567 quod
416 2523 482 2565 jam
501 2534 561 2555 non
575 2522 674 2555 solum
690 2522 924 2564 aquatissimum
938 2547 946 2563 ,
966 2524 1019 2555 sed
1038 2525 1135 2557 etiam
1155 2527 1398 2568 tepidissimum.

1297 2584 1335 2622 8.
