1871 3162
532 270 584 295 nt:
614 268 941 296 CATECHIZANDIS
975 269 1167 295 RUDIBUS.
1455 257 1539 295 485

169 335 233 377 nis
253 333 445 392 disrupta
463 332 643 391 caligine
663 342 861 393 penetret
881 333 927 376 in
948 341 1159 377 aeternum
1183 347 1397 387 serenum„
1425 335 1541 376 unde

164 414 401 463 utcumque
418 402 590 461 fulgent
606 405 733 448 etiam
752 405 831 448 ista
849 419 948 464 quae
966 411 1206 447 transeunt.
1222 402 1305 446 Sed
1322 404 1422 462 'quia
1439 403 1541 447 boni

163 475 396 535 proficiunt
417 475 471 517 de
492 473 562 518 die
583 475 628 517 in
649 475 764 518 diem
793 475 848 518 ad
886 474 1124 518 videndum
1159 473 1274 516 diem
1304 474 1394 516 sine
1416 475 1542 517 volu-

164 547 280 590 mine
297 545 397 590 coeli
418 554 462 589 et
482 546 572 589 sine
593 546 732 590 noctis
754 547 952 600 incursu,
977 560 1106 605 quem
1131 543 1284 589 oculus
1306 559 1393 587 non
1417 544 1538 597 vidit,

163 632 243 661 nec
264 617 376 660 auris
397 615 585 671 audivit,
610 619 758 661 necin
793 634 868 662 cor
899 617 1085 661 hominis
1125 614 1345 659 ascendit¹
1381 634 1388 657 :
1422 614 1542 657 nulla

164 688 299 746 major
327 701 452 730 causa
475 696 538 730 est
555 722 566 742 ‚
598 703 676 731 cur
702 688 827 732 nobis
852 688 899 730 in
920 686 1169 730 imbuendis
1192 684 1372 728 rudibus
1399 694 1544 728 noster

164 772 304 801 sermo
319 756 494 801 vilescat
512 792 522 810 ,
546 757 625 800 nisi
646 757 746 816 quia
767 757 876 800 libet
900 757 1103 800 inusitate
1131 770 1329 808 cernere,
1347 765 1390 798 et
1414 754 1543 797 taedet

160 828 317 871 usitate
339 828 557 886 proloqui:
582 830 637 871 Et
674 843 718 871 re
740 828 916 888 quidem
941 843 1040 871 vera
1062 827 1203 871 multo
1231 826 1392 884 gratius
1422 825 1545 868 audi-

160 913 274 952 mur,
299 913 399 941 cum
421 907 463 941 et
484 913 562 941 nos
585 897 737 942 eodem
761 913 890 957 opere
913 897 1206 941 delectamur:
1225 896 1412 940 afficitur
1427 895 1543 937 enim

160 967 281 1010 filum
300 967 530 1010 locutionis
553 977 711 1011 nostrae
734 969 827 1027 ipso
848 977 996 1012 nostro
1014 967 1188 1025 gaudio,
1205 977 1248 1011 et
1271 966 1356 1009 exit
1379 964 1544 1008 facilius

161 1046 291 1096 atque
319 1037 551 1096 acceptius.
575 1040 850 1096 Quapropter
877 1053 965 1081 non
988 1038 1172 1081 arduum
1207 1046 1269 1080 est
1292 1035 1513 1092 negotium
1531 1069 1540 1085 ,

160 1123 210 1151 ea
231 1123 330 1167 quae
350 1107 565 1151 credenda
586 1108 884 1162 insinuantur,
910 1108 1144 1166 praecipere
1166 1106 1284 1150 unde
1313 1114 1355 1148 et
1376 1119 1542 1164 quous-

160 1193 246 1237 que
274 1177 487 1221 narranda
510 1179 621 1235 sint3
645 1194 725 1222 nec
749 1179 971 1238 quomodo
1003 1179 1055 1221 sit
1089 1177 1295 1221 varianda
1325 1176 1514 1219 narratio
1531 1209 1542 1228 ,

162 1257 212 1292 ut
243 1248 478 1308 aliquando
500 1249 672 1293 brevior
688 1285 699 1303 ,
728 1248 963 1308 aliquando
985 1248 1176 1306 longior,
1210 1262 1378 1306 semper
1400 1255 1543 1290 tamen

160 1317 287 1376 plena
309 1327 440 1378 atque
460 1317 652 1377 perfecta
674 1319 726 1363 sit
744 1340 754 1376 3
775 1329 817 1363 et
847 1318 1024 1379 quando
1046 1318 1265 1372 breviore,
1293 1325 1335 1360 et
1366 1316 1544 1375 quando

159 1388 355 1446 longiore
384 1388 438 1432 sit
467 1390 679 1432 utendum
704 1409 712 1433 z
739 1390 812 1433 sed
834 1389 992 1449 quibus
1016 1387 1154 1432 modis
1176 1386 1426 1431 faciendum
1454 1385 1507 1429 sit
1524 1420 1534 1438 ‚

159 1467 208 1502 ut
230 1458 421 1515 gaudens
444 1459 628 1518 quisque
649 1460 910 1512 catechizet,
939 1463 1091 1515 (tanto
1114 1459 1229 1500 enim
1248 1457 1418 1501 suavior
1440 1456 1536 1508 erit,

159 1536 325 1588 quanto
353 1528 490 1585 magis
510 1528 551 1571 id
579 1529 790 1587 potuerit,
806 1531 822 1585 )
838 1544 886 1572 ea
909 1544 1011 1572 cura
1035 1527 1219 1571 maxima
1244 1536 1321 1569 est.
1350 1529 1404 1568 Et
1426 1541 1541 1584 prae-

158 1607 333 1657 ceptum
353 1597 530 1656 quidem
553 1599 614 1642 rei
634 1599 763 1658 hujus
786 1600 830 1642 in
850 1608 1057 1657 promptu
1077 1606 1153 1641 est.
1185 1598 1227 1641 Si
1252 1597 1367 1639 enim
1388 1597 1431 1638 in
1460 1611 1539 1653 pe-

161 1672 289 1716 cunia
317 1671 549 1729 corporali,
586 1684 753 1730 quanto
785 1673 920 1729 magis
940 1671 986 1714 in
1015 1669 1194 1729 spiritali
1217 1669 1396 1713 hilarem
1421 1667 1543 1711 dato-

161 1756 251 1785 rem
267 1739 407 1798 diligit
429 1743 542 1783 Deus
556 1742 605 1783 2?
631 1740 715 1784 Sed
744 1742 838 1784 haec
867 1740 1060 1784 hilaritas
1079 1739 1135 1783 ad
1155 1740 1306 1783 horam
1330 1748 1380 1782 ut
1403 1737 1515 1782 adsit
1535 1773 1545 1791 ‚

160 1813 250 1871 ejus
281 1821 345 1855 est
368 1810 674 1855 misericordiae
710 1811 785 1870 qui
814 1811 891 1854 ista
915 1810 1135 1869 praecepit.
1164 1813 1318 1869 Itaque
1339 1810 1459 1867 prius
1491 1807 1546 1851 de

161 1882 293 1926 modo
315 1882 570 1926 narrationis
599 1882 718 1940 quod
751 1891 794 1925 te
821 1880 932 1925 velle
961 1881 1168 1939 cognovi,
1202 1889 1296 1924 tum
1321 1880 1375 1922 de
1397 1879 1547 1938 praeci-

160 1951 319 2010 piendo
339 1960 470 2010 atque
493 1951 763 1995 cohortando
780 1986 790 2005 ⁷
817 1960 963 2009 postea
984 1950 1038 1994 de
1061 1951 1142 1994 hac
1172 1949 1391 1993 hilaritate
1420 1964 1543 1992 com-

159 2022 349 2081 paranda
368 2057 379 2076 ‚
404 2038 503 2081 quae
526 2025 640 2066 Deus
655 2023 937 2080 suggesserit,
964 2021 1236 2066 disseremus.

212 2135 218 2149 ¹
245 2140 256 2160 1
281 2130 354 2160 Cor.
376 2140 414 2169 11,
434 2139 466 2169 9.
488 2145 528 2150 —-
550 2129 689 2168 ²Id.1x,
712 2140 743 2170 7.
