1871 3162
258 175 340 215 106
686 185 720 214 s.
757 186 988 216 Auens‘rnu
1020 187 1203 215 zmscom

254 266 354 296 cum
377 251 626 296 hominibus
647 253 927 312 operantibus
962 252 1267 313 iniquitatem,
1290 259 1334 296 et
1361 250 1462 295 ideo
1492 249 1636 294 adhuc

255 321 556 366 combinabam
578 338 678 367 cum
699 321 845 367 electis
867 337 1018 367 eorum
1031 324 1061 366 ¹.

311 394 432 437 XIX.
457 392 541 437 Sed
563 402 708 437 tamen
720 394 811 452 jam
833 393 1063 452 desperans
1084 393 1129 436 in
1152 408 1200 436 ea
1222 391 1327 436 falsa
1350 390 1548 436 doctrina
1569 404 1638 433 me

253 477 378 522 posse
398 463 626 522 proficere,
646 477 783 522 eaque
804 462 894 521 ipsa
925 462 1085 521 quibus
1107 462 1141 506 si
1161 461 1269 505 nihil
1290 460 1446 505 melius
1474 460 1639 519 reperi·

254 548 344 577 rem
358 568 368 588 ,
393 542 624 577 contentus
641 548 730 576 esse
747 533 1022 577 decreveram
1037 567 1048 587 ‚
1066 534 1157 592 jam
1179 533 1394 576 remissius
1415 530 1640 589 negligen-

254 605 427 663 tiusque
441 604 694 647 retinebam.
707 605 880 647 Etenim
892 603 1070 648 suborta
1082 613 1146 647 est
1156 604 1287 647 etiam
1300 603 1404 646 mihi
1417 601 1637 659 cogitatio,

222 664 224 667 Α
256 674 559 734 prudentiores
576 674 741 718 caeteris
762 673 892 718 fuisse
908 674 1004 718 illos
1023 674 1319 733 philosophos,
1339 689 1449 733 quos
1471 671 1639 716 Acade-

255 746 389 788 micos
407 743 642 803 appellant,
667 743 788 802 quod
807 743 862 787 de
886 745 1089 788 omnibus
1107 742 1401 787 dubitandum
1423 757 1513 786 esse
1535 757 1635 785 cen-

257 823 459 871 suerant,
492 830 573 858 nec
593 814 758 874 aliquid
783 814 871 858 veri
893 815 947 857 ab
974 815 1149 858 homine
1177 812 1489 872 comprehendi
1518 827 1641 871 posse

255 883 550 928 decreverant.
568 888 633 928 Ita
653 884 768 928 enim
790 894 834 929 et
855 885 963 929 mihi
977 883 1144 944 liquido
1162 883 1339 927 sensisse
1362 883 1639 936 videbantur,

254 963 304 997 ut
326 953 458 1012 vulgo
487 955 741 1015 habentur,
765 954 895 998 etiam
930 953 1105 997 illorum
1127 954 1417 997 intentionem
1444 951 1642 996 nondum

254 1023 530 1082 intelligenti.
556 1027 645 1069 Nec
660 1023 924 1068 dissimulavi
946 1024 1148 1067 eumdem
1164 1023 1379 1082 hospitem
1402 1037 1548 1065 meum
1572 1037 1642 1065 re-

253 1093 439 1152 primere
455 1110 477 1137 a
499 1094 631 1137 nimia
651 1093 810 1136 fiducia
827 1127 837 1146 ‚
863 1109 996 1152 quam
1019 1093 1130 1136 sensi
1144 1108 1244 1136 eum
1263 1093 1426 1136 habere
1444 1091 1498 1135 de
1515 1091 1644 1135 rebus

255 1162 464 1207 fabulosis
479 1198 490 1217 ,
516 1164 677 1222 quibus
698 1162 930 1207 Manichaei
946 1161 1046 1205 libri
1067 1160 1185 1220 pleni
1213 1170 1329 1205 sunt.
1354 1161 1555 1205 Amicitia
1578 1170 1645 1205 ta-

254 1249 357 1277 men
379 1249 530 1278 eorum
562 1232 815 1277 familiarius
836 1233 992 1276 utebar
1011 1267 1022 1287 ,
1052 1247 1183 1291 quam
1213 1240 1470 1276 caeterorum
1498 1232 1643 1276 homi-

254 1320 360 1348 num
379 1305 456 1364 qui
476 1303 522 1347 in
539 1302 611 1347 illa
634 1303 787 1346 haeresi
805 1318 894 1347 non
915 1301 1112 1346 fuissent.
1131 1304 1220 1347 Nec
1236 1317 1328 1346 eam
1350 1300 1643 1346 defendebam

254 1374 433 1433 pristina
456 1374 749 1431 animositate,
767 1372 842 1417 sed
858 1382 1006 1417 tamen
1022 1371 1288 1417 familiaritas
1305 1387 1455 1416 eorum
1468 1407 1478 1427 ,
1500 1372 1644 1431 plures

255 1445 371 1488 enim
392 1460 464 1488 eos
485 1447 623 1489 Roma
658 1443 868 1498 occultat,
894 1443 1057 1503 pigrius
1079 1458 1148 1486 me
1169 1441 1357 1486 faciebat
1379 1441 1497 1486 aliud
1519 1458 1643 1502 quae—

255 1530 370 1568 rere,
406 1515 644 1574 praesertim
680 1514 982 1573 desperantem
1016 1512 1060 1557 in
1094 1512 1282 1557 Ecclesia
1319 1523 1393 1556 tua
1411 1547 1422 1567 ,
1458 1513 1643 1557 Domine

254 1585 355 1629 coeli
378 1594 420 1629 et
442 1594 589 1640 terrae,
615 1594 782 1629 creator
803 1585 1000 1629 omnium
1022 1583 1258 1628 visibilium
1279 1593 1322 1627 et
1337 1583 1637 1638 invisibilium,

254 1671 378 1716 posse
399 1656 585 1699 inveniri
603 1671 754 1700 verum
776 1691 786 1710 ,
813 1654 932 1699 unde
956 1670 1025 1698 me
1046 1653 1110 1698 illi
1134 1664 1377 1698 averterant
1398 1676 1409 1712 3
1428 1654 1643 1698 multum-

255 1742 341 1786 que
360 1726 466 1770 mihi
487 1736 616 1786 turpe
637 1727 883 1781 videbatur,
909 1725 1084 1770 credere
1105 1725 1289 1784 figuram
1312 1734 1355 1769 te
1377 1726 1539 1769 habere
1558 1725 1644 1769 hu·

254 1812 395 1840 manae
411 1797 567 1851 carnis,
593 1807 636 1841 et
656 1797 952 1841 membrorum
978 1805 1226 1840 nostrorum
1249 1796 1522 1839 lineamentis
1543 1811 1643 1839 cor-

254 1866 475 1926 poralibus
491 1867 727 1911 terminari.
745 1869 802 1910 Et
817 1866 1026 1926 quoniam
1041 1881 1141 1909 cum
1159 1864 1214 1908 de
1233 1868 1322 1909 Deo
1335 1880 1432 1909 meo
1451 1866 1641 1923 cogitare

254 1937 411 1982 vellem
428 1973 438 1993 ,
459 1939 649 1997 cogitare
676 1938 757 1982 nisi
779 1937 913 1982 moles
929 1952 1162 1996 corporum
1190 1952 1279 1980 non
1300 1951 1503 1980 noveram
1521 1972 1531 1990 ,
1562 1951 1642 1980 ne-

256 2023 341 2068 que
359 2009 473 2051 enim
514 2008 747 2052 videbatur
769 2008 877 2050 mihi
913 2022 1003 2050 esse
1035 2004 1276 2065 quidquam
1299 2004 1420 2064 quod
1441 2006 1525 2049 tale
1551 2021 1641 2050 non

256 2088 386 2133 esset,
411 2094 461 2122 ea
482 2079 666 2122 maxima
689 2087 732 2121 et
754 2092 890 2136 prope
919 2076 1008 2121 sola
1027 2091 1155 2119 causa
1176 2084 1267 2119 erat
1288 2075 1548 2120 inevitabilis
1569 2092 1640 2120 er-

255 2148 364 2193 roris
384 2149 483 2191 mei.

316 2221 415 2263 XX.
432 2220 544 2263 Hinc
559 2219 674 2262 enim
690 2227 732 2262 et
747 2217 847 2263 mali
861 2218 1147 2262 substantiam
1163 2216 1397 2276 quamdam
1411 2216 1643 2261 credebam

258 2306 348 2334 esse
369 2290 499 2334 talem
515 2325 526 2344 ,
560 2299 603 2334 et
622 2289 783 2333 habere
810 2304 932 2333 suam
949 2288 1109 2333 molem
1132 2296 1289 2332 tetram
1311 2297 1355 2331 et
1381 2285 1639 2343 deformem,

258 2361 346 2405 sive
365 2376 572 2416 crassam,
598 2375 730 2421 quam
751 2370 910 2404 terram
937 2359 1164 2413 dicebant,
1185 2359 1273 2403 sive
1300 2367 1476 2402 tenuem
1507 2367 1640 2418 atque

256 2431 478 2487 subtilem,
497 2432 608 2477 sicut
629 2441 693 2477 est
714 2432 820 2476 ae'ris
845 2446 1018 2490 corpus,
1041 2445 1173 2491 quam
1191 2429 1425 2488 malignam
1446 2439 1638 2474 mentem

309 2524 317 2540 ¹
336 2517 417 2548 Psal.
436 2526 505 2556 cn,
527 2517 559 2556 3,
579 2516 609 2556 4.
