<?xml version="1.0" encoding="UTF-8"?>
<!DOCTYPE html PUBLIC "-//W3C//DTD XHTML 1.0 Transitional//EN"
    "http://www.w3.org/TR/xhtml1/DTD/xhtml1-transitional.dtd">
<html xmlns="http://www.w3.org/1999/xhtml" xml:lang="en" lang="en">
 <head>
  <title>
</title>
<meta http-equiv="Content-Type" content="text/html;charset=utf-8" />
  <meta name='ocr-system' content='tesseract 3.04.00' />
  <meta name='ocr-capabilities' content='ocr_page ocr_carea ocr_par ocr_line ocrx_word'/>
</head>
<body>
  <div class='ocr_page' id='page_1' title='image "./operaomniaaccura25auguuoft_0141.png"; bbox 0 0 1871 3162; ppageno 0'>
   <div class='ocr_carea' id='block_1_1' title="bbox 506 188 1487 246">
    <p class='ocr_par' dir='ltr' id='par_1_1' title="bbox 506 188 1487 246">
     <span class='ocr_line' id='line_1_1' title="bbox 506 188 1487 246; baseline -0.003 -8"><span class='ocrx_word' id='word_1_1' title='bbox 506 188 872 246; x_wconf 52' lang='lat' dir='ltr'>coumzssmnum,</span> <span class='ocrx_word' id='word_1_2' title='bbox 905 210 988 236; x_wconf 72' lang='lat' dir='ltr'>Lm.</span> <span class='ocrx_word' id='word_1_3' title='bbox 1025 211 1083 235; x_wconf 87' lang='lat' dir='ltr'>VI.</span> <span class='ocrx_word' id='word_1_4' title='bbox 1411 199 1487 236; x_wconf 88' lang='lat'>131</span> 
     </span>
    </p>
   </div>
   <div class='ocr_carea' id='block_1_2' title="bbox 125 272 1503 617">
    <p class='ocr_par' dir='ltr' id='par_1_2' title="bbox 125 272 1503 617">
     <span class='ocr_line' id='line_1_2' title="bbox 126 272 1499 334; baseline -0.003 -13"><span class='ocrx_word' id='word_1_5' title='bbox 126 285 246 321; x_wconf 91' lang='lat' dir='ltr'>actus</span> <span class='ocrx_word' id='word_1_6' title='bbox 267 276 322 320; x_wconf 88' lang='lat' dir='ltr'>de</span> <span class='ocrx_word' id='word_1_7' title='bbox 344 274 635 320; x_wconf 83' lang='lat' dir='ltr'>misericordia</span> <span class='ocrx_word' id='word_1_8' title='bbox 664 284 738 320; x_wconf 88' lang='lat' dir='ltr'>tua</span> <span class='ocrx_word' id='word_1_9' title='bbox 759 275 1024 334; x_wconf 86' lang='lat' dir='ltr'>sequebatur</span> <span class='ocrx_word' id='word_1_10' title='bbox 1039 308 1051 328; x_wconf 93' lang='lat'>,</span> <span class='ocrx_word' id='word_1_11' title='bbox 1078 272 1350 317; x_wconf 88' lang='lat' dir='ltr'>intuentibus</span> <span class='ocrx_word' id='word_1_12' title='bbox 1371 273 1499 317; x_wconf 84' lang='lat' dir='ltr'>nobis</span> 
     </span>
     <span class='ocr_line' id='line_1_3' title="bbox 125 341 1500 405; baseline -0.002 -17"><span class='ocrx_word' id='word_1_13' title='bbox 125 346 259 390; x_wconf 87' lang='lat' dir='ltr'>finem</span> <span class='ocrx_word' id='word_1_14' title='bbox 280 361 358 390; x_wconf 86' lang='lat' dir='ltr'>cur</span> <span class='ocrx_word' id='word_1_15' title='bbox 379 361 427 389; x_wconf 87' lang='lat' dir='ltr'>ea</span> <span class='ocrx_word' id='word_1_16' title='bbox 455 344 723 405; x_wconf 84' lang='lat' dir='ltr'>pateremur,</span> <span class='ocrx_word' id='word_1_17' title='bbox 743 344 1031 390; x_wconf 84' lang='lat' dir='ltr'>occurrebant</span> <span class='ocrx_word' id='word_1_18' title='bbox 1047 342 1239 387; x_wconf 84' lang='lat' dir='ltr'>tenebrae</span> <span class='ocrx_word' id='word_1_19' title='bbox 1254 376 1265 396; x_wconf 92' lang='lat'>,</span> <span class='ocrx_word' id='word_1_20' title='bbox 1286 350 1329 385; x_wconf 90' lang='lat' dir='ltr'>et</span> <span class='ocrx_word' id='word_1_21' title='bbox 1346 341 1500 386; x_wconf 81' lang='lat' dir='ltr'>adver-</span> 
     </span>
     <span class='ocr_line' id='line_1_4' title="bbox 125 412 1501 474; baseline -0.002 -15"><span class='ocrx_word' id='word_1_22' title='bbox 125 416 328 460; x_wconf 87' lang='lat' dir='ltr'>sabamur</span> <span class='ocrx_word' id='word_1_23' title='bbox 349 424 585 474; x_wconf 83' lang='lat' dir='ltr'>gementes,</span> <span class='ocrx_word' id='word_1_24' title='bbox 602 424 645 459; x_wconf 88' lang='lat' dir='ltr'>et</span> <span class='ocrx_word' id='word_1_25' title='bbox 665 414 917 460; x_wconf 83' lang='lat' dir='ltr'>dicebamus</span> <span class='ocrx_word' id='word_1_26' title='bbox 938 434 947 459; x_wconf 75' lang='lat' dir='ltr'>z</span> <span class='ocrx_word' id='word_1_27' title='bbox 973 412 1180 467; x_wconf 91' lang='lat' dir='ltr'>Quandiu</span> <span class='ocrx_word' id='word_1_28' title='bbox 1199 413 1294 456; x_wconf 87' lang='lat' dir='ltr'>haec</span> <span class='ocrx_word' id='word_1_29' title='bbox 1310 412 1328 452; x_wconf 66' lang='grc' dir='ltr'>ἱ)</span> <span class='ocrx_word' id='word_1_30' title='bbox 1345 414 1402 455; x_wconf 90' lang='lat' dir='ltr'>Et</span> <span class='ocrx_word' id='word_1_31' title='bbox 1417 412 1501 456; x_wconf 88' lang='lat' dir='ltr'>hoc</span> 
     </span>
     <span class='ocr_line' id='line_1_5' title="bbox 125 482 1503 543; baseline -0.005 -12"><span class='ocrx_word' id='word_1_32' title='bbox 125 487 278 531; x_wconf 90' lang='lat' dir='ltr'>crebro</span> <span class='ocrx_word' id='word_1_33' title='bbox 309 486 588 543; x_wconf 76' lang='lat' dir='ltr'>dicebamu53</span> <span class='ocrx_word' id='word_1_34' title='bbox 618 494 661 529; x_wconf 90' lang='lat' dir='ltr'>et</span> <span class='ocrx_word' id='word_1_35' title='bbox 687 485 880 529; x_wconf 89' lang='lat' dir='ltr'>dicentes</span> <span class='ocrx_word' id='word_1_36' title='bbox 911 500 1002 529; x_wconf 92' lang='lat' dir='ltr'>non</span> <span class='ocrx_word' id='word_1_37' title='bbox 1039 482 1393 542; x_wconf 84' lang='lat' dir='ltr'>relinquebamus</span> <span class='ocrx_word' id='word_1_38' title='bbox 1424 496 1503 538; x_wconf 75' lang='lat' dir='ltr'>ea3</span> 
     </span>
     <span class='ocr_line' id='line_1_6' title="bbox 126 552 1502 617; baseline -0.003 -17"><span class='ocrx_word' id='word_1_39' title='bbox 126 557 227 617; x_wconf 85' lang='lat' dir='ltr'>quia</span> <span class='ocrx_word' id='word_1_40' title='bbox 245 572 334 601; x_wconf 87' lang='lat' dir='ltr'>non</span> <span class='ocrx_word' id='word_1_41' title='bbox 362 556 562 601; x_wconf 85' lang='lat' dir='ltr'>elucebat</span> <span class='ocrx_word' id='word_1_42' title='bbox 579 565 747 601; x_wconf 87' lang='lat' dir='ltr'>certum</span> <span class='ocrx_word' id='word_1_43' title='bbox 770 555 935 616; x_wconf 90' lang='lat' dir='ltr'>aliquid</span> <span class='ocrx_word' id='word_1_44' title='bbox 949 590 960 611; x_wconf 88' lang='lat'>‚</span> <span class='ocrx_word' id='word_1_45' title='bbox 986 554 1107 616; x_wconf 86' lang='lat' dir='ltr'>quod</span> <span class='ocrx_word' id='word_1_46' title='bbox 1128 553 1211 598; x_wconf 88' lang='lat' dir='ltr'>illis</span> <span class='ocrx_word' id='word_1_47' title='bbox 1233 552 1393 598; x_wconf 90' lang='lat' dir='ltr'>relictis</span> <span class='ocrx_word' id='word_1_48' title='bbox 1423 568 1502 612; x_wconf 91' lang='lat' dir='ltr'>ap-</span> 
     </span>
    </p>
   </div>
   <div class='ocr_carea' id='block_1_3' title="bbox 62 628 508 687">
    <p class='ocr_par' dir='ltr' id='par_1_3' title="bbox 62 628 508 687">
     <span class='ocr_line' id='line_1_7' title="bbox 62 628 508 687; baseline -0.002 -15"><span class='ocrx_word' id='word_1_49' title='bbox 62 648 66 654; x_wconf 94' lang='lat'>·</span> <span class='ocrx_word' id='word_1_50' title='bbox 126 628 508 687; x_wconf 89' lang='lat' dir='ltr'>prehenderemus.</span> 
     </span>
    </p>
   </div>
   <div class='ocr_carea' id='block_1_4' title="bbox 131 804 552 829">
    <p class='ocr_par' dir='ltr' id='par_1_4' title="bbox 131 804 552 829">
     <span class='ocr_line' id='line_1_8' title="bbox 131 804 552 829; baseline -0.002 -8"><span class='ocrx_word' id='word_1_51' title='bbox 131 804 481 829; x_wconf 57' lang='lat' dir='ltr'>mmmmm</span> <span class='ocrx_word' id='word_1_52' title='bbox 484 805 552 820; x_wconf 68' lang='grc' dir='ltr'>ἋΜ</span> 
     </span>
    </p>
   </div>
   <div class='ocr_carea' id='block_1_5' title="bbox 554 803 906 820">
    <p class='ocr_par' dir='ltr' id='par_1_5' title="bbox 554 803 906 820">
     <span class='ocr_line' id='line_1_9' title="bbox 554 803 906 820; baseline 0 2342"><span class='ocrx_word' id='word_1_53' title='bbox 554 803 906 820; x_wconf 95' lang='lat' dir='ltr'> </span> 
     </span>
    </p>
   </div>
   <div class='ocr_carea' id='block_1_6' title="bbox 174 936 1474 1154">
    <p class='ocr_par' dir='ltr' id='par_1_6' title="bbox 174 936 1474 1154">
     <span class='ocr_line' id='line_1_10' title="bbox 645 936 987 985; baseline -0.006 0"><span class='ocrx_word' id='word_1_54' title='bbox 645 936 860 985; x_wconf 72' lang='lat' dir='ltr'><strong>CAPUT</strong></span> <span class='ocrx_word' id='word_1_55' title='bbox 896 939 987 983; x_wconf 74' lang='lat' dir='ltr'>XI.</span> 
     </span>
     <span class='ocr_line' id='line_1_11' title="bbox 174 1087 1474 1154; baseline -0.003 -18"><span class='ocrx_word' id='word_1_56' title='bbox 174 1092 367 1136; x_wconf 72' lang='lat' dir='ltr'>Anxius</span> <span class='ocrx_word' id='word_1_57' title='bbox 388 1092 687 1154; x_wconf 76' lang='lat' dir='ltr'>Augustinus</span> <span class='ocrx_word' id='word_1_58' title='bbox 703 1090 764 1135; x_wconf 81' lang='lat' dir='ltr'>de</span> <span class='ocrx_word' id='word_1_59' title='bbox 785 1089 1078 1135; x_wconf 60' lang='lat' dir='ltr'>instituenda</span> <span class='ocrx_word' id='word_1_60' title='bbox 1099 1091 1201 1134; x_wconf 79' lang='lat' dir='ltr'>vita</span> <span class='ocrx_word' id='word_1_61' title='bbox 1224 1087 1474 1134; x_wconf 74' lang='lat' dir='ltr'>deliberat.</span> 
     </span>
    </p>
   </div>
   <div class='ocr_carea' id='block_1_7' title="bbox 135 1252 1528 2586">
    <p class='ocr_par' dir='ltr' id='par_1_7' title="bbox 135 1252 1528 2586">
     <span class='ocr_line' id='line_1_12' title="bbox 210 1252 1518 1313; baseline -0.003 -14"><span class='ocrx_word' id='word_1_62' title='bbox 210 1257 377 1299; x_wconf 82' lang='lat' dir='ltr'>XVIII.</span> <span class='ocrx_word' id='word_1_63' title='bbox 403 1257 467 1299; x_wconf 74' lang='lat' dir='ltr'>Er</span> <span class='ocrx_word' id='word_1_64' title='bbox 496 1269 575 1313; x_wconf 88' lang='lat' dir='ltr'>ego</span> <span class='ocrx_word' id='word_1_65' title='bbox 606 1254 789 1298; x_wconf 79' lang='lat' dir='ltr'>maxime</span> <span class='ocrx_word' id='word_1_66' title='bbox 812 1253 1000 1298; x_wconf 86' lang='lat' dir='ltr'>mirabar</span> <span class='ocrx_word' id='word_1_67' title='bbox 1032 1263 1228 1312; x_wconf 88' lang='lat' dir='ltr'>satagens</span> <span class='ocrx_word' id='word_1_68' title='bbox 1258 1262 1302 1298; x_wconf 89' lang='lat' dir='ltr'>et</span> <span class='ocrx_word' id='word_1_69' title='bbox 1323 1252 1518 1297; x_wconf 84' lang='lat' dir='ltr'>recolens</span> 
     </span>
     <span class='ocr_line' id='line_1_13' title="bbox 135 1322 1520 1386; baseline -0.002 -17"><span class='ocrx_word' id='word_1_70' title='bbox 135 1341 267 1386; x_wconf 90' lang='lat' dir='ltr'>quam</span> <span class='ocrx_word' id='word_1_71' title='bbox 299 1324 481 1383; x_wconf 82' lang='lat' dir='ltr'>longum</span> <span class='ocrx_word' id='word_1_72' title='bbox 502 1333 676 1384; x_wconf 88' lang='lat' dir='ltr'>tempus</span> <span class='ocrx_word' id='word_1_73' title='bbox 697 1333 807 1368; x_wconf 88' lang='lat' dir='ltr'>esset</span> <span class='ocrx_word' id='word_1_74' title='bbox 828 1323 882 1368; x_wconf 85' lang='lat' dir='ltr'>ab</span> <span class='ocrx_word' id='word_1_75' title='bbox 904 1323 1232 1382; x_wconf 86' lang='lat' dir='ltr'>undevigesimo</span> <span class='ocrx_word' id='word_1_76' title='bbox 1251 1339 1366 1367; x_wconf 87' lang='lat' dir='ltr'>anno</span> <span class='ocrx_word' id='word_1_77' title='bbox 1383 1322 1520 1366; x_wconf 86' lang='lat' dir='ltr'>aetatis</span> 
     </span>
     <span class='ocr_line' id='line_1_14' title="bbox 136 1393 1516 1456; baseline -0.002 -16"><span class='ocrx_word' id='word_1_78' title='bbox 136 1411 260 1451; x_wconf 86' lang='lat' dir='ltr'>meae,</span> <span class='ocrx_word' id='word_1_79' title='bbox 271 1411 360 1456; x_wconf 88' lang='lat' dir='ltr'>quo</span> <span class='ocrx_word' id='word_1_80' title='bbox 374 1394 539 1440; x_wconf 85' lang='lat' dir='ltr'>fervere</span> <span class='ocrx_word' id='word_1_81' title='bbox 553 1410 771 1455; x_wconf 85' lang='lat' dir='ltr'>coeperam</span> <span class='ocrx_word' id='word_1_82' title='bbox 787 1394 931 1439; x_wconf 89' lang='lat' dir='ltr'>studio</span> <span class='ocrx_word' id='word_1_83' title='bbox 943 1394 1163 1453; x_wconf 85' lang='lat' dir='ltr'>sapientiae</span> <span class='ocrx_word' id='word_1_84' title='bbox 1176 1415 1187 1452; x_wconf 76' lang='lat'>3</span> <span class='ocrx_word' id='word_1_85' title='bbox 1202 1393 1453 1453; x_wconf 88' lang='lat' dir='ltr'>disponens,</span> <span class='ocrx_word' id='word_1_86' title='bbox 1466 1408 1516 1437; x_wconf 85' lang='lat' dir='ltr'>ea</span> 
     </span>
     <span class='ocr_line' id='line_1_15' title="bbox 135 1463 1520 1526; baseline -0.001 -16"><span class='ocrx_word' id='word_1_87' title='bbox 135 1465 583 1526; x_wconf 87' lang='lat' dir='ltr'>inventa,relinquere</span> <span class='ocrx_word' id='word_1_88' title='bbox 605 1480 755 1510; x_wconf 90' lang='lat' dir='ltr'>omnes</span> <span class='ocrx_word' id='word_1_89' title='bbox 769 1480 980 1510; x_wconf 87' lang='lat' dir='ltr'>vanarum</span> <span class='ocrx_word' id='word_1_90' title='bbox 998 1463 1288 1523; x_wconf 87' lang='lat' dir='ltr'>cupiditatum</span> <span class='ocrx_word' id='word_1_91' title='bbox 1308 1480 1404 1524; x_wconf 89' lang='lat' dir='ltr'>spes</span> <span class='ocrx_word' id='word_1_92' title='bbox 1426 1465 1520 1508; x_wconf 88' lang='lat' dir='ltr'>ina-</span> 
     </span>
     <span class='ocr_line' id='line_1_16' title="bbox 137 1535 1522 1596; baseline -0.002 -15"><span class='ocrx_word' id='word_1_93' title='bbox 137 1552 212 1581; x_wconf 88' lang='lat' dir='ltr'>nes</span> <span class='ocrx_word' id='word_1_94' title='bbox 234 1545 278 1581; x_wconf 85' lang='lat' dir='ltr'>et</span> <span class='ocrx_word' id='word_1_95' title='bbox 303 1537 487 1581; x_wconf 88' lang='lat' dir='ltr'>insanias</span> <span class='ocrx_word' id='word_1_96' title='bbox 520 1536 750 1581; x_wconf 89' lang='lat' dir='ltr'>mendaces</span> <span class='ocrx_word' id='word_1_97' title='bbox 776 1556 785 1581; x_wconf 88' lang='lat'>:</span> <span class='ocrx_word' id='word_1_98' title='bbox 811 1546 855 1581; x_wconf 89' lang='lat' dir='ltr'>et</span> <span class='ocrx_word' id='word_1_99' title='bbox 877 1551 976 1580; x_wconf 88' lang='lat' dir='ltr'>ecce</span> <span class='ocrx_word' id='word_1_100' title='bbox 1004 1537 1094 1596; x_wconf 84' lang='lat' dir='ltr'>jam</span> <span class='ocrx_word' id='word_1_101' title='bbox 1118 1535 1390 1580; x_wconf 87' lang='lat' dir='ltr'>tricenariam</span> <span class='ocrx_word' id='word_1_102' title='bbox 1425 1544 1522 1579; x_wconf 83' lang='lat' dir='ltr'>aeta-</span> 
     </span>
     <span class='ocr_line' id='line_1_17' title="bbox 138 1605 1518 1665; baseline -0.001 -14"><span class='ocrx_word' id='word_1_103' title='bbox 138 1616 226 1651; x_wconf 88' lang='lat' dir='ltr'>tem</span> <span class='ocrx_word' id='word_1_104' title='bbox 246 1607 446 1665; x_wconf 88' lang='lat' dir='ltr'>gerebam</span> <span class='ocrx_word' id='word_1_105' title='bbox 466 1641 477 1662; x_wconf 83' lang='lat'>‚</span> <span class='ocrx_word' id='word_1_106' title='bbox 508 1607 553 1650; x_wconf 91' lang='lat' dir='ltr'>in</span> <span class='ocrx_word' id='word_1_107' title='bbox 582 1607 736 1652; x_wconf 90' lang='lat' dir='ltr'>eodem</span> <span class='ocrx_word' id='word_1_108' title='bbox 762 1606 857 1651; x_wconf 89' lang='lat' dir='ltr'>luto</span> <span class='ocrx_word' id='word_1_109' title='bbox 878 1606 1083 1650; x_wconf 86' lang='lat' dir='ltr'>haesitans</span> <span class='ocrx_word' id='word_1_110' title='bbox 1111 1606 1317 1650; x_wconf 88' lang='lat' dir='ltr'>aviditate</span> <span class='ocrx_word' id='word_1_111' title='bbox 1341 1605 1518 1650; x_wconf 85' lang='lat' dir='ltr'>fruendi</span> 
     </span>
     <span class='ocr_line' id='line_1_18' title="bbox 139 1675 1517 1736; baseline 0.001 -16"><span class='ocrx_word' id='word_1_112' title='bbox 139 1677 446 1736; x_wconf 87' lang='lat' dir='ltr'>praesentibus,</span> <span class='ocrx_word' id='word_1_113' title='bbox 471 1675 737 1735; x_wconf 84' lang='lat' dir='ltr'>fugientibus</span> <span class='ocrx_word' id='word_1_114' title='bbox 759 1686 802 1721; x_wconf 90' lang='lat' dir='ltr'>et</span> <span class='ocrx_word' id='word_1_115' title='bbox 823 1676 1133 1736; x_wconf 85' lang='lat' dir='ltr'>dissipantibus</span> <span class='ocrx_word' id='word_1_116' title='bbox 1154 1692 1240 1732; x_wconf 90' lang='lat' dir='ltr'>me,</span> <span class='ocrx_word' id='word_1_117' title='bbox 1267 1676 1374 1721; x_wconf 92' lang='lat' dir='ltr'>dum</span> <span class='ocrx_word' id='word_1_118' title='bbox 1396 1675 1517 1721; x_wconf 87' lang='lat' dir='ltr'>dico:</span> 
     </span>
     <span class='ocr_line' id='line_1_19' title="bbox 138 1748 1517 1809; baseline 0.004 -17"><span class='ocrx_word' id='word_1_119' title='bbox 138 1749 241 1793; x_wconf 90' lang='lat' dir='ltr'>Cras</span> <span class='ocrx_word' id='word_1_120' title='bbox 263 1748 482 1793; x_wconf 83' lang='lat' dir='ltr'>inveniam</span> <span class='ocrx_word' id='word_1_121' title='bbox 498 1770 510 1806; x_wconf 76' lang='lat'>3</span> <span class='ocrx_word' id='word_1_122' title='bbox 529 1764 628 1794; x_wconf 89' lang='grc'>6006</span> <span class='ocrx_word' id='word_1_123' title='bbox 650 1749 930 1794; x_wconf 86' lang='lat' dir='ltr'>manifestum</span> <span class='ocrx_word' id='word_1_124' title='bbox 958 1750 1184 1809; x_wconf 83' lang='lat' dir='ltr'>apparebit</span> <span class='ocrx_word' id='word_1_125' title='bbox 1202 1786 1213 1806; x_wconf 93' lang='lat'>‚</span> <span class='ocrx_word' id='word_1_126' title='bbox 1245 1761 1289 1797; x_wconf 89' lang='lat' dir='ltr'>et</span> <span class='ocrx_word' id='word_1_127' title='bbox 1321 1753 1483 1798; x_wconf 87' lang='lat' dir='ltr'>tenebo</span> <span class='ocrx_word' id='word_1_128' title='bbox 1508 1771 1517 1798; x_wconf 77' lang='grc' dir='ltr'>ε</span> 
     </span>
     <span class='ocr_line' id='line_1_20' title="bbox 140 1820 1524 1880; baseline 0.005 -19"><span class='ocrx_word' id='word_1_129' title='bbox 140 1833 240 1862; x_wconf 90' lang='grc'>6006</span> <span class='ocrx_word' id='word_1_130' title='bbox 262 1821 447 1862; x_wconf 84' lang='lat' dir='ltr'>Faustus</span> <span class='ocrx_word' id='word_1_131' title='bbox 464 1820 622 1874; x_wconf 82' lang='lat' dir='ltr'>veniet,</span> <span class='ocrx_word' id='word_1_132' title='bbox 651 1828 695 1863; x_wconf 91' lang='lat' dir='ltr'>et</span> <span class='ocrx_word' id='word_1_133' title='bbox 711 1829 897 1879; x_wconf 81' lang='lat' dir='ltr'>exponet</span> <span class='ocrx_word' id='word_1_134' title='bbox 913 1821 1073 1865; x_wconf 88' lang='lat' dir='ltr'>omnia.</span> <span class='ocrx_word' id='word_1_135' title='bbox 1100 1822 1138 1866; x_wconf 93' lang='grc' dir='ltr'><strong>Ο</strong></span> <span class='ocrx_word' id='word_1_136' title='bbox 1157 1823 1301 1880; x_wconf 87' lang='lat' dir='ltr'>magni</span> <span class='ocrx_word' id='word_1_137' title='bbox 1323 1824 1400 1867; x_wconf 80' lang='lat' dir='ltr'>viri</span> <span class='ocrx_word' id='word_1_138' title='bbox 1426 1839 1524 1869; x_wconf 89' lang='lat' dir='ltr'>aca-</span> 
     </span>
     <span class='ocr_line' id='line_1_21' title="bbox 141 1886 1519 1953; baseline 0.007 -23"><span class='ocrx_word' id='word_1_139' title='bbox 141 1886 312 1942; x_wconf 88' lang='lat' dir='ltr'>demici,</span> <span class='ocrx_word' id='word_1_140' title='bbox 328 1887 434 1931; x_wconf 89' lang='lat' dir='ltr'>nihil</span> <span class='ocrx_word' id='word_1_141' title='bbox 460 1888 514 1932; x_wconf 89' lang='lat' dir='ltr'>ad</span> <span class='ocrx_word' id='word_1_142' title='bbox 528 1889 740 1947; x_wconf 81' lang='lat' dir='ltr'>agendam</span> <span class='ocrx_word' id='word_1_143' title='bbox 758 1890 892 1933; x_wconf 86' lang='lat' dir='ltr'>vitam</span> <span class='ocrx_word' id='word_1_144' title='bbox 908 1891 1014 1935; x_wconf 88' lang='lat' dir='ltr'>certi</span> <span class='ocrx_word' id='word_1_145' title='bbox 1027 1894 1341 1951; x_wconf 88' lang='lat' dir='ltr'>comprehendi</span> <span class='ocrx_word' id='word_1_146' title='bbox 1363 1904 1519 1953; x_wconf 89' lang='lat' dir='ltr'>potest.</span> 
     </span>
     <span class='ocr_line' id='line_1_22' title="bbox 143 1959 1524 2025; baseline 0.007 -24"><span class='ocrx_word' id='word_1_147' title='bbox 143 1961 237 2002; x_wconf 91' lang='lat' dir='ltr'>Imo</span> <span class='ocrx_word' id='word_1_148' title='bbox 258 1973 503 2017; x_wconf 86' lang='lat' dir='ltr'>quaeramus</span> <span class='ocrx_word' id='word_1_149' title='bbox 520 1959 794 2017; x_wconf 84' lang='lat' dir='ltr'>diligentius,</span> <span class='ocrx_word' id='word_1_150' title='bbox 815 1969 859 2004; x_wconf 91' lang='lat' dir='ltr'>et</span> <span class='ocrx_word' id='word_1_151' title='bbox 879 1975 969 2005; x_wconf 91' lang='lat' dir='ltr'>non</span> <span class='ocrx_word' id='word_1_152' title='bbox 985 1961 1279 2021; x_wconf 87' lang='lat' dir='ltr'>desperemus.</span> <span class='ocrx_word' id='word_1_153' title='bbox 1305 1967 1418 2009; x_wconf 91' lang='lat' dir='ltr'>Ecce</span> <span class='ocrx_word' id='word_1_154' title='bbox 1434 1966 1524 2025; x_wconf 86' lang='lat' dir='ltr'>jam</span> 
     </span>
     <span class='ocr_line' id='line_1_23' title="bbox 142 2028 1525 2091; baseline 0.007 -20"><span class='ocrx_word' id='word_1_155' title='bbox 142 2043 231 2073; x_wconf 89' lang='lat' dir='ltr'>non</span> <span class='ocrx_word' id='word_1_156' title='bbox 249 2037 352 2072; x_wconf 87' lang='lat' dir='ltr'>sunt</span> <span class='ocrx_word' id='word_1_157' title='bbox 372 2028 559 2072; x_wconf 85' lang='lat' dir='ltr'>absurda</span> <span class='ocrx_word' id='word_1_158' title='bbox 580 2029 626 2072; x_wconf 93' lang='lat' dir='ltr'>in</span> <span class='ocrx_word' id='word_1_159' title='bbox 655 2028 775 2072; x_wconf 90' lang='lat' dir='ltr'>libris</span> <span class='ocrx_word' id='word_1_160' title='bbox 797 2029 1091 2075; x_wconf 88' lang='lat' dir='ltr'>ecclesiasticis</span> <span class='ocrx_word' id='word_1_161' title='bbox 1112 2049 1212 2091; x_wconf 85' lang='lat' dir='ltr'>quae</span> <span class='ocrx_word' id='word_1_162' title='bbox 1246 2034 1435 2088; x_wconf 86' lang='lat' dir='ltr'>absurda</span> <span class='ocrx_word' id='word_1_163' title='bbox 1457 2036 1525 2080; x_wconf 85' lang='lat' dir='ltr'>vi-</span> 
     </span>
     <span class='ocr_line' id='line_1_24' title="bbox 140 2097 1523 2163; baseline 0.007 -22"><span class='ocrx_word' id='word_1_164' title='bbox 140 2097 373 2153; x_wconf 83' lang='lat' dir='ltr'>debantur,</span> <span class='ocrx_word' id='word_1_165' title='bbox 392 2107 434 2142; x_wconf 84' lang='lat' dir='ltr'>et</span> <span class='ocrx_word' id='word_1_166' title='bbox 452 2107 632 2157; x_wconf 89' lang='lat' dir='ltr'>possunt</span> <span class='ocrx_word' id='word_1_167' title='bbox 655 2098 778 2142; x_wconf 88' lang='lat' dir='ltr'>aliter</span> <span class='ocrx_word' id='word_1_168' title='bbox 793 2107 924 2159; x_wconf 89' lang='lat' dir='ltr'>atque</span> <span class='ocrx_word' id='word_1_169' title='bbox 948 2101 1129 2146; x_wconf 90' lang='lat' dir='ltr'>honeste</span> <span class='ocrx_word' id='word_1_170' title='bbox 1149 2097 1349 2161; x_wconf 74' lang='lat' dir='ltr'>intelligi.</span> <span class='ocrx_word' id='word_1_171' title='bbox 1373 2106 1523 2163; x_wconf 85' lang='lat' dir='ltr'>Figam</span> 
     </span>
     <span class='ocr_line' id='line_1_25' title="bbox 141 2167 1522 2233; baseline 0.007 -22"><span class='ocrx_word' id='word_1_172' title='bbox 141 2167 272 2227; x_wconf 89' lang='lat' dir='ltr'>pedes</span> <span class='ocrx_word' id='word_1_173' title='bbox 294 2169 337 2212; x_wconf 92' lang='lat' dir='ltr'>in</span> <span class='ocrx_word' id='word_1_174' title='bbox 355 2183 406 2212; x_wconf 90' lang='lat' dir='ltr'>eo</span> <span class='ocrx_word' id='word_1_175' title='bbox 424 2169 562 2227; x_wconf 84' lang='lat' dir='ltr'>gradu</span> <span class='ocrx_word' id='word_1_176' title='bbox 578 2169 624 2212; x_wconf 92' lang='lat' dir='ltr'>in</span> <span class='ocrx_word' id='word_1_177' title='bbox 640 2184 729 2228; x_wconf 90' lang='lat' dir='ltr'>quo</span> <span class='ocrx_word' id='word_1_178' title='bbox 751 2185 861 2228; x_wconf 89' lang='lat' dir='ltr'>puer</span> <span class='ocrx_word' id='word_1_179' title='bbox 883 2187 906 2214; x_wconf 88' lang='lat' dir='ltr'>a</span> <span class='ocrx_word' id='word_1_180' title='bbox 924 2173 1179 2230; x_wconf 88' lang='lat' dir='ltr'>parentibus</span> <span class='ocrx_word' id='word_1_181' title='bbox 1195 2175 1359 2233; x_wconf 89' lang='lat' dir='ltr'>positus</span> <span class='ocrx_word' id='word_1_182' title='bbox 1376 2191 1495 2220; x_wconf 87' lang='lat' dir='ltr'>eram</span> <span class='ocrx_word' id='word_1_183' title='bbox 1511 2211 1522 2231; x_wconf 93' lang='lat'>‚</span> 
     </span>
     <span class='ocr_line' id='line_1_26' title="bbox 144 2238 1526 2304; baseline 0.007 -23"><span class='ocrx_word' id='word_1_184' title='bbox 144 2238 284 2282; x_wconf 87' lang='lat' dir='ltr'>donec</span> <span class='ocrx_word' id='word_1_185' title='bbox 313 2238 560 2282; x_wconf 89' lang='lat' dir='ltr'>inveniatur</span> <span class='ocrx_word' id='word_1_186' title='bbox 586 2239 813 2298; x_wconf 85' lang='lat' dir='ltr'>perspicua</span> <span class='ocrx_word' id='word_1_187' title='bbox 843 2241 1015 2285; x_wconf 87' lang='lat' dir='ltr'>veritas.</span> <span class='ocrx_word' id='word_1_188' title='bbox 1045 2243 1130 2287; x_wconf 88' lang='lat' dir='ltr'>Sed</span> <span class='ocrx_word' id='word_1_189' title='bbox 1158 2244 1234 2288; x_wconf 94' lang='lat' dir='ltr'>ubi</span> <span class='ocrx_word' id='word_1_190' title='bbox 1269 2248 1526 2304; x_wconf 83' lang='lat' dir='ltr'>quaeretur?</span> 
     </span>
     <span class='ocr_line' id='line_1_27' title="bbox 145 2308 1525 2367; baseline 0.007 -16"><span class='ocrx_word' id='word_1_191' title='bbox 145 2308 321 2367; x_wconf 87' lang='lat' dir='ltr'>quando</span> <span class='ocrx_word' id='word_1_192' title='bbox 349 2311 598 2366; x_wconf 84' lang='lat' dir='ltr'>quaeretur?</span> <span class='ocrx_word' id='word_1_193' title='bbox 632 2311 729 2354; x_wconf 89' lang='lat' dir='ltr'>Non</span> <span class='ocrx_word' id='word_1_194' title='bbox 762 2319 885 2354; x_wconf 89' lang='lat' dir='ltr'>vacat</span> <span class='ocrx_word' id='word_1_195' title='bbox 906 2311 1134 2356; x_wconf 84' lang='lat' dir='ltr'>Ambrosio</span> <span class='ocrx_word' id='word_1_196' title='bbox 1152 2348 1163 2367; x_wconf 88' lang='lat'>‚</span> <span class='ocrx_word' id='word_1_197' title='bbox 1197 2329 1286 2358; x_wconf 90' lang='lat' dir='ltr'>non</span> <span class='ocrx_word' id='word_1_198' title='bbox 1316 2322 1440 2360; x_wconf 85' lang='lat' dir='ltr'>vacat</span> <span class='ocrx_word' id='word_1_199' title='bbox 1459 2315 1525 2360; x_wconf 90' lang='lat' dir='ltr'>le-</span> 
     </span>
     <span class='ocr_line' id='line_1_28' title="bbox 146 2376 1527 2445; baseline 0.009 -25"><span class='ocrx_word' id='word_1_200' title='bbox 146 2393 261 2437; x_wconf 84' lang='lat' dir='ltr'>gere.</span> <span class='ocrx_word' id='word_1_201' title='bbox 298 2378 380 2422; x_wconf 86' lang='lat' dir='ltr'>Ubi</span> <span class='ocrx_word' id='word_1_202' title='bbox 410 2379 524 2437; x_wconf 89' lang='lat' dir='ltr'>ipsos</span> <span class='ocrx_word' id='word_1_203' title='bbox 556 2376 725 2423; x_wconf 86' lang='lat' dir='ltr'>codices</span> <span class='ocrx_word' id='word_1_204' title='bbox 757 2380 1025 2438; x_wconf 81' lang='lat' dir='ltr'>quaerimus?</span> <span class='ocrx_word' id='word_1_205' title='bbox 1059 2383 1197 2438; x_wconf 91' lang='lat' dir='ltr'>unde,</span> <span class='ocrx_word' id='word_1_206' title='bbox 1238 2394 1313 2429; x_wconf 89' lang='lat' dir='ltr'>aut</span> <span class='ocrx_word' id='word_1_207' title='bbox 1347 2387 1527 2445; x_wconf 90' lang='lat' dir='ltr'>quando</span> 
     </span>
     <span class='ocr_line' id='line_1_29' title="bbox 146 2448 1523 2516; baseline 0.008 -25"><span class='ocrx_word' id='word_1_208' title='bbox 146 2450 474 2506; x_wconf 77' lang='lat' dir='ltr'>comparamus?</span> <span class='ocrx_word' id='word_1_209' title='bbox 494 2463 513 2491; x_wconf 84' lang='lat' dir='ltr'>a</span> <span class='ocrx_word' id='word_1_210' title='bbox 545 2448 703 2508; x_wconf 86' lang='lat' dir='ltr'>quibus</span> <span class='ocrx_word' id='word_1_211' title='bbox 732 2449 973 2495; x_wconf 79' lang='lat' dir='ltr'>sumimus?</span> <span class='ocrx_word' id='word_1_212' title='bbox 995 2454 1271 2511; x_wconf 87' lang='lat' dir='ltr'>Deputentur</span> <span class='ocrx_word' id='word_1_213' title='bbox 1299 2464 1493 2516; x_wconf 89' lang='lat' dir='ltr'>tempora</span> <span class='ocrx_word' id='word_1_214' title='bbox 1512 2493 1523 2512; x_wconf 90' lang='lat'>‚</span> 
     </span>
     <span class='ocr_line' id='line_1_30' title="bbox 148 2516 1528 2586; baseline 0.009 -26"><span class='ocrx_word' id='word_1_215' title='bbox 148 2516 464 2571; x_wconf 83' lang='lat' dir='ltr'>distribuantur</span> <span class='ocrx_word' id='word_1_216' title='bbox 486 2519 603 2570; x_wconf 83' lang='lat' dir='ltr'>horae</span> <span class='ocrx_word' id='word_1_217' title='bbox 627 2534 703 2578; x_wconf 88' lang='lat' dir='ltr'>pro</span> <span class='ocrx_word' id='word_1_218' title='bbox 726 2519 864 2564; x_wconf 82' lang='lat' dir='ltr'>salute</span> <span class='ocrx_word' id='word_1_219' title='bbox 883 2521 1053 2566; x_wconf 84' lang='lat' dir='ltr'>animae.</span> <span class='ocrx_word' id='word_1_220' title='bbox 1080 2526 1236 2582; x_wconf 85' lang='lat' dir='ltr'>Magna</span> <span class='ocrx_word' id='word_1_221' title='bbox 1258 2541 1352 2586; x_wconf 85' lang='lat' dir='ltr'>spes</span> <span class='ocrx_word' id='word_1_222' title='bbox 1375 2529 1528 2574; x_wconf 85' lang='lat' dir='ltr'>oborta</span> 
     </span>
    </p>
   </div>
   <div class='ocr_carea' id='block_1_8' title="bbox 1260 2598 1298 2636">
    <p class='ocr_par' dir='ltr' id='par_1_8' title="bbox 1260 2598 1298 2636">
     <span class='ocr_line' id='line_1_31' title="bbox 1260 2598 1298 2636; baseline 0 0"><span class='ocrx_word' id='word_1_223' title='bbox 1260 2598 1298 2636; x_wconf 79' lang='lat'>9.</span> 
     </span>
    </p>
   </div>
  </div>
 </body>
</html>
