1871 3162
258 224 338 261 110
684 236 716 262 s.
754 233 983 262 Aucus-rim
1016 235 1194 262 muscum

252 415 1637 435 mmmfflmmmwummmmmmmmmmw

740 563 957 612 CAPUT
993 565 1140 611 XIII.

246 743 487 788 Docturas
506 741 795 787 rhetoricam
817 743 1020 787 mittitur
1040 740 1376 787 [Mediolanum
1399 758 1411 785 .·
1429 739 1494 787 ab
1513 742 1637 786 Am-

713 811 869 858 brosio
901 813 1171 872 suscipitur.

304 996 474 1039 XXIII.
513 996 676 1048 ITAQUE
720 1003 1004 1054 posteaquam
1036 994 1215 1038 missum
1248 1003 1314 1038 est
1339 1009 1363 1038 a
1389 993 1639 1038 Mediolano

246 1067 431 1109 Romam
451 1065 506 1108 ad
527 1064 786 1124 praefectum
803 1064 946 1118 urbis,
969 1073 1018 1107 ut
1034 1063 1097 1107 illi
1117 1063 1282 1107 civitati
1304 1063 1533 1107 rhetoricae
1551 1078 1642 1106 ma-

246 1135 375 1192 gister
395 1134 714 1193 provideretur,
736 1133 954 1192 impertita
972 1133 1101 1176 etiam
1123 1133 1348 1177 evectione
1364 1132 1540 1191 publica
1557 1135 1637 1190 (2),

247 1220 327 1264 ego
347 1206 437 1264 ipse
460 1204 623 1248 ambivi
644 1220 720 1265 per
747 1203 923 1248 eosdem
956 1203 1071 1262 ipsos
1092 1203 1348 1248 Manichaeis
1375 1204 1640 1248 vanitatibus

247 1275 404 1329 ebrios,
418 1274 580 1335 quibus
599 1284 650 1318 ut
667 1288 875 1328 carerem,
893 1273 1027 1328 ibam,
1043 1273 1116 1317 sed
1134 1273 1309 1332 utrique
1324 1273 1637 1328 nesciebamus,

249 1355 299 1390 ut
320 1345 511 1390 dictione
533 1347 754 1404 proposita
773 1359 844 1388 me
865 1343 1099 1402 probatum
1125 1341 1358 1402 praefectus
1380 1352 1487 1387 tunc
1511 1345 1640 1400 Sym-

250 1417 429 1460 machus
445 1415 653 1459 mitteret.
670 1417 727 1459 Et
742 1413 843 1459 veni
857 1413 1156 1459 Mediolanum
1170 1412 1226 1457 ad
1237 1413 1519 1458 Ambrosium
1535 1413 1640 1473 epis-

248 1501 408 1545 copum
430 1486 476 1529 in
492 1485 665 1544 optimis
683 1493 838 1528 notum
851 1483 946 1527 orbi
961 1492 1103 1537 terrae,
1124 1483 1246 1542 pium
1258 1483 1475 1528 cultorem
1492 1491 1636 1537 tuum,

248 1558 371 1617 cujus
390 1565 495 1600 tunc
517 1554 690 1615 eloquia
711 1565 884 1599 strenue
907 1554 1211 1598 ministrabant
1234 1553 1407 1613 adipem
1430 1553 1640 1597 frumenti

248 1628 330 1682 tui,
346 1636 389 1671 et
402 1625 597 1670 laetitiam
612 1623 714 1680 olei,
733 1634 777 1669 et
799 1624 986 1669 sobriam
999 1625 1087 1668 vini
1099 1624 1351 1669 ebrietatem
1365 1623 1635 1684 populo‘tuo.

250 1698 318 1744 Ad
339 1712 440 1741 eum
462 1705 608 1741 autem
627 1694 821 1756 ducebar
855 1695 931 1739 abs
953 1704 995 1739 te
1027 1695 1222 1739 nesciens
1243 1729 1255 1746 ‚
1291 1704 1341 1739 ut
1361 1709 1439 1754 per
1461 1709 1562 1738 eum
1584 1693 1638 1738 ad

250 1779 294 1814 te
316 1769 464 1813 sciens*
481 1766 677 1811 ducerer.
702 1764 902 1825 Suscepit
926 1781 995 1810 me
1017 1775 1196 1825 paterne
1216 1765 1290 1810 ille
1309 1766 1442 1810 homo
1470 1766 1570 1820 Dei,
1595 1773 1640 1808 et

250 1838 644 1899 peregrinationem
661 1852 799 1880 meam
824 1837 924 1880 satis
946 1835 1246 1895 episcopaliter
1268 1834 1434 1879 dilexit.
1460 1838 1638 1885 Eteum

251 1925 393 1954 amare
414 1909 551 1968 coepi,
576 1908 716 1967 primo
738 1906 918 1966 quidem
937 1922 1030 1951 non
1050 1916 1261 1965 tanquam
1283 1906 1506 1950 doctorem
1529 1906 1634 1959 veri,

252 1981 372 2040 quod
394 1979 440 2022 in
473 1977 665 2022 Ecclesia
688 1987 763 2021 tua
790 1992 965 2036 prorsus
997 1975 1279 2034 desperabam
1295 2010 1306 2029 ‚
1331 1974 1404 2019 sed
1427 1984 1637 2033 tanquam

253 2050 474 2094 hominem
498 2048 736 2104 benignum
758 2047 802 2090 in
827 2061 909 2089 me.
937 2048 994 2089 Et
1013 2044 1202 2088 studiose
1235 2043 1465 2087 audiebam
1487 2044 1637 2103 dispu—

252 2129 419 2164 tantem
452 2119 498 2162 in
534 2120 721 2177 populo,
747 2131 836 2161 non
865 2116 1103 2159 intentione
1124 2130 1209 2174 qua
1235 2114 1390 2168 debui,
1417 2114 1491 2158 sed
1513 2113 1637 2173 quasi

253 2191 479 2251 explorans
500 2190 590 2249 ejus
614 2188 884 2241 facundiam,
909 2196 1057 2230 utrum
1084 2186 1335 2230 conveniret
1363 2184 1489 2229 famae
1517 2201 1632 2240 suae,

255 2278 309 2306 an
333 2263 470 2321 major
484 2261 679 2305 minorve
701 2258 938 2317 proflueret
955 2272 1086 2317 quam
1106 2255 1426 2316 praedicabatur
1452 2275 1461 2300 :
1482 2266 1525 2299 et
1544 2271 1635 2299 ver-

255 2332 320 2376 bis
342 2333 431 2391 ejus
449 2328 743 2389 suspendebar
764 2328 972 2381 intentus,
997 2342 1141 2370 rerum
1164 2335 1308 2370 autem
1331 2326 1573 2370 incuriosus
1593 2333 1636 2368 et

255 2410 527 2459 contemptor
562 2399 774 2455 astabam3
817 2407 859 2441 et
880 2397 1127 2441 delectabar
1155 2397 1364 2440 suavitate
1392 2394 1602 2440 sermonis
1620 2430 1632 2450 ‚

255 2486 507 2532 quanquam
536 2469 807 2523 eruditioris,
837 2467 979 2512 minus
1002 2476 1146 2511 tamen
1174 2465 1467 2509 hilarescentis
1505 2475 1635 2525 atque

257 2541 485 2586 mulcentis
507 2555 638 2600 quam
661 2539 809 2584 Fausti
826 2546 932 2593 erat,
957 2537 1075 2597 quod
1101 2535 1254 2581 attinet
1274 2535 1329 2580 ad
1343 2534 1516 2581 dicendi
1537 2550 1634 2579 mo-
