1871 3162
254 194 341 236 394
687 210 719 237 s.
757 207 987 237 Auens‘nm
1020 209 1200 238 mnscom

256 273 436 318 vocibus
469 273 749 333 corporaliter
783 273 1059 318 enuntiandis
1077 308 1088 329 ‚
1108 289 1236 319 causa
1253 283 1317 318 est
1357 273 1536 331 abyssus
1563 289 1637 320 sae·

257 344 370 400 culi,
395 354 438 389 et
458 345 626 390 caecitas
649 345 786 390 carnis
801 380 813 400 ‚
840 361 927 405 qua
951 344 1139 404 cogitata
1159 361 1249 390 non
1273 354 1454 405 possunt
1471 344 1606 390 videri
1616 351 1633 402 ',

255 425 306 460 ut
319 431 428 476 opus
444 415 498 461 sit
518 417 753 476 instrepere
774 416 820 460 in
842 416 1020 460 auribus
1045 436 1053 461 :
1079 416 1138 461 ita
1154 416 1350 477 quamvis
1376 434 1396 458 «
1419 415 1636 475 Multipli-

256 505 277 529 »
315 496 468 531 centur
489 486 679 531 volatilia
711 502 839 546 super
866 495 1024 530 terram
1039 521 1051 541 ‚
1077 502 1127 532 ex
1149 487 1271 547 aquis
1296 505 1315 526 »
1337 495 1482 530 tamen
1502 485 1636 544 origi-

257 573 358 602 nem
379 558 562 603 ducunt.
589 558 764 603 Judicat
792 559 921 602 etiam
953 557 1176 617 spiritalis,
1212 557 1495 617 approbando
1517 559 1638 618 quod

255 638 420 672 rectum
439 664 450 678 ,
482 628 772 687 improbando
795 637 939 672 autem
963 627 1082 687 quod
1105 643 1330 688 perperam
1359 628 1573 672 invenerit
1591 628 1638 671 in

257 698 460 757 operibus
506 699 786 758 moribusque
829 697 1022 742 fidelium
1039 734 1050 753 ‚
1104 698 1388 755 eleemosynis
1429 707 1638 758 tanquam

254 778 367 813 terra
394 767 620 812 fructifera
639 804 649 823 ,
675 777 718 812 et
740 770 794 812 de
817 770 958 813 anima
991 769 1086 813 viva
1109 769 1414 813 mansuefactis
1440 768 1637 813 affectio-

254 839 384 882 nibus
403 874 414 893 ,
441 840 486 882 in
522 839 742 891 castitate,
773 838 818 882 in
843 839 1045 898 jejuniis,
1081 840 1126 884 in
1157 839 1495 898 cogitationibus
1526 838 1606 898 piis
1624 873 1635 894 ‚

254 911 308 954 de
336 910 385 954 iis
403 925 501 969 quae
522 926 599 969 per
616 925 787 953 sensum
807 910 997 968 corporis
1019 910 1333 968 percipiuntur.
1356 913 1415 954 De
1444 910 1509 953 his
1523 910 1638 954 enim

252 980 449 1041 judicare
466 995 584 1024 nunc
602 979 783 1034 dicitur,
810 980 854 1022 in
877 979 1035 1039 quibus
1056 989 1099 1023 et
1121 989 1378 1039 potestatem
1398 978 1639 1037 corrigendi

255 1051 402 1094 habet.

260 1234 290 1249 M
298 1234 437 1249 mmmmmx
443 1234 718 1249 mmmmm
722 1233 932 1255 mmmm!
938 1234 1001 1248 vwx«
1005 1232 1639 1248 mmmmmwuwuwtmmm

720 1389 755 1433 (ἶ
767 1388 798 1435 A
810 1389 937 1436 FUT
980 1390 1015 1435 X
1029 1390 1065 1433 ft
1078 1390 1089 1433 l
1102 1389 1158 1435 V.

340 1555 411 1600 Et
435 1554 678 1600 benedixit
696 1553 929 1613 eossDeus
952 1553 1140 1597 dicens:
1167 1553 1378 1598 Crescite
1395 1588 1405 1608 ‚
1437 1561 1545 1608 eta,

817 1626 926 1669 Gen.
956 1633 994 1667 1.
1022 1632 1092 1668 28.

309 1797 490 1839 XXXV.
529 1797 612 1839 SED
636 1794 744 1854 quid
779 1803 843 1837 est
874 1794 980 1847 hoc,
1006 1802 1048 1836 et
1084 1792 1214 1852 quale
1249 1793 1504 1849 mysterium
1542 1793 1639 1836 est?

254 1886 272 1908 ι)
307 1868 418 1911 Ερρρ
462 1865 680 1910 benedicis
712 1865 932 1919 homines,
967 1880 992 1908 ο
1037 1863 1241 1917 Domine,
1271 1873 1321 1907 ut
1358 1872 1552 1907 crescant
1594 1872 1638 1907 et

255 1955 274 1979 »
300 1936 509 1996 impleant
532 1945 705 1980 terram.
734 1956 751 1975 n
774 1934 974 1980 Nihil-ne
997 1934 1122 1978 nobis
1140 1949 1190 1977 ex
1212 1934 1296 1978 hoc
1317 1933 1483 1988 innuis,
1505 1942 1555 1977 ut
1574 1933 1639 1977 in-

252 2007 495 2065 telligamus
518 2005 714 2066 aliquid?
733 2008 822 2051 Cur
848 2021 936 2049 non
959 2005 1017 2048 ita
1041 2004 1312 2048 benedixeris
1332 2003 1476 2048 lucem
1505 2018 1636 2062 quam

252 2078 413 2122 vocasti
437 2076 574 2129 diem,
599 2092 678 2121 nec
696 2078 1019 2120 firmamentum
1036 2073 1158 2129 coeli,
1184 2090 1264 2118 nec
1281 2073 1538 2131 luminaria3
1558 2088 1639 2118 nec

252 2150 413 2203 sidera,
439 2164 518 2192 nec
547 2158 727 2203 terram,
755 2163 834 2192 nec
868 2148 1010 2190 mare?
1032 2147 1226 2190 Dicerem
1254 2142 1323 2195 tei
1350 2148 1462 2189 Deus
1495 2155 1640 2189 noster

253 2221 331 2282 qui
348 2236 425 2265 nos
447 2219 502 2263 ad
523 2219 758 2278 imaginem
780 2228 899 2263 tuam
917 2219 1089 2271 creasti,
1111 2217 1298 2261 dicerem
1314 2226 1356 2260 te
1374 2217 1458 2261 hoc
1475 2217 1641 2261 donum

255 2290 568 2335 benedictionis
584 2289 752 2334 homini
769 2289 942 2348 proprie
961 2287 1146 2333 voluisse
1164 2287 1334 2346 largiri3
1354 2287 1433 2331 nisi
1450 2288 1533 2331 hoc
1548 2302 1641 2330 mo·

256 2362 312 2405 do
340 2360 622 2405 benedixisses
646 2360 780 2418 pisces
794 2369 837 2403 ct
853 2369 992 2413 cetos,
1019 2368 1068 2402 ut
1090 2367 1352 2411 crescerent,
1371 2366 1411 2400 et
1426 2355 1640 2415 multipli-

256 2441 473 2479 carentur,
489 2439 532 2474 et
548 2429 779 2488 implerent
802 2444 933 2488 aquas
951 2428 1098 2481 maris,
1120 2436 1162 2471 et
1185 2426 1398 2470 volatilia¹
1425 2424 1641 2484 multipli-

312 2534 318 2547 ί
343 2527 443 2558 Forte
463 2524 656 2556 addendum
675 2532 725 2556 est
741 2529 787 2556 ut.
