1871 3162
279 228 362 271 186
707 240 743 271 s.
779 239 1011 271 Aucus‘nm
1042 241 1223 272 Emscom

278 433 1652 458 mmmmmhmummmwmmmmmmmvwvmmmwmmmwuwuwmmm

764 594 980 643 CAPUT
1029 595 1159 640 VIII.

515 761 549 806 I
547 779 577 807 n
597 759 786 807 hortum
806 758 1010 816 secedit;
1029 757 1148 820 quid
1166 758 1235 804 ibi
1253 759 1415 822 egerit.

328 933 449 977 XIX.
477 934 579 974 TUM
614 931 754 975 inilia
776 930 928 988 grandi
957 931 1045 974 rixa
1076 931 1289 974 interioris
1323 929 1480 974 domus
1512 943 1652 984 meae,

271 1017 403 1062 quam
433 1000 603 1045 fortiter
629 1002 913 1045 excitaveram
943 1016 1044 1045 cum
1077 1001 1218 1044 anima
1251 1015 1345 1044 mea
1372 1000 1418 1043 in
1452 999 1658 1044 cubiculo

270 1082 419 1116 nostro
441 1072 571 1117 corde
591 1088 689 1116 meo
706 1107 718 1127 ,
745 1081 833 1116 tam
851 1072 980 1116 vultu
999 1087 1129 1131 quam
1160 1080 1307 1115 mente
1335 1071 1534 1115 turbatus
1552 1105 1563 1125 ‚
1586 1071 1657 1114 in-

270 1141 384 1186 vado
408 1141 631 1201 Alypium,
653 1151 697 1186 et
720 1142 913 1187 exclamo
932 1141 1075 1195 :Quid
1096 1141 1317 1200 patimur?
1339 1140 1446 1200 quid
1465 1149 1528 1184 est
1542 1141 1658 1185 hoc?

270 1212 379 1274 quid
403 1212 596 1258 audisti?
630 1216 823 1272 Surgunt
843 1214 1009 1259 indocti
1031 1223 1074 1258 et
1093 1214 1256 1258 coelum
1284 1215 1482 1274 rapiunt,
1510 1223 1553 1258 et
1579 1230 1658 1259 nos

269 1298 369 1328 cum
402 1282 608 1327 doctrinis
631 1285 787 1329 nostris
809 1285 901 1328 sine
931 1284 1062 1329 corde
1077 1319 1088 1340 ,
1113 1301 1212 1329 ecce
1246 1285 1324 1329 ubi
1344 1284 1595 1329 volutamur
1612 1284 1657 1328 in

268 1369 398 1398 carne
415 1364 459 1399 et
475 1356 714 1412 sanguine?
735 1359 801 1399 An
824 1356 926 1415 quia
944 1364 1274 1415 praecesserunt,
1295 1355 1431 1414 pudet
1452 1355 1591 1415 sequi,
1612 1364 1654 1398 et

269 1440 358 1469 non
373 1426 509 1486 pudet
526 1441 606 1470 nec
627 1425 779 1470 saltem
794 1426 947 1486 sequi?
966 1426 1058 1470 Dixi
1076 1426 1219 1470 nescio
1236 1441 1335 1485 quae
1347 1425 1464 1479 talia,
1485 1435 1528 1469 et
1545 1425 1657 1469 abri-

269 1496 365 1555 puit
388 1512 456 1540 me
472 1496 526 1540 ab
546 1495 622 1540 illo
639 1505 767 1540 aestus
790 1511 910 1539 meus
925 1531 936 1550 ‚
956 1511 1058 1540 cum
1074 1504 1237 1540 taceret
1252 1496 1462 1541 attonitus
1482 1496 1657 1539 intuens

268 1582 353 1610 me.
380 1569 531 1626 Neque
561 1567 675 1610 enim
707 1565 832 1609 solita
866 1566 1073 1610 sonabam
1093 1601 1103 1620 ‚
1143 1566 1328 1625 plusque
1361 1565 1657 1626 loquebantur

269 1637 463 1680 animum
484 1651 628 1679 meum
651 1634 769 1679 frons
787 1670 798 1690 ‚
824 1651 968 1694 genae,
993 1635 1133 1690 oculi,
1159 1635 1293 1690 color,
1328 1636 1493 1681 modus
1507 1637 1622 1681 vocis
1641 1671 1653 1690 ‚

267 1722 400 1766 quam
422 1705 551 1749 verba
583 1720 681 1764 quae
703 1706 972 1765 promebam.
1002 1706 1213 1750 Hortulus
1234 1706 1416 1766 quidam
1437 1715 1529 1750 erat
1549 1707 1654 1751 hos·—

267 1777 362 1836 pitii
386 1777 519 1821 nostri
536 1791 625 1836 quo
640 1791 717 1820 nos
738 1775 972 1819 utebamur
991 1776 1103 1820 sicut
1132 1785 1222 1821 tota
1244 1775 1376 1821 domo
1395 1793 1404 1818 ε
1429 1792 1529 1820 nam
1553 1778 1655 1821 hos-

269 1863 342 1907 pes
365 1848 426 1891 ibi
448 1862 538 1892 non
559 1846 785 1891 habitabat
808 1846 1010 1891 dominus
1033 1847 1204 1892 domus.
1232 1847 1342 1892 Illuc
1363 1863 1432 1891 me
1461 1848 1653 1892 abstule-

269 1927 336 1962 rat
370 1917 584 1961 tumultus
627 1917 832 1977 pectoris,
874 1917 951 1961 ubi
990 1933 1120 1962 nemo
1160 1917 1389 1977 impediret
1430 1917 1653 1962 ardentem

268 1988 389 2033 litem
433 2004 566 2048 quam
598 2004 770 2033 mecum
810 2004 1031 2047 aggressus
1064 2003 1202 2043 eram,
1228 1988 1368 2033 donec
1402 1988 1537 2032 exiret
1569 2005 1653 2048 qua

270 2068 319 2103 tu
341 2059 502 2103 sciebas
525 2079 533 2104 ι
560 2074 638 2117 ego
669 2068 813 2103 autem
835 2075 946 2113 non,
980 2059 1056 2103 sed
1086 2068 1255 2103 tantum
1291 2058 1558 2102 insaniebam
1587 2075 1654 2104 sa-

268 2128 474 2178 lubriter,
508 2137 551 2173 et
579 2129 795 2174 moriebar
822 2128 1009 2173 vitaliter
1038 2144 1196 2188 gnarus
1222 2128 1329 2189 quid
1358 2128 1461 2172 mali
1493 2144 1650 2185 essem,

269 2209 312 2244 et
339 2199 514 2257 ignarus
537 2198 643 2259 quid
665 2199 768 2244 boni
791 2209 887 2258 post
908 2198 1137 2259 paululum
1160 2199 1334 2244 futurus
1361 2213 1511 2243 essem.
1538 2200 1653 2244 Abs-

271 2269 377 2314 cessi
401 2284 504 2328 ergo
527 2270 572 2312 in
593 2270 768 2313 hortum
789 2304 799 2324 ,
826 2279 869 2314 et
902 2269 1084 2329 Alypius
1112 2269 1223 2329 pede
1253 2279 1351 2329 post
1379 2269 1548 2329 pedem.
1573 2272 1655 2315 Ne-

271 2354 356 2399 que
378 2339 494 2383 enim
527 2348 741 2383 secretum
765 2354 911 2383 meum
928 2355 1017 2383 non
1044 2349 1158 2394 erat,
1188 2340 1267 2383 ubi
1288 2339 1360 2383 ille
1377 2339 1539 2384 aderat.
1564 2343 1654 2384 Aut

271 2408 448 2468 quando
477 2423 547 2452 me
578 2409 637 2453 sic
678 2409 884 2454 affectum
918 2410 1162 2454 desereret?
1203 2410 1399 2455 Sedimus
1437 2419 1651 2470 quantum

270 2479 491 2537 potuimus
513 2480 665 2524 remoti
683 2480 737 2524 ab
755 2479 923 2524 aedibus
946 2500 953 2525 ι
974 2495 1054 2539 ego
1072 2480 1311 2524 fremebam
1333 2481 1486 2540 spiritu
1508 2481 1651 2539 indig-

270 2562 376 2592 nans
410 2548 781 2595 turbulentissima
816 2550 1110 2609 indignatione
1131 2586 1141 2605 ,
1177 2550 1296 2610 quod
1333 2567 1421 2596 non
1463 2551 1568 2594 irem
1605 2551 1647 2594 in
