1871 3162
277 198 329 234 72
715 207 747 236 s.
783 208 1013 238 mensum
1044 209 1225 238 EPISCOPI

273 384 625 400 MMMMMMRWMM
630 385 903 401 ννὶἱιννννννὶνὶΜ
908 385 1641 403 ΊΛᾹΊΝΝᾺΜΜΜΜΜΨΛΝἏΜΝΜΙἋΜΜΜΜ

784 519 999 567 CAPUT
1036 521 1123 568 VI.

554 676 778 736 Quantas
798 693 860 721 ex
884 676 1034 722 amici
1051 686 1202 722 morte
1221 674 1372 721 dolor.

330 833 409 874 XI.
445 836 558 883 Qum
580 842 726 876 autem
746 834 826 877 ista
856 834 1043 893 loquor?
1078 837 1175 881 Non
1198 836 1315 879 enim
1337 843 1509 893 tempus
1530 848 1655 893 quae-

272 901 395 945 rendi
413 917 531 945 nunc
552 911 639 956 est,
671 902 746 946 sed
767 904 1007 948 confitendi
1026 905 1122 948 tibi.
1143 906 1272 949 Miser
1294 921 1434 960 eram,
1464 914 1508 949 et
1530 905 1657 948 miser

274 982 337 1015 est
359 973 499 1016 omnis
533 973 702 1016 animus
724 973 894 1017 vinctus
926 974 1112 1018 amicitia
1143 989 1288 1018 rerum
1319 974 1586 1029 mortalium,
1613 983 1657 1018 et

273 1042 505 1086 dilaniatur
530 1058 629 1087 cum
664 1059 733 1086 eas
767 1045 953 1099 amittit,
978 1054 1022 1088 et
1044 1054 1150 1088 tune
1172 1045 1303 1088 sentit
1324 1046 1538 1089 miseriam
1570 1060 1657 1105 qua

272 1114 401 1157 miser
421 1123 485 1158 est
501 1124 544 1158 et
564 1124 798 1174 antequam
822 1116 990 1160 amittat
1006 1131 1090 1160 eas.
1120 1117 1188 1160 Sic
1204 1131 1284 1174 ego
1307 1131 1427 1160 eram
1445 1115 1521 1160 illo
1542 1125 1659 1160 tem-

273 1198 376 1241 pore
391 1218 401 1238 ,
428 1193 470 1227 et
492 1184 651 1229 flebam
675 1185 956 1239 amarissime,
978 1195 1021 1229 et
1036 1185 1359 1245 requiescebam
1380 1185 1426 1228 in
1449 1186 1658 1230 amaritu-

273 1253 386 1298 dine.
407 1257 471 1298 Ita
484 1256 611 1298 miser
623 1271 756 1310 eram,
773 1265 815 1299 et
829 1256 1046 1299 habebam
1065 1256 1305 1300 chariorem
1319 1254 1394 1300 illo
1412 1256 1549 1300 amico
1563 1272 1660 1300 meo

271 1324 401 1368 vitam
426 1325 561 1383 ipsam
583 1326 798 1369 miseram.
825 1329 933 1371 Nam
955 1327 1150 1386 quamvis
1172 1341 1265 1370 eam
1291 1335 1459 1370 mutare
1480 1325 1656 1379 vellem,

276 1393 436 1437 nollem
471 1404 617 1438 tamen
642 1397 842 1440 amittere
864 1397 997 1454 magis
1018 1412 1150 1455 quam
1173 1397 1316 1440 illum.
1350 1400 1407 1440 Et
1439 1397 1583 1441 nescio
1604 1413 1661 1441 an

273 1463 433 1506 vellem
453 1465 519 1506 vel
540 1481 619 1522 pro
641 1465 717 1508 illo
732 1500 743 1519 ,
768 1466 879 1509 sicut
901 1465 956 1509 de
975 1466 1128 1509 Oreste
1151 1476 1194 1509 et
1217 1466 1380 1523 Pylade
1398 1466 1601 1521 traditur,
1626 1468 1661 1510 si

275 1547 364 1575 non
386 1533 584 1590 fingitur,
608 1535 684 1592 qui
701 1533 864 1578 vellent
880 1550 958 1593 pro
974 1535 1159 1580 invicem
1176 1534 1246 1580 vel
1259 1534 1389 1580 simul
1407 1536 1538 1591 mori,
1559 1537 1661 1596 quia

276 1611 415 1645 morte
438 1605 561 1662 pejus
583 1604 642 1647 eis
665 1613 756 1647 erat
783 1619 869 1647 non
896 1603 1025 1647 simul
1057 1606 1214 1649 vivere.
1253 1605 1337 1649 Sed
1359 1606 1404 1648 in
1425 1621 1495 1649 me
1516 1607 1661 1651 nescio

275 1672 370 1730 quis
394 1672 574 1715 affectus
593 1673 719 1716 nimis
744 1673 847 1716 huic
869 1674 1111 1718 contrarius
1134 1683 1254 1718 ortus
1273 1684 1364 1719 erat
1384 1695 1394 1732 3
1415 1685 1458 1719 et
1478 1675 1660 1720 taedium

273 1742 445 1785 vivendi
463 1752 554 1785 erat
571 1743 615 1785 in
635 1758 702 1785 me
723 1743 1036 1801 gravissimum,
1058 1753 1100 1788 et
1115 1745 1329 1788 moriendi
1343 1755 1496 1789 metus.
1517 1745 1661 1791 Credo

274 1827 362 1870 quo
382 1813 517 1869 magis
549 1811 674 1855 illum
707 1813 902 1856 amabam
919 1848 930 1867 ,
965 1829 1016 1857 eo
1039 1815 1173 1871 magis
1198 1824 1404 1870 mortem,
1430 1831 1529 1875 quae
1550 1816 1659 1860 mihi

276 1897 377 1924 eum
403 1881 656 1936 abstulerat,
684 1891 891 1942 tanquam
912 1885 1222 1928 atrocissimam
1242 1884 1461 1929 inimicam
1483 1885 1660 1931 oderam

274 1960 317 1994 et
335 1951 539 1994 timebam
557 1973 567 2007 3
592 1962 634 1995 et
656 1968 750 1995 eam
774 1963 951 2012 repente
974 1963 1330 2012 consumpturam
1348 1970 1498 1998 omnes
1515 1955 1660 1999 homi-

276 2037 349 2064 nes
380 2022 588 2080 putabam
609 2059 618 2077 ‚
652 2024 752 2082 quia
781 2023 903 2067 illum
926 2026 1083 2082 potuit.
1113 2024 1180 2069 Sic
1202 2040 1318 2068 eram
1337 2025 1540 2080 omnino,
1566 2041 1661 2070 me-

278 2094 396 2135 mini.
424 2096 534 2136 Ecce
557 2109 630 2137 cor
654 2109 797 2137 meum
818 2129 828 2147 ‚
856 2098 967 2138 Deus
991 2110 1110 2139 meus
1137 2114 1146 2139 :
1180 2111 1278 2139 ecce
1300 2096 1416 2140 intus
1438 2096 1538 2140 vide
1559 2098 1662 2156 quia

277 2161 476 2215 memini,
511 2178 606 2220 spes
634 2179 726 2206 mea
760 2164 835 2222 qui
856 2178 925 2207 me
946 2165 1130 2208 mundas
1150 2181 1172 2208 a
1195 2165 1347 2208 talium
1378 2166 1660 2211 affectionum

277 2231 552 2275 immunditia
569 2267 579 2286 ‚
606 2232 793 2290 dirigens
823 2233 970 2277 oculos
1000 2250 1115 2278 meos
1151 2235 1202 2278 ad
1237 2245 1278 2278 te
1296 2270 1306 2288 ‚
1333 2245 1376 2278 et
1396 2235 1584 2280 evellens
1607 2236 1661 2280 de

276 2302 433 2361 laqueo
447 2302 576 2361 pedes
592 2307 742 2346 meos¹.
757 2304 945 2349 Mirabar
957 2305 1070 2348 enim
1087 2315 1263 2349 caeteros
1277 2305 1478 2349 mortales
1489 2307 1658 2364 vivere3

277 2375 377 2430 quia
412 2372 484 2415 ille
507 2388 637 2432 quem
658 2375 780 2433 quasi
803 2390 892 2418 non
913 2376 1176 2419 moriturum
1206 2376 1440 2420 dilexeram
1463 2386 1660 2421 mortuus

279 2452 367 2485 ’.πη
386 2475 397 2495 ,
424 2450 466 2485 et
484 2457 552 2485 me
570 2444 705 2501 magis
727 2445 829 2500 quia
850 2444 912 2487 illi
930 2445 1036 2488 alter
1059 2460 1175 2490 eram
1192 2481 1204 2500 ,
1228 2446 1371 2491 vivere
1388 2445 1464 2491 illo
1486 2456 1660 2492 mortuo

329 2544 333 2558 ¹
355 2536 432 2568 Psal.
451 2548 538 2578 xxiv,
559 2542 607 2569 15.
