1871 3162
242 231 324 268 272
664 240 696 267 s.
734 241 960 268 aucusuffl
997 240 1175 266 EPISCOPI

240 307 354 350 oculi
376 307 533 349 sentire
556 315 764 365 possunt3
790 305 863 348 sed
900 304 1046 358 etiam,
1072 302 1182 347 Vide
1202 302 1309 362 quid
1338 311 1483 356 sonet,
1512 302 1622 346 Vide

201 436 204 440 .
240 377 349 436 quid
370 376 498 426 oleat3
523 375 633 420 Vide
651 375 757 434 quid
782 375 934 433 sapiat,
955 373 1066 417 Vide
1087 373 1389 432 quamdurum
1411 372 1479 416 sit.
1500 371 1623 416 Ideo-

205 467 211 505 χ
240 464 326 508 que
350 445 559 506 generalis
579 445 838 505 experientia
865 460 1085 499 sensuum,
1106 443 1458 503 concupiscentia
1481 444 1491 497 (
1514 443 1626 486 sicut

241 518 405 562 dictum
429 520 520 572 est)
543 516 770 560 oculorum
792 525 971 559 vocatur
992 535 1003 571 3
1039 513 1141 574 quia
1163 513 1339 558 videndi
1362 512 1556 557 officium
1578 512 1624 556 in

241 605 329 648 quo
351 589 584 647 primatum
602 586 717 631 oculi
735 595 902 640 tenent,
937 585 1069 628 etiam
1095 584 1242 628 caeteri
1276 598 1426 627 sensus
1456 583 1539 626 sibi
1571 583 1626 626 de

241 658 527 702 similitudine
549 666 775 716 usurpant,
796 671 897 700 cum
920 654 1085 715 aliquid
1107 654 1362 713 cognitionis
1377 652 1622 712 {exploranL

304 731 392 771 LV.
425 731 490 771 Ex
512 729 596 772 hoc
630 737 774 771 autem
808 725 1050 769 evidentius
1072 724 1332 769 discernitur
1353 724 1460 784 quid
1475 723 1630 782 volup-

248 802 358 853 tatis,
394 799 502 858 quid
528 798 785 842 curiositatis
821 806 972 855 agatur
1009 812 1085 855 per
1103 811 1273 853 sensus;
1293 794 1412 856 quod
1432 794 1633 854 voluptas

244 870 442 930 pulchra,
467 886 642 923 canora,
661 870 826 922 suavia,
852 867 1013 927 sapida,
1037 867 1149 911 lenia
1167 876 1355 911 sectatur
1376 886 1384 910 z
1410 866 1633 911 curiositas

244 951 386 985 autc-m
425 941 552 984 etiam
592 941 656 984 his
692 939 904 984 contraria
941 938 1139 981 tentandi
1172 954 1315 992 causa,
1354 953 1441 981 non
1474 937 1529 980 ad
1557 952 1632 980 su-

169 1004 173 1006 ’
196 1027 222 1047 ²³
243 1012 463 1056 beundam
477 1010 736 1063 molestiam,
754 1010 830 1053 sed
848 1008 1098 1068 experiendi
1123 1008 1420 1066 noscendique
1434 1007 1630 1051 libidine.

246 1084 359 1136 Quid
391 1084 504 1125 enim
534 1081 768 1140 voluptatis
809 1081 944 1124 hahet
977 1079 1123 1123 videre
1156 1080 1201 1121 in
1232 1077 1393 1122 laniato
1428 1077 1636 1122 cadavere

246 1155 366 1215 quod
404 1155 658 1203 exhorreaae
697 1162 739 1196 et
781 1162 927 1195 tamen
962 1152 1101 1195 sicubi
1119 1152 1276 1210 jaceat,
1302 1159 1570 1194 concurrunt
1586 1158 1636 1192 ut

246 1225 571 1277 contristentur,
611 1234 661 1267 ut
694 1223 899 1281 palleant.
950 1222 1123 1264 Timent
1155 1221 1282 1264 etiam
1326 1236 1380 1264 ne
1401 1221 1446 1263 in
1475 1220 1636 1264 somnis

251 1298 331 1339 hoc
352 1296 553 1351 videant3
577 1294 701 1353 quasi
719 1294 948 1352 quisquam
969 1307 1040 1335 cos
1064 1289 1290 1348 vigilantes
1312 1290 1459 1333 videre
1482 1294 1638 1348 coege-

249 1368 319 1419 rit,
347 1376 420 1409 aut
443 1363 780 1425 pulchritudinis
795 1363 881 1406 ulla
906 1363 1019 1406 fama
1038 1362 1309 1420 persuaserit.
1338 1364 1402 1404 Ita
1419 1370 1461 1404 et
1482 1361 1528 1404 in
1550 1377 1637 1404 cae-

248 1438 348 1482 teris
371 1438 585 1489 sensilius‚
616 1451 715 1495 quae
738 1434 938 1493 persequi
958 1434 1140 1491 longum
1169 1442 1244 1475 est.
1270 1435 1332 1475 Ex
1361 1433 1445 1475 hoc
1483 1432 1638 1475 morbo

249 1508 498 1567 cupiditatis
522 1508 567 1549 in
589 1503 848 1564 spectaculis
871 1504 1138 1547 exhibentur
1181 1518 1370 1561 quaeque
1410 1501 1635 1546 miracula.

252 1579 362 1622 Hinc
396 1577 451 1621 ad
487 1575 801 1635 perscrutanda
835 1583 1003 1618 naturae
1042 1576 1058 1630 (
1093 1589 1192 1632 quae
1228 1581 1386 1631 praeter
1418 1587 1495 1616 nos
1539 1573 1639 1629 est)

251 1658 399 1708 operta
423 1646 691 1706 proceditur,
717 1661 816 1705 quae
839 1645 947 1688 scire
970 1643 1080 1687 nihil
1101 1642 1293 1702 prodest,
1319 1652 1363 1687 et
1384 1642 1493 1686 nihil
1520 1641 1640 1686 aliud

252 1734 383 1778 quam
406 1718 512 1761 scire
532 1717 730 1761 homines
754 1715 954 1774 cupiunt.
980 1715 1092 1757 Hinc
1115 1714 1262 1768 etiam,
1288 1714 1322 1757 si
1354 1712 1463 1773 quid
1486 1711 1637 1757 eodem

253 1804 462 1849 perversa}
488 1788 680 1831 scientiae
702 1786 789 1829 fine
827 1801 902 1844 per
936 1794 1047 1828 artes
1068 1785 1257 1843 magicas
1280 1784 1508 1844 quaeritur.
1529 1783 1641 1827 Hinc

253 1861 382 1904 ctiam
404 1859 450 1902 in
467 1859 557 1917 ipsa
581 1857 787 1915 religione
809 1859 926 1900 Deus
943 1864 1159 1909 tentatur⁷
1191 1870 1291 1899 cum
1316 1855 1436 1913 signa
1463 1863 1507 1898 et
1539 1869 1642 1913 pro-

254 1930 368 1989 digia
397 1929 666 1988 flagitantur,
692 1943 782 1971 non
805 1926 860 1971 ad
887 1926 1075 1986 aliquam
1100 1925 1300 1980 salutem,
1326 1926 1400 1969 sed
1429 1925 1485 1969 ad
1507 1924 1642 1968 solam

257 1999 564 2060 experientiam
583 1997 839 2042 desiderata.

317 2073 431 2114 LVI.
445 2073 496 2114 In
509 2071 591 2114 hac
608 2079 695 2113 tam
708 2069 918 2112 immensa
931 2065 1051 2124 sylva
1069 2066 1195 2125 plena
1210 2064 1463 2109 insidiarum
1480 2074 1524 2109 et
1535 2065 1642 2124 peri-

258 2142 474 2196 culorum,
500 2157 599 2185 ecce
620 2140 758 2184 multa
777 2137 1046 2198 praeciderim
1070 2146 1112 2180 et
1135 2153 1157 2180 a
1182 2152 1279 2181 meo
1300 2136 1430 2181 corde
1451 2135 1643 2196 dispule-
1677 2177 1683 2179 .

258 2215 356 2268 rim,
378 2213 503 2256 sicuti
525 2211 695 2256 donasti
722 2226 791 2254 me
814 2209 971 2263 facere,
997 2211 1111 2251 Deus
1133 2207 1281 2251 salutis
1293 2222 1402 2251 meae
1421 2226 1429 2251 ε
1451 2216 1661 2251 attamen.

259 2285 436 2345 quaudo
473 2283 612 2327 audeo
651 2283 808 2335 dicere,
844 2295 943 2324 cum
975 2280 1317 2338 circumquaque
1344 2278 1642 2338 quotidianam

261 2359 392 2400 vitam
413 2366 602 2400 nostram
640 2363 728 2397 tam
764 2355 901 2396 multa
929 2352 1058 2410 hujus
1096 2351 1261 2409 generis
1289 2365 1433 2394 rerum
1453 2350 1641 2394 circum-

262 2437 478 2486 strepant,
499 2424 675 2487 quando
703 2423 843 2468 audeo
865 2422 1007 2466 dicere
1030 2421 1151 2466 nulia
1173 2437 1218 2465 re
1240 2421 1316 2465 tali
1338 2436 1406 2464 me
1423 2422 1642 2465 intentum

263 2499 354 2543 sieri
384 2497 437 2541 ad
459 2495 743 2557 spectandum
760 2531 771 2549 7
801 2504 840 2538 ct
871 2509 980 2539 vana
1005 2508 1107 2537 cura
1134 2492 1424 2550 capiendum?
1445 2493 1553 2536 Sane
1575 2505 1644 2533 mc

259 2572 347 2629 jam
373 2570 535 2614 theatra
570 2584 655 2613 non
678 2568 874 2625 rapiunt,
912 2581 990 2609 nec
1013 2579 1117 2608 curo
1141 2578 1264 2608 nosse
1299 2562 1501 2607 transitus
1533 2561 1644 2606 side-

1800 164 1803 192 .-
1800 127 1803 146 ..
1798 75 1803 99 δέ
1793 0 1802 64 §-⁴-
