1871 3162
556 269 902 306 SOLILOQUIORUM
914 284 925 306 ‚
960 268 1027 295 Lm
1037 284 1046 294 .
1079 270 1127 294 11.
1426 259 1510 299 447

138 333 267 377 rebus
287 331 463 388 falsitaS‚
489 332 564 376 sed
585 333 628 376 in
653 348 779 376 sensu
799 351 807 376 ι
833 347 923 376 non
945 340 1089 375 autem
1111 329 1276 375 fallitur
1298 333 1374 392 qui
1401 332 1515 379 falsis

138 417 229 447 non
256 403 500 447 assentitur.
526 402 768 446 Conficitur
789 410 840 445 ut
861 400 982 445 aliud
1001 400 1132 444 simus
1153 415 1248 455 nos⁷
1270 400 1391 446 aliud
1419 418 1519 448 sen-

139 487 234 516 sus:
260 473 473 531 siquidem
495 487 595 516 cum
623 473 714 530 ipse
732 471 914 527 fallitur,
940 486 1167 531 possumus
1188 486 1266 515 nos
1288 487 1377 516 non
1406 473 1514 518 falli.

138 545 191 586 A.
211 542 328 587 Nihil
349 542 491 587 habeo
510 541 631 602 quod
654 542 963 586 contradicam.
990 545 1043 584 R.
1074 540 1159 585 Sed
1181 543 1399 600 numquid
1417 558 1517 586 cum

140 612 282 655 anima
301 611 483 666 fallitur,
509 611 640 655 audes
661 621 704 656 te
727 611 869 655 dicere
891 626 981 655 non
1003 625 1092 654 esse
1120 609 1307 654 falsum?
1338 614 1390 656 A.
1426 616 1520 665 Quo

139 691 266 741 pacto
296 681 413 726 istud
448 683 662 726 audeam?
698 685 752 727 R.
793 685 851 725 At
879 680 1028 724 nullus
1053 696 1201 725 sensus
1234 681 1324 725 sine
1353 683 1522 738 anima,

140 750 262 795 nulla
288 750 451 796 falsitas
479 753 571 796 sine
599 767 742 796 sensu.
768 754 859 795 Aut
879 759 1084 811 operatur
1104 751 1237 810 igitur
1261 752 1419 805 anima,
1451 761 1526 796 aut

142 832 401 882 cooperatur
421 822 614 867 falsitati.
650 825 703 867 A.
741 822 938 866 Trahunt
964 821 1255 881 praecedentia
1277 824 1528 868 consensio-

142 908 259 936 nem.

203 965 278 1006 IV.
298 961 415 1007 Illud
429 977 548 1006 nunc
563 961 794 1021 responde,
809 969 959 1005 utrum
971 961 1052 1004 tibi
1067 960 1266 1005 videatur
1280 976 1402 1021 posse
1417 964 1526 1019 fieri,

144 1040 194 1076 ut
216 1031 453 1092 aliquando
475 1033 638 1077 falsitas
667 1048 758 1077 non
779 1032 868 1076 sit?
890 1034 942 1075 A.
969 1031 1203 1084 Quomodo
1220 1033 1326 1076 mihi
1359 1034 1443 1077 hoc
1464 1034 1531 1078 vi-

147 1102 239 1147 deri
262 1112 406 1162 potest
427 1120 526 1148 cum
551 1113 671 1148 tanta
692 1104 746 1148 sit
768 1101 1001 1146 difficultas
1020 1101 1295 1146 inveniendae
1315 1104 1530 1159 veritatis,

147 1182 198 1217 ut
219 1173 448 1218 absurdius
479 1173 650 1218 dicatur
678 1172 911 1218 falsitatem
932 1187 1064 1232 quam
1088 1172 1313 1216 veritatem
1335 1189 1425 1218 esse
1445 1190 1536 1219 non

145 1247 298 1303 posse?
316 1248 369 1288 R.
386 1244 716 1304 Numquidnam
729 1243 948 1287 arbitraris
962 1257 1063 1286 eum
1080 1243 1156 1303 qui
1173 1258 1263 1287 non
1273 1244 1395 1300 vivit,
1412 1260 1536 1304 posse

147 1315 338 1359 sentire?
359 1318 411 1359 A.
436 1317 533 1360 Non
564 1323 708 1374 potest
730 1313 838 1357 fieri.
873 1317 927 1357 R.
955 1312 1220 1359 Confectum
1254 1323 1318 1359 est
1347 1316 1538 1360 animam

145 1399 315 1444 semper
331 1386 490 1429 vivere.
521 1388 573 1429 A.
605 1385 740 1431 Nimis
762 1385 849 1428 cito
874 1399 1002 1443 urges
1025 1399 1095 1427 me
1117 1384 1164 1427 in
1187 1384 1344 1443 gaudia
1372 1405 1381 1431 ε
1409 1387 1540 1446 pede-

144 1456 299 1500 tentim
316 1471 480 1515 quaeso.
506 1458 560 1498 R.
582 1455 717 1514 Atqui
740 1455 775 1498 si
796 1463 911 1498 recte
940 1454 1014 1498 illa
1037 1470 1240 1499 concessa
1270 1466 1398 1512 sunt,
1428 1458 1539 1502 nihil

146 1525 200 1569 de
221 1526 303 1570 hac
323 1541 369 1569 re
391 1525 688 1570 dubitandum
709 1525 853 1570 video.
879 1528 930 1569 A.
956 1526 1092 1571 Nimis
1114 1527 1201 1571 cito
1223 1536 1287 1571 est
1302 1562 1313 1583 ‚
1338 1529 1534 1588 inquam.

149 1599 301 1656 Itaque
324 1596 493 1641 facilius
506 1596 717 1651 adducor,
745 1605 796 1640 ut
817 1611 887 1639 me
914 1605 1078 1640 temere
1096 1596 1262 1656 aliquid
1283 1601 1541 1644 concessisse

148 1666 353 1720 arbitrer,
380 1681 512 1727 quam
548 1676 598 1710 ut
621 1668 711 1726 jam
739 1680 916 1710 securus
947 1666 1002 1709 de
1037 1666 1364 1713 immortalitate
1385 1671 1541 1715 animae

148 1737 264 1781 fiam.
292 1740 455 1781 Tamen
478 1737 629 1781 evolve
645 1738 771 1780 istam
793 1737 1119 1780 conclusionem
1135 1772 1146 1791 ,
1169 1748 1212 1781 et
1238 1741 1464 1797 quomodo
1493 1742 1540 1786 id

149 1807 357 1851 effectum
379 1807 433 1851 sit
455 1805 649 1850 ostende.
668 1808 723 1848 R.
750 1804 1002 1849 Falsitatem
1020 1805 1162 1849 dixisti
1189 1808 1279 1851 sine
1301 1824 1430 1853 sensu
1451 1826 1541 1855 esse

150 1892 240 1920 non
254 1891 398 1935 posse7
424 1885 468 1919 et
489 1891 583 1919 eam
613 1890 703 1919 non
726 1889 815 1918 esse
837 1889 928 1919 non
945 1890 1070 1934 posse
1095 1893 1105 1921 t
1126 1891 1295 1936 semper
1322 1879 1456 1938 igitur
1477 1891 1541 1926 est

151 1961 314 1989 sensus.
341 1949 397 1989 At
430 1945 578 1989 nullus
601 1960 749 1988 sensus
781 1945 872 1988 sine
904 1945 1048 1988 anima
1075 1965 1084 1990 2
1110 1946 1251 1991 anima
1272 1948 1405 2006 igitur
1432 1965 1543 1994 sem-

151 2016 323 2075 piterna
350 2025 428 2059 est.
463 2019 554 2062 Nec
584 2015 701 2060 valet
724 2015 884 2060 sentire
900 2050 912 2071 ,
937 2016 1019 2060 nisi
1046 2016 1180 2062 vivat.
1210 2020 1389 2078 Semper
1409 2021 1543 2079 igitur

155 2087 297 2131 anima
317 2086 438 2131 vivit.
