1871 3162
582 243 930 279 conrnssmuw,
965 243 1048 269 Lm.
1085 243 1129 269 x.
1456 233 1537 272 267

166 313 251 353 tuit
268 324 319 353 ex
341 309 552 353 deteriore
573 307 742 362 melior,
768 322 858 351 non
877 308 951 351 fiat
979 307 1107 350 etiam
1130 321 1181 350 ex
1217 306 1395 352 meliore
1417 309 1541 353 dete-

161 382 262 424 rior.
282 382 375 425 Una
397 394 512 438 spes,
537 394 624 422 una
646 379 803 423 fiducia
821 413 831 433 ‚
857 393 944 422 una
965 378 1089 422 firma
1106 378 1347 437 promissio,
1369 379 1535 422 miseri-

166 450 315 496 cordia
329 460 418 495 tua.

1003 627 1471 645 mmmmmxwuwvu
1476 627 1513 644 W
1528 629 1545 645 fl

169 632 205 646 Μ
208 630 474 646 ᾹΦἋΝΙΛΜΝἏ

554 763 771 812 CAPUT
807 764 1040 810 XXXIH-

421 919 485 965 Ut
507 936 558 965 se
568 920 695 983 gerit
717 918 788 964 ad
807 918 1077 978 voluptates
1100 920 1306 964 aurium.

217 1080 376 1123 XLIX.
412 1080 691 1123 Voummnzs
719 1078 890 1122 aurium
908 1078 1102 1122 tenacius
1126 1093 1194 1121 me
1216 1077 1545 1136 implicaverant

157 1158 200 1193 et
220 1149 582 1209 subjugaverant,
618 1149 692 1192 sed
713 1148 924 1192 resolvisti
945 1157 987 1192 et
1004 1148 1196 1192 liberasti
1231 1163 1314 1191 me.
1347 1151 1474 1192 Nunc
1499 1149 1545 1192 in

157 1219 270 1263 sonis
293 1234 401 1278 quos
424 1219 618 1262 animant
636 1218 809 1278 eloquia
836 1227 935 1272 tua,
962 1233 1061 1261 cum
1094 1218 1214 1262 suavi
1245 1227 1287 1261 et
1315 1218 1545 1263 artificiosa

157 1304 263 1333 voce
280 1298 527 1343 cantantur,
547 1289 704 1342 fateor,
723 1287 1046 1347 aliquantulum
1066 1288 1307 1347 acquiesco,
1336 1303 1424 1332 non
1446 1290 1544 1347 qui-

159 1359 259 1403 dem
279 1368 328 1403 ut
350 1360 537 1402 haeream
554 1395 565 1413 ‚
591 1359 668 1403 sed
685 1367 734 1402 ut
751 1374 923 1416 surgam
947 1374 1047 1403 cum
1072 1357 1187 1402 volo.
1213 1361 1419 1402 Attamen
1443 1375 1543 1403 cum

158 1430 258 1488 ipsis
281 1429 502 1473 sententiis
524 1429 683 1488 quibus
705 1429 876 1483 vivunt,
895 1439 944 1472 ut
962 1429 1250 1472 admittantur
1265 1429 1319 1472 ad
1331 1444 1399 1472 me
1422 1446 1544 1489 quae-

157 1509 258 1544 runt
279 1500 323 1542 in
343 1498 473 1543 corde
496 1514 592 1543 rneo
620 1498 873 1542 nonnullius
897 1498 1115 1557 dignitatis
1132 1499 1275 1543 locum
1290 1534 1300 1554 ‚
1321 1508 1364 1543 et
1383 1500 1452 1543 vix
1481 1501 1540 1544 eis

156 1571 673 1629 praebeocongruentem.
695 1568 945 1629 Aliquando
974 1571 1090 1612 enim
1124 1570 1224 1628 plus
1259 1570 1365 1613 mihi
1393 1570 1543 1615 videor

157 1641 334 1685 honoris
357 1641 416 1684 eis
438 1641 627 1685 tribuere
650 1655 781 1700 quam
807 1640 954 1694 decet,
988 1639 1091 1684 dum
1116 1640 1216 1700 ipsis
1242 1641 1398 1684 sanctis
1419 1640 1542 1685 dictis

157 1710 396 1769 religiosius
428 1721 470 1754 et
505 1710 724 1771 ardentius
745 1711 884 1754 sentio
921 1711 1083 1755 moveri
1107 1712 1270 1756 animos
1301 1721 1470 1756 nostros
1497 1713 1542 1756 in

156 1782 373 1826 flammam
414 1782 581 1840 pietatis
600 1817 610 1836 ,
645 1797 744 1826 cum
774 1783 833 1826 ita
855 1792 1113 1836 cantantur,
1139 1798 1268 1842 quam
1298 1783 1331 1826 si
1364 1799 1454 1827 non
1483 1784 1542 1828 ita

156 1861 439 1896 cantarentur
452 1872 463 1908 3
477 1861 520 1895 et
532 1867 681 1895 omnes
696 1852 877 1896 affectus
895 1853 1067 1911 spiritus
1081 1854 1214 1897 nostri
1228 1868 1307 1912 pro
1323 1854 1387 1896 sui
1405 1855 1542 1898 diver·
1596 1876 1605 1890 r

155 1923 279 1966 sitate
307 1923 467 1966 habere
501 1922 695 1980 proprios
717 1922 870 1965 modos
888 1923 933 1965 in
950 1938 1055 1966 voce
1078 1932 1208 1983 atque
1231 1932 1386 1978 cantu,
1425 1939 1538 1984 quo-

156 2008 252 2035 rum
274 1992 416 2035 nescio
449 2007 534 2050 qua
557 1990 727 2035 occulta
746 1990 1036 2036 familiaritate
1059 1993 1314 2036 excitentur.
1341 1992 1428 2037 Sed
1458 1993 1538 2037 de-

152 2063 326 2107 lectatio
343 2062 482 2106 carnis
506 2073 628 2117 meae,
643 2063 713 2106 cui
729 2072 919 2106 mentem
939 2064 1232 2108 enervandam
1256 2080 1345 2108 non
1363 2074 1535 2123 oportet

153 2134 262 2188 dari,
282 2149 395 2193 saepe
417 2149 484 2177 me
506 2132 632 2188 fallit,
660 2134 766 2178 dum
789 2135 999 2178 rationem
1031 2151 1176 2179 sensus
1199 2151 1289 2180 non
1317 2136 1374 2180 ita
1398 2137 1537 2181 comi-

154 2215 272 2249 tatur
293 2215 342 2249 ut
357 2206 570 2264 patienter
591 2205 645 2249 sit
663 2206 904 2264 posterior3
934 2206 1007 2251 sed
1032 2216 1202 2250 tantum
1232 2208 1333 2267 quia
1359 2217 1537 2268 propter

152 2274 272 2319 illam
292 2266 452 2319 ineruit
473 2275 669 2330 admitti,
700 2276 828 2320 etiam
847 2292 1111 2335 praecurrere
1134 2293 1183 2322 ac
1205 2277 1365 2322 ducere
1401 2294 1535 2323 cona-

155 2355 239 2390 tur.
267 2348 330 2389 Ita
346 2345 391 2388 in
409 2345 473 2388 his
489 2360 621 2404 pecco
645 2361 734 2390 non
757 2348 943 2391 sentiens
960 2382 971 2402 ‚
993 2347 1067 2391 sed
1090 2357 1236 2407 postea
1259 2348 1414 2393 sentio.

212 2419 260 2459 L.
293 2415 541 2475 Aliquando
563 2425 710 2460 autem
730 2417 842 2461 hanc
864 2417 1001 2476 ipsam
1031 2417 1244 2462 fallaciam
1273 2418 1537 2465 immodera-

151 2487 235 2530 tius
258 2502 412 2530 cavens
434 2502 529 2531 erro
551 2488 683 2532 nimia
705 2488 931 2532 severitate
948 2510 959 2547 3
979 2488 1054 2533 sed
1073 2488 1197 2533 valde
1220 2489 1458 2546 interdum,
1483 2501 1535 2536 ut

149 2557 283 2601 melos
312 2573 444 2602 omne
486 2558 803 2604 cantilenarum
847 2559 1048 2605 suavium
1077 2560 1244 2620 quibus
1272 2560 1529 2607 Davidicum
