<?xml version="1.0" encoding="UTF-8"?>
<!DOCTYPE html PUBLIC "-//W3C//DTD XHTML 1.0 Transitional//EN"
    "http://www.w3.org/TR/xhtml1/DTD/xhtml1-transitional.dtd">
<html xmlns="http://www.w3.org/1999/xhtml" xml:lang="en" lang="en">
 <head>
  <title>
</title>
<meta http-equiv="Content-Type" content="text/html;charset=utf-8" />
  <meta name='ocr-system' content='tesseract 3.04.00' />
  <meta name='ocr-capabilities' content='ocr_page ocr_carea ocr_par ocr_line ocrx_word'/>
</head>
<body>
  <div class='ocr_page' id='page_1' title='image "./operaomniaaccura25auguuoft_0276.png"; bbox 0 0 1871 3162; ppageno 0'>
   <div class='ocr_carea' id='block_1_1' title="bbox 228 193 1166 233">
    <p class='ocr_par' dir='ltr' id='par_1_1' title="bbox 228 193 1166 233">
     <span class='ocr_line' id='line_1_1' title="bbox 228 193 1166 233; baseline -0.001 -1"><span class='ocrx_word' id='word_1_1' title='bbox 228 193 310 233; x_wconf 68' lang='lat'>⁵264</span> <span class='ocrx_word' id='word_1_2' title='bbox 654 202 686 232; x_wconf 84' lang='lat' dir='ltr'>s.</span> <span class='ocrx_word' id='word_1_3' title='bbox 725 204 952 233; x_wconf 75' lang='lat' dir='ltr'><strong>AUGUSTINI</strong></span> <span class='ocrx_word' id='word_1_4' title='bbox 988 205 1166 233; x_wconf 66' lang='lat' dir='ltr'>Erlscom</span> 
     </span>
    </p>
   </div>
   <div class='ocr_carea' id='block_1_2' title="bbox 219 270 1607 966">
    <p class='ocr_par' dir='ltr' id='par_1_2' title="bbox 219 270 1606 882">
     <span class='ocr_line' id='line_1_2' title="bbox 224 270 1603 331; baseline 0 -16"><span class='ocrx_word' id='word_1_5' title='bbox 224 286 378 331; x_wconf 87' lang='lat' dir='ltr'>parum</span> <span class='ocrx_word' id='word_1_6' title='bbox 397 279 473 315; x_wconf 84' lang='lat' dir='ltr'>est.</span> <span class='ocrx_word' id='word_1_7' title='bbox 497 273 552 315; x_wconf 86' lang='lat' dir='ltr'>Et</span> <span class='ocrx_word' id='word_1_8' title='bbox 572 285 686 330; x_wconf 84' lang='lat' dir='ltr'>saepe</span> <span class='ocrx_word' id='word_1_9' title='bbox 709 271 920 315; x_wconf 84' lang='lat' dir='ltr'>incertum</span> <span class='ocrx_word' id='word_1_10' title='bbox 945 272 1009 325; x_wconf 82' lang='lat' dir='ltr'>fit,</span> <span class='ocrx_word' id='word_1_11' title='bbox 1034 279 1183 314; x_wconf 85' lang='lat' dir='ltr'>utrum</span> <span class='ocrx_word' id='word_1_12' title='bbox 1205 270 1348 314; x_wconf 81' lang='lat' dir='ltr'>adhuc</span> <span class='ocrx_word' id='word_1_13' title='bbox 1368 272 1603 315; x_wconf 77' lang='lat' dir='ltr'>necessaria</span> 
     </span>
     <span class='ocr_line' id='line_1_3' title="bbox 222 341 1604 402; baseline -0.001 -15"><span class='ocrx_word' id='word_1_14' title='bbox 222 343 413 402; x_wconf 86' lang='lat' dir='ltr'>corporis</span> <span class='ocrx_word' id='word_1_15' title='bbox 430 358 532 386; x_wconf 81' lang='lat' dir='ltr'>eura</span> <span class='ocrx_word' id='word_1_16' title='bbox 555 341 795 386; x_wconf 70' lang='lat' dir='ltr'>subsidium</span> <span class='ocrx_word' id='word_1_17' title='bbox 818 351 963 400; x_wconf 69' lang='lat' dir='ltr'>petat,</span> <span class='ocrx_word' id='word_1_18' title='bbox 1001 357 1054 385; x_wconf 84' lang='lat' dir='ltr'>an</span> <span class='ocrx_word' id='word_1_19' title='bbox 1083 342 1324 400; x_wconf 84' lang='lat' dir='ltr'>voluptaria</span> <span class='ocrx_word' id='word_1_20' title='bbox 1357 342 1604 401; x_wconf 74' lang='lat' dir='ltr'>cupiditatis</span> 
     </span>
     <span class='ocr_line' id='line_1_4' title="bbox 220 411 1606 470; baseline -0.001 -12"><span class='ocrx_word' id='word_1_21' title='bbox 220 413 390 458; x_wconf 83' lang='lat' dir='ltr'>fallacia</span> <span class='ocrx_word' id='word_1_22' title='bbox 412 412 697 456; x_wconf 86' lang='lat' dir='ltr'>ministerium</span> <span class='ocrx_word' id='word_1_23' title='bbox 722 420 937 470; x_wconf 74' lang='lat' dir='ltr'>suppetat.</span> <span class='ocrx_word' id='word_1_24' title='bbox 965 411 1029 455; x_wconf 82' lang='lat' dir='ltr'>Ad</span> <span class='ocrx_word' id='word_1_25' title='bbox 1055 412 1136 456; x_wconf 85' lang='lat' dir='ltr'>hoe</span> <span class='ocrx_word' id='word_1_26' title='bbox 1152 413 1367 456; x_wconf 73' lang='lat' dir='ltr'>incertum</span> <span class='ocrx_word' id='word_1_27' title='bbox 1390 412 1606 456; x_wconf 79' lang='lat' dir='ltr'>hilarescit</span> 
     </span>
     <span class='ocr_line' id='line_1_5' title="bbox 219 483 1600 542; baseline -0.002 -13"><span class='ocrx_word' id='word_1_28' title='bbox 219 484 368 529; x_wconf 78' lang='lat' dir='ltr'>infelix</span> <span class='ocrx_word' id='word_1_29' title='bbox 382 484 522 528; x_wconf 85' lang='lat' dir='ltr'>anima</span> <span class='ocrx_word' id='word_1_30' title='bbox 536 518 546 537; x_wconf 91' lang='lat'>,</span> <span class='ocrx_word' id='word_1_31' title='bbox 567 492 610 526; x_wconf 85' lang='lat' dir='ltr'>et</span> <span class='ocrx_word' id='word_1_32' title='bbox 630 483 674 525; x_wconf 90' lang='lat' dir='ltr'>in</span> <span class='ocrx_word' id='word_1_33' title='bbox 693 497 743 525; x_wconf 92' lang='lat' dir='ltr'>eo</span> <span class='ocrx_word' id='word_1_34' title='bbox 760 491 974 541; x_wconf 76' lang='lat' dir='ltr'>praeparat</span> <span class='ocrx_word' id='word_1_35' title='bbox 989 484 1271 527; x_wconf 72' lang='lat' dir='ltr'>excusationis</span> <span class='ocrx_word' id='word_1_36' title='bbox 1296 484 1600 542; x_wconf 77' lang='lat' dir='ltr'>patrocinium,</span> 
     </span>
     <span class='ocr_line' id='line_1_6' title="bbox 221 552 1601 614; baseline -0.001 -14"><span class='ocrx_word' id='word_1_37' title='bbox 221 555 412 614; x_wconf 81' lang='lat' dir='ltr'>gaudens</span> <span class='ocrx_word' id='word_1_38' title='bbox 446 569 651 613; x_wconf 84' lang='lat' dir='ltr'>apparere</span> <span class='ocrx_word' id='word_1_39' title='bbox 674 552 780 612; x_wconf 87' lang='lat' dir='ltr'>quid</span> <span class='ocrx_word' id='word_1_40' title='bbox 815 553 913 597; x_wconf 83' lang='lat' dir='ltr'>satis</span> <span class='ocrx_word' id='word_1_41' title='bbox 934 553 988 597; x_wconf 86' lang='lat' dir='ltr'>sit</span> <span class='ocrx_word' id='word_1_42' title='bbox 1016 554 1303 598; x_wconf 82' lang='lat' dir='ltr'>moderationi</span> <span class='ocrx_word' id='word_1_43' title='bbox 1326 554 1601 608; x_wconf 84' lang='lat' dir='ltr'>valetudinis,</span> 
     </span>
     <span class='ocr_line' id='line_1_7' title="bbox 221 624 1605 684; baseline -0.001 -13"><span class='ocrx_word' id='word_1_44' title='bbox 221 637 270 671; x_wconf 77' lang='lat' dir='ltr'>ut</span> <span class='ocrx_word' id='word_1_45' title='bbox 288 627 471 671; x_wconf 81' lang='lat' dir='ltr'>obtentu</span> <span class='ocrx_word' id='word_1_46' title='bbox 488 624 635 669; x_wconf 80' lang='lat' dir='ltr'>salutis</span> <span class='ocrx_word' id='word_1_47' title='bbox 653 625 887 668; x_wconf 72' lang='lat' dir='ltr'>obumbret</span> <span class='ocrx_word' id='word_1_48' title='bbox 904 625 1128 683; x_wconf 77' lang='lat' dir='ltr'>negotium</span> <span class='ocrx_word' id='word_1_49' title='bbox 1145 624 1394 684; x_wconf 81' lang='lat' dir='ltr'>voluptatis.</span> <span class='ocrx_word' id='word_1_50' title='bbox 1415 625 1490 669; x_wconf 85' lang='lat' dir='ltr'>His</span> <span class='ocrx_word' id='word_1_51' title='bbox 1508 634 1605 669; x_wconf 87' lang='lat' dir='ltr'>ten-</span> 
     </span>
     <span class='ocr_line' id='line_1_8' title="bbox 224 694 1605 755; baseline -0.001 -13"><span class='ocrx_word' id='word_1_52' title='bbox 224 697 459 742; x_wconf 82' lang='lat' dir='ltr'>tationibus</span> <span class='ocrx_word' id='word_1_53' title='bbox 491 694 686 755; x_wconf 82' lang='lat' dir='ltr'>quotidie</span> <span class='ocrx_word' id='word_1_54' title='bbox 719 711 852 739; x_wconf 87' lang='lat' dir='ltr'>conor</span> <span class='ocrx_word' id='word_1_55' title='bbox 879 696 1090 750; x_wconf 83' lang='lat' dir='ltr'>resistere,</span> <span class='ocrx_word' id='word_1_56' title='bbox 1121 704 1164 738; x_wconf 87' lang='lat' dir='ltr'>et</span> <span class='ocrx_word' id='word_1_57' title='bbox 1195 696 1351 739; x_wconf 86' lang='lat' dir='ltr'>invoco</span> <span class='ocrx_word' id='word_1_58' title='bbox 1383 696 1605 740; x_wconf 73' lang='lat' dir='ltr'>dexteram</span> 
     </span>
     <span class='ocr_line' id='line_1_9' title="bbox 221 764 1606 826; baseline 0.001 -16"><span class='ocrx_word' id='word_1_59' title='bbox 221 778 339 811; x_wconf 87' lang='lat' dir='ltr'>tuam</span> <span class='ocrx_word' id='word_1_60' title='bbox 364 767 419 810; x_wconf 83' lang='lat' dir='ltr'>ad</span> <span class='ocrx_word' id='word_1_61' title='bbox 439 765 622 809; x_wconf 81' lang='lat' dir='ltr'>salutem</span> <span class='ocrx_word' id='word_1_62' title='bbox 642 781 798 819; x_wconf 84' lang='lat' dir='ltr'>meam,</span> <span class='ocrx_word' id='word_1_63' title='bbox 825 774 867 809; x_wconf 86' lang='lat' dir='ltr'>et</span> <span class='ocrx_word' id='word_1_64' title='bbox 890 765 944 810; x_wconf 84' lang='lat' dir='ltr'>ad</span> <span class='ocrx_word' id='word_1_65' title='bbox 968 775 1010 809; x_wconf 92' lang='lat' dir='ltr'>te</span> <span class='ocrx_word' id='word_1_66' title='bbox 1033 764 1172 810; x_wconf 84' lang='lat' dir='ltr'>refero</span> <span class='ocrx_word' id='word_1_67' title='bbox 1192 775 1319 809; x_wconf 78' lang='lat' dir='ltr'>aestus</span> <span class='ocrx_word' id='word_1_68' title='bbox 1341 780 1474 821; x_wconf 86' lang='lat' dir='ltr'>meOS,</span> <span class='ocrx_word' id='word_1_69' title='bbox 1504 766 1606 826; x_wconf 85' lang='lat' dir='ltr'>quia</span> 
     </span>
     <span class='ocr_line' id='line_1_10' title="bbox 221 835 1121 882; baseline -0.002 -1"><span class='ocrx_word' id='word_1_70' title='bbox 221 837 448 882; x_wconf 86' lang='lat' dir='ltr'>eonsilium</span> <span class='ocrx_word' id='word_1_71' title='bbox 465 836 570 879; x_wconf 89' lang='lat' dir='ltr'>mihi</span> <span class='ocrx_word' id='word_1_72' title='bbox 586 836 732 879; x_wconf 80' lang='lat' dir='ltr'>dehac</span> <span class='ocrx_word' id='word_1_73' title='bbox 748 851 791 879; x_wconf 91' lang='lat' dir='ltr'>re</span> <span class='ocrx_word' id='word_1_74' title='bbox 808 835 1005 879; x_wconf 86' lang='lat' dir='ltr'>nondum</span> <span class='ocrx_word' id='word_1_75' title='bbox 1023 845 1121 879; x_wconf 81' lang='lat' dir='ltr'>stat.</span> 
     </span>
    </p>

    <p class='ocr_par' dir='ltr' id='par_1_3' title="bbox 278 906 1607 966">
     <span class='ocr_line' id='line_1_11' title="bbox 278 906 1607 966; baseline 0 -15"><span class='ocrx_word' id='word_1_76' title='bbox 278 909 411 951; x_wconf 76' lang='lat' dir='ltr'>XLV.</span> <span class='ocrx_word' id='word_1_77' title='bbox 448 906 593 950; x_wconf 88' lang='lat' dir='ltr'>Audio</span> <span class='ocrx_word' id='word_1_78' title='bbox 614 921 764 950; x_wconf 84' lang='lat' dir='ltr'>vocem</span> <span class='ocrx_word' id='word_1_79' title='bbox 781 907 973 966; x_wconf 78' lang='lat' dir='ltr'>jubentis</span> <span class='ocrx_word' id='word_1_80' title='bbox 996 907 1074 949; x_wconf 86' lang='lat' dir='ltr'>Dei</span> <span class='ocrx_word' id='word_1_81' title='bbox 1097 907 1179 950; x_wconf 86' lang='lat' dir='ltr'>mei</span> <span class='ocrx_word' id='word_1_82' title='bbox 1197 926 1205 951; x_wconf 73' lang='grc' dir='ltr'>ι</span> <span class='ocrx_word' id='word_1_83' title='bbox 1226 927 1245 948; x_wconf 90' lang='lat'>«</span> <span class='ocrx_word' id='word_1_84' title='bbox 1261 910 1357 951; x_wconf 88' lang='lat' dir='ltr'>Non</span> <span class='ocrx_word' id='word_1_85' title='bbox 1374 916 1607 965; x_wconf 76' lang='lat' dir='ltr'>graventur</span> 
     </span>
    </p>
   </div>
   <div class='ocr_carea' id='block_1_3' title="bbox 157 976 1605 1036">
    <p class='ocr_par' dir='ltr' id='par_1_4' title="bbox 157 976 1605 1036">
     <span class='ocr_line' id='line_1_12' title="bbox 157 976 1605 1036; baseline 0.001 -17"><span class='ocrx_word' id='word_1_86' title='bbox 157 989 161 992; x_wconf 76' lang='grc'><strong>’</strong></span> <span class='ocrx_word' id='word_1_87' title='bbox 224 998 244 1020; x_wconf 68' lang='lat' dir='ltr'>n</span> <span class='ocrx_word' id='word_1_88' title='bbox 281 977 413 1022; x_wconf 86' lang='lat' dir='ltr'>eorda</span> <span class='ocrx_word' id='word_1_89' title='bbox 434 986 574 1021; x_wconf 87' lang='lat' dir='ltr'>vestra</span> <span class='ocrx_word' id='word_1_90' title='bbox 603 976 650 1020; x_wconf 91' lang='lat' dir='ltr'>in</span> <span class='ocrx_word' id='word_1_91' title='bbox 678 976 853 1036; x_wconf 77' lang='lat' dir='ltr'>crapula</span> <span class='ocrx_word' id='word_1_92' title='bbox 881 986 922 1019; x_wconf 90' lang='lat' dir='ltr'>et</span> <span class='ocrx_word' id='word_1_93' title='bbox 946 977 1152 1020; x_wconf 80' lang='lat' dir='ltr'>ebrietate</span> <span class='ocrx_word' id='word_1_94' title='bbox 1169 980 1197 1020; x_wconf 80' lang='lat'>¹.</span> <span class='ocrx_word' id='word_1_95' title='bbox 1222 996 1240 1017; x_wconf 73' lang='lat' dir='ltr'>n</span> <span class='ocrx_word' id='word_1_96' title='bbox 1259 978 1455 1021; x_wconf 77' lang='lat' dir='ltr'>Enrietas</span> <span class='ocrx_word' id='word_1_97' title='bbox 1476 977 1605 1036; x_wconf 79' lang='lat' dir='ltr'>longe</span> 
     </span>
    </p>
   </div>
   <div class='ocr_carea' id='block_1_4' title="bbox 221 1048 1622 2453">
    <p class='ocr_par' dir='ltr' id='par_1_5' title="bbox 221 1048 1622 2453">
     <span class='ocr_line' id='line_1_13' title="bbox 221 1048 1605 1108; baseline -0.001 -14"><span class='ocrx_word' id='word_1_98' title='bbox 221 1060 284 1094; x_wconf 84' lang='lat' dir='ltr'>est</span> <span class='ocrx_word' id='word_1_99' title='bbox 302 1066 324 1093; x_wconf 87' lang='lat' dir='ltr'>a</span> <span class='ocrx_word' id='word_1_100' title='bbox 345 1065 412 1093; x_wconf 91' lang='lat' dir='ltr'>me</span> <span class='ocrx_word' id='word_1_101' title='bbox 430 1069 438 1094; x_wconf 72' lang='grc' dir='ltr'>ε</span> <span class='ocrx_word' id='word_1_102' title='bbox 466 1048 731 1092; x_wconf 76' lang='lat' dir='ltr'>misereberis</span> <span class='ocrx_word' id='word_1_103' title='bbox 752 1064 808 1091; x_wconf 86' lang='lat' dir='ltr'>ne</span> <span class='ocrx_word' id='word_1_104' title='bbox 829 1049 1149 1108; x_wconf 74' lang='lat' dir='ltr'>appropinquet</span> <span class='ocrx_word' id='word_1_105' title='bbox 1172 1049 1292 1092; x_wconf 78' lang='lat' dir='ltr'>mihi.</span> <span class='ocrx_word' id='word_1_106' title='bbox 1315 1048 1502 1108; x_wconf 85' lang='lat' dir='ltr'>Crapula</span> <span class='ocrx_word' id='word_1_107' title='bbox 1526 1065 1605 1093; x_wconf 86' lang='lat' dir='ltr'>au-</span> 
     </span>
     <span class='ocr_line' id='line_1_14' title="bbox 224 1119 1605 1180; baseline -0.001 -15"><span class='ocrx_word' id='word_1_108' title='bbox 224 1131 312 1165; x_wconf 84' lang='lat' dir='ltr'>tem</span> <span class='ocrx_word' id='word_1_109' title='bbox 350 1134 668 1180; x_wconf 78' lang='lat' dir='ltr'>nonnunquam</span> <span class='ocrx_word' id='word_1_110' title='bbox 715 1119 912 1179; x_wconf 84' lang='lat' dir='ltr'>subrepit</span> <span class='ocrx_word' id='word_1_111' title='bbox 947 1135 1070 1162; x_wconf 84' lang='lat' dir='ltr'>servo</span> <span class='ocrx_word' id='word_1_112' title='bbox 1108 1129 1184 1163; x_wconf 89' lang='lat' dir='ltr'>tuo</span> <span class='ocrx_word' id='word_1_113' title='bbox 1205 1140 1214 1164; x_wconf 75' lang='lat' dir='ltr'><em>z</em></span> <span class='ocrx_word' id='word_1_114' title='bbox 1248 1119 1518 1163; x_wconf 81' lang='lat' dir='ltr'>misereberis</span> <span class='ocrx_word' id='word_1_115' title='bbox 1557 1130 1605 1173; x_wconf 88' lang='lat' dir='ltr'>ut</span> 
     </span>
     <span class='ocr_line' id='line_1_15' title="bbox 221 1191 1608 1251; baseline -0.002 -14"><span class='ocrx_word' id='word_1_116' title='bbox 221 1194 350 1251; x_wconf 81' lang='lat' dir='ltr'>longe</span> <span class='ocrx_word' id='word_1_117' title='bbox 371 1192 446 1235; x_wconf 87' lang='lat' dir='ltr'>fiat</span> <span class='ocrx_word' id='word_1_118' title='bbox 468 1208 490 1235; x_wconf 92' lang='lat' dir='ltr'>a</span> <span class='ocrx_word' id='word_1_119' title='bbox 512 1206 596 1234; x_wconf 90' lang='lat' dir='ltr'>me.</span> <span class='ocrx_word' id='word_1_120' title='bbox 622 1193 758 1235; x_wconf 88' lang='lat' dir='ltr'>Nemo</span> <span class='ocrx_word' id='word_1_121' title='bbox 781 1191 894 1233; x_wconf 87' lang='lat' dir='ltr'>enim</span> <span class='ocrx_word' id='word_1_122' title='bbox 920 1200 1062 1250; x_wconf 82' lang='lat' dir='ltr'>potest</span> <span class='ocrx_word' id='word_1_123' title='bbox 1083 1206 1172 1234; x_wconf 84' lang='lat' dir='ltr'>esse</span> <span class='ocrx_word' id='word_1_124' title='bbox 1191 1192 1438 1246; x_wconf 82' lang='lat' dir='ltr'>continens,</span> <span class='ocrx_word' id='word_1_125' title='bbox 1466 1192 1544 1235; x_wconf 88' lang='lat' dir='ltr'>nisi</span> <span class='ocrx_word' id='word_1_126' title='bbox 1559 1201 1608 1236; x_wconf 84' lang='lat' dir='ltr'>tu</span> 
     </span>
     <span class='ocr_line' id='line_1_16' title="bbox 223 1262 1609 1322; baseline -0.001 -14"><span class='ocrx_word' id='word_1_127' title='bbox 223 1264 313 1308; x_wconf 89' lang='lat' dir='ltr'>des.</span> <span class='ocrx_word' id='word_1_128' title='bbox 340 1263 479 1307; x_wconf 80' lang='lat' dir='ltr'>Multa</span> <span class='ocrx_word' id='word_1_129' title='bbox 504 1262 629 1306; x_wconf 87' lang='lat' dir='ltr'>nobis</span> <span class='ocrx_word' id='word_1_130' title='bbox 650 1262 874 1306; x_wconf 82' lang='lat' dir='ltr'>orantibus</span> <span class='ocrx_word' id='word_1_131' title='bbox 898 1262 1079 1319; x_wconf 69' lang='lat' dir='ltr'>tribuis,</span> <span class='ocrx_word' id='word_1_132' title='bbox 1105 1272 1147 1306; x_wconf 87' lang='lat' dir='ltr'>et</span> <span class='ocrx_word' id='word_1_133' title='bbox 1165 1262 1380 1322; x_wconf 83' lang='lat' dir='ltr'>quidquid</span> <span class='ocrx_word' id='word_1_134' title='bbox 1404 1263 1509 1306; x_wconf 87' lang='lat' dir='ltr'>boni</span> <span class='ocrx_word' id='word_1_135' title='bbox 1532 1279 1609 1315; x_wconf 80' lang='lat' dir='ltr'>an-</span> 
     </span>
     <span class='ocr_line' id='line_1_17' title="bbox 222 1334 1607 1396; baseline -0.001 -16"><span class='ocrx_word' id='word_1_136' title='bbox 222 1346 396 1396; x_wconf 83' lang='lat' dir='ltr'>tequam</span> <span class='ocrx_word' id='word_1_137' title='bbox 433 1349 652 1378; x_wconf 84' lang='lat' dir='ltr'>oraremus</span> <span class='ocrx_word' id='word_1_138' title='bbox 680 1334 939 1392; x_wconf 84' lang='lat' dir='ltr'>aeeepimus,</span> <span class='ocrx_word' id='word_1_139' title='bbox 973 1349 993 1377; x_wconf 87' lang='lat' dir='ltr'>a</span> <span class='ocrx_word' id='word_1_140' title='bbox 1016 1343 1057 1376; x_wconf 88' lang='lat' dir='ltr'>te</span> <span class='ocrx_word' id='word_1_141' title='bbox 1080 1334 1351 1392; x_wconf 75' lang='lat' dir='ltr'>accepimus3</span> <span class='ocrx_word' id='word_1_142' title='bbox 1389 1343 1431 1377; x_wconf 87' lang='lat' dir='ltr'>et</span> <span class='ocrx_word' id='word_1_143' title='bbox 1454 1343 1503 1377; x_wconf 89' lang='lat' dir='ltr'>ut</span> <span class='ocrx_word' id='word_1_144' title='bbox 1525 1335 1607 1379; x_wconf 86' lang='lat' dir='ltr'>hoe</span> 
     </span>
     <span class='ocr_line' id='line_1_18' title="bbox 222 1404 1606 1467; baseline -0.002 -16"><span class='ocrx_word' id='word_1_145' title='bbox 222 1415 370 1467; x_wconf 85' lang='lat' dir='ltr'>postea</span> <span class='ocrx_word' id='word_1_146' title='bbox 385 1419 759 1464; x_wconf 75' lang='lat' dir='ltr'>cognosceremus,</span> <span class='ocrx_word' id='word_1_147' title='bbox 778 1421 800 1448; x_wconf 90' lang='lat' dir='ltr'>a</span> <span class='ocrx_word' id='word_1_148' title='bbox 813 1413 856 1447; x_wconf 89' lang='lat' dir='ltr'>te</span> <span class='ocrx_word' id='word_1_149' title='bbox 871 1404 1129 1463; x_wconf 86' lang='lat' dir='ltr'>accepimus.</span> <span class='ocrx_word' id='word_1_150' title='bbox 1150 1404 1352 1448; x_wconf 84' lang='lat' dir='ltr'>Ebriosus</span> <span class='ocrx_word' id='word_1_151' title='bbox 1380 1420 1606 1464; x_wconf 85' lang='lat' dir='ltr'>nunquam</span> 
     </span>
     <span class='ocr_line' id='line_1_19' title="bbox 222 1475 1610 1534; baseline -0.002 -12"><span class='ocrx_word' id='word_1_152' title='bbox 222 1478 312 1534; x_wconf 63' lang='lat' dir='ltr'>fui,</span> <span class='ocrx_word' id='word_1_153' title='bbox 347 1475 423 1521; x_wconf 89' lang='lat' dir='ltr'>sed</span> <span class='ocrx_word' id='word_1_154' title='bbox 444 1476 631 1520; x_wconf 89' lang='lat' dir='ltr'>ebriosos</span> <span class='ocrx_word' id='word_1_155' title='bbox 655 1492 677 1519; x_wconf 85' lang='lat' dir='ltr'>a</span> <span class='ocrx_word' id='word_1_156' title='bbox 700 1484 742 1519; x_wconf 84' lang='lat' dir='ltr'>te</span> <span class='ocrx_word' id='word_1_157' title='bbox 770 1475 935 1519; x_wconf 86' lang='lat' dir='ltr'>sobrios</span> <span class='ocrx_word' id='word_1_158' title='bbox 959 1475 1110 1529; x_wconf 82' lang='lat' dir='ltr'>saetOS,</span> <span class='ocrx_word' id='word_1_159' title='bbox 1136 1490 1216 1533; x_wconf 78' lang='lat' dir='ltr'>ego</span> <span class='ocrx_word' id='word_1_160' title='bbox 1239 1476 1355 1518; x_wconf 80' lang='lat' dir='ltr'>novi.</span> <span class='ocrx_word' id='word_1_161' title='bbox 1389 1478 1505 1533; x_wconf 78' lang='lat' dir='ltr'>Ergo</span> <span class='ocrx_word' id='word_1_162' title='bbox 1523 1491 1546 1519; x_wconf 87' lang='lat' dir='ltr'>a</span> <span class='ocrx_word' id='word_1_163' title='bbox 1568 1484 1610 1519; x_wconf 89' lang='lat' dir='ltr'>te</span> 
     </span>
     <span class='ocr_line' id='line_1_20' title="bbox 225 1545 1611 1606; baseline -0.001 -14"><span class='ocrx_word' id='word_1_164' title='bbox 225 1548 388 1593; x_wconf 82' lang='lat' dir='ltr'>factum</span> <span class='ocrx_word' id='word_1_165' title='bbox 407 1557 469 1591; x_wconf 85' lang='lat' dir='ltr'>est</span> <span class='ocrx_word' id='word_1_166' title='bbox 487 1556 537 1590; x_wconf 86' lang='lat' dir='ltr'>ut</span> <span class='ocrx_word' id='word_1_167' title='bbox 554 1548 637 1590; x_wconf 89' lang='lat' dir='ltr'>hoe</span> <span class='ocrx_word' id='word_1_168' title='bbox 655 1561 745 1590; x_wconf 88' lang='lat' dir='ltr'>non</span> <span class='ocrx_word' id='word_1_169' title='bbox 767 1555 907 1589; x_wconf 84' lang='lat' dir='ltr'>essent</span> <span class='ocrx_word' id='word_1_170' title='bbox 924 1545 999 1605; x_wconf 89' lang='lat' dir='ltr'>qui</span> <span class='ocrx_word' id='word_1_171' title='bbox 1017 1561 1245 1604; x_wconf 77' lang='lat' dir='ltr'>nunquam</span> <span class='ocrx_word' id='word_1_172' title='bbox 1265 1545 1461 1600; x_wconf 82' lang='lat' dir='ltr'>fuerunt,</span> <span class='ocrx_word' id='word_1_173' title='bbox 1483 1562 1505 1590; x_wconf 90' lang='lat' dir='ltr'>a</span> <span class='ocrx_word' id='word_1_174' title='bbox 1522 1561 1611 1606; x_wconf 88' lang='lat' dir='ltr'>quo</span> 
     </span>
     <span class='ocr_line' id='line_1_21' title="bbox 226 1616 1611 1678; baseline -0.001 -16"><span class='ocrx_word' id='word_1_175' title='bbox 226 1619 389 1664; x_wconf 82' lang='lat' dir='ltr'>factum</span> <span class='ocrx_word' id='word_1_176' title='bbox 413 1627 476 1662; x_wconf 91' lang='lat' dir='ltr'>est</span> <span class='ocrx_word' id='word_1_177' title='bbox 497 1627 546 1661; x_wconf 85' lang='lat' dir='ltr'>ut</span> <span class='ocrx_word' id='word_1_178' title='bbox 567 1619 652 1661; x_wconf 87' lang='lat' dir='ltr'>hoe</span> <span class='ocrx_word' id='word_1_179' title='bbox 677 1633 765 1661; x_wconf 85' lang='lat' dir='ltr'>non</span> <span class='ocrx_word' id='word_1_180' title='bbox 787 1632 955 1675; x_wconf 84' lang='lat' dir='ltr'>semper</span> <span class='ocrx_word' id='word_1_181' title='bbox 975 1626 1130 1672; x_wconf 83' lang='lat' dir='ltr'>essent,</span> <span class='ocrx_word' id='word_1_182' title='bbox 1158 1618 1232 1676; x_wconf 88' lang='lat' dir='ltr'>qui</span> <span class='ocrx_word' id='word_1_183' title='bbox 1255 1616 1450 1671; x_wconf 83' lang='lat' dir='ltr'>fuerunt,</span> <span class='ocrx_word' id='word_1_184' title='bbox 1477 1633 1499 1661; x_wconf 85' lang='lat' dir='ltr'>a</span> <span class='ocrx_word' id='word_1_185' title='bbox 1523 1633 1611 1678; x_wconf 83' lang='lat' dir='ltr'>quo</span> 
     </span>
     <span class='ocr_line' id='line_1_22' title="bbox 226 1686 1612 1748; baseline -0.001 -15"><span class='ocrx_word' id='word_1_186' title='bbox 226 1691 354 1734; x_wconf 89' lang='lat' dir='ltr'>etiam</span> <span class='ocrx_word' id='word_1_187' title='bbox 378 1688 542 1733; x_wconf 84' lang='lat' dir='ltr'>factum</span> <span class='ocrx_word' id='word_1_188' title='bbox 566 1698 628 1732; x_wconf 89' lang='lat' dir='ltr'>est</span> <span class='ocrx_word' id='word_1_189' title='bbox 650 1697 699 1731; x_wconf 89' lang='lat' dir='ltr'>ut</span> <span class='ocrx_word' id='word_1_190' title='bbox 720 1688 877 1732; x_wconf 87' lang='lat' dir='ltr'>seirent</span> <span class='ocrx_word' id='word_1_191' title='bbox 893 1688 1068 1748; x_wconf 83' lang='lat' dir='ltr'>utrique</span> <span class='ocrx_word' id='word_1_192' title='bbox 1089 1704 1111 1731; x_wconf 92' lang='lat' dir='ltr'>a</span> <span class='ocrx_word' id='word_1_193' title='bbox 1129 1703 1216 1748; x_wconf 86' lang='lat' dir='ltr'>quo</span> <span class='ocrx_word' id='word_1_194' title='bbox 1239 1686 1405 1732; x_wconf 86' lang='lat' dir='ltr'>factum</span> <span class='ocrx_word' id='word_1_195' title='bbox 1423 1698 1500 1732; x_wconf 85' lang='lat' dir='ltr'>est.</span> <span class='ocrx_word' id='word_1_196' title='bbox 1522 1692 1612 1732; x_wconf 79' lang='lat' dir='ltr'>Au-</span> 
     </span>
     <span class='ocr_line' id='line_1_23' title="bbox 226 1759 1610 1818; baseline -0.001 -14"><span class='ocrx_word' id='word_1_197' title='bbox 226 1761 315 1804; x_wconf 83' lang='lat' dir='ltr'>divi</span> <span class='ocrx_word' id='word_1_198' title='bbox 347 1759 473 1804; x_wconf 85' lang='lat' dir='ltr'>aliam</span> <span class='ocrx_word' id='word_1_199' title='bbox 500 1774 651 1804; x_wconf 85' lang='lat' dir='ltr'>vocem</span> <span class='ocrx_word' id='word_1_200' title='bbox 673 1769 819 1803; x_wconf 84' lang='lat' dir='ltr'>tuam:</span> <span class='ocrx_word' id='word_1_201' title='bbox 846 1762 985 1802; x_wconf 85' lang='lat' dir='ltr'>«Post</span> <span class='ocrx_word' id='word_1_202' title='bbox 1007 1760 1378 1818; x_wconf 80' lang='lat' dir='ltr'>concupiscentias</span> <span class='ocrx_word' id='word_1_203' title='bbox 1405 1769 1501 1803; x_wconf 83' lang='lat' dir='ltr'>tuas</span> <span class='ocrx_word' id='word_1_204' title='bbox 1522 1775 1610 1804; x_wconf 82' lang='lat' dir='ltr'>non</span> 
     </span>
     <span class='ocr_line' id='line_1_24' title="bbox 229 1829 1612 1887; baseline 0.001 -15"><span class='ocrx_word' id='word_1_205' title='bbox 229 1851 248 1873; x_wconf 74' lang='lat' dir='ltr'>n</span> <span class='ocrx_word' id='word_1_206' title='bbox 285 1847 370 1884; x_wconf 82' lang='lat' dir='ltr'>eas,</span> <span class='ocrx_word' id='word_1_207' title='bbox 408 1839 450 1874; x_wconf 86' lang='lat' dir='ltr'>et</span> <span class='ocrx_word' id='word_1_208' title='bbox 467 1829 729 1887; x_wconf 79' lang='lat' dir='ltr'>avoluntate</span> <span class='ocrx_word' id='word_1_209' title='bbox 760 1839 831 1873; x_wconf 83' lang='lat' dir='ltr'>tua</span> <span class='ocrx_word' id='word_1_210' title='bbox 859 1833 1092 1873; x_wconf 74' lang='lat' dir='ltr'>ave1·rere‘².</span> <span class='ocrx_word' id='word_1_211' title='bbox 1125 1848 1143 1869; x_wconf 59' lang='lat' dir='ltr'>i&gt;</span> <span class='ocrx_word' id='word_1_212' title='bbox 1178 1829 1335 1873; x_wconf 82' lang='lat' dir='ltr'>Audivi</span> <span class='ocrx_word' id='word_1_213' title='bbox 1358 1839 1399 1873; x_wconf 88' lang='lat' dir='ltr'>et</span> <span class='ocrx_word' id='word_1_214' title='bbox 1420 1829 1538 1873; x_wconf 83' lang='lat' dir='ltr'>illam</span> <span class='ocrx_word' id='word_1_215' title='bbox 1562 1846 1612 1874; x_wconf 74' lang='lat' dir='ltr'>ex</span> 
     </span>
     <span class='ocr_line' id='line_1_25' title="bbox 227 1898 1614 1960; baseline 0 -15"><span class='ocrx_word' id='word_1_216' title='bbox 227 1917 408 1946; x_wconf 86' lang='lat' dir='ltr'>munere</span> <span class='ocrx_word' id='word_1_217' title='bbox 426 1910 502 1945; x_wconf 90' lang='lat' dir='ltr'>tuo</span> <span class='ocrx_word' id='word_1_218' title='bbox 517 1916 648 1960; x_wconf 87' lang='lat' dir='ltr'>quam</span> <span class='ocrx_word' id='word_1_219' title='bbox 665 1898 854 1945; x_wconf 88' lang='lat' dir='ltr'>multum</span> <span class='ocrx_word' id='word_1_220' title='bbox 873 1901 1012 1944; x_wconf 85' lang='lat' dir='ltr'>amavi</span> <span class='ocrx_word' id='word_1_221' title='bbox 1030 1920 1038 1944; x_wconf 76' lang='lat' dir='ltr'>z</span> <span class='ocrx_word' id='word_1_222' title='bbox 1064 1919 1083 1941; x_wconf 93' lang='lat'>«</span> <span class='ocrx_word' id='word_1_223' title='bbox 1103 1902 1254 1960; x_wconf 82' lang='lat' dir='ltr'>Neque</span> <span class='ocrx_word' id='word_1_224' title='bbox 1272 1900 1303 1943; x_wconf 89' lang='lat' dir='ltr'>si</span> <span class='ocrx_word' id='word_1_225' title='bbox 1321 1900 1614 1945; x_wconf 84' lang='lat' dir='ltr'>manducave-</span> 
     </span>
     <span class='ocr_line' id='line_1_26' title="bbox 230 1956 1607 2030; baseline 0.001 -17"><span class='ocrx_word' id='word_1_226' title='bbox 230 1993 248 2014; x_wconf 88' lang='lat'>»</span> <span class='ocrx_word' id='word_1_227' title='bbox 285 1974 434 2026; x_wconf 87' lang='lat' dir='ltr'>rimus,</span> <span class='ocrx_word' id='word_1_228' title='bbox 473 1971 820 2028; x_wconf 69' lang='lat' dir='ltr'>abundabimus,</span> <span class='ocrx_word' id='word_1_229' title='bbox 855 1986 997 2030; x_wconf 86' lang='lat' dir='ltr'>neque</span> <span class='ocrx_word' id='word_1_230' title='bbox 1019 1971 1051 2013; x_wconf 90' lang='lat' dir='ltr'>si</span> <span class='ocrx_word' id='word_1_231' title='bbox 1074 1985 1163 2014; x_wconf 90' lang='lat' dir='ltr'>non</span> <span class='ocrx_word' id='word_1_232' title='bbox 1186 1956 1607 2025; x_wconf 73' lang='lat' dir='ltr'>manducaverimus,</span> 
     </span>
     <span class='ocr_line' id='line_1_27' title="bbox 229 2041 1611 2101; baseline 0.001 -18"><span class='ocrx_word' id='word_1_233' title='bbox 229 2063 248 2084; x_wconf 85' lang='lat'>»</span> <span class='ocrx_word' id='word_1_234' title='bbox 285 2043 422 2087; x_wconf 86' lang='lat' dir='ltr'>deerit</span> <span class='ocrx_word' id='word_1_235' title='bbox 444 2043 611 2086; x_wconf 81' lang='lat' dir='ltr'>nobis3.</span> <span class='ocrx_word' id='word_1_236' title='bbox 640 2061 659 2083; x_wconf 73' lang='lat' dir='ltr'>n</span> <span class='ocrx_word' id='word_1_237' title='bbox 684 2044 777 2086; x_wconf 89' lang='lat' dir='ltr'>Hoc</span> <span class='ocrx_word' id='word_1_238' title='bbox 800 2051 863 2085; x_wconf 88' lang='lat' dir='ltr'>est</span> <span class='ocrx_word' id='word_1_239' title='bbox 890 2041 1057 2084; x_wconf 84' lang='lat' dir='ltr'>dicere:</span> <span class='ocrx_word' id='word_1_240' title='bbox 1083 2043 1171 2085; x_wconf 91' lang='lat' dir='ltr'>Nec</span> <span class='ocrx_word' id='word_1_241' title='bbox 1193 2041 1264 2084; x_wconf 85' lang='lat' dir='ltr'>illa</span> <span class='ocrx_word' id='word_1_242' title='bbox 1286 2057 1350 2084; x_wconf 87' lang='lat' dir='ltr'>res</span> <span class='ocrx_word' id='word_1_243' title='bbox 1373 2057 1441 2084; x_wconf 87' lang='lat' dir='ltr'>me</span> <span class='ocrx_word' id='word_1_244' title='bbox 1464 2042 1611 2101; x_wconf 83' lang='lat' dir='ltr'>eopio-</span> 
     </span>
     <span class='ocr_line' id='line_1_28' title="bbox 227 2110 1612 2171; baseline -0.001 -14"><span class='ocrx_word' id='word_1_245' title='bbox 227 2129 323 2157; x_wconf 89' lang='lat' dir='ltr'>sum</span> <span class='ocrx_word' id='word_1_246' title='bbox 342 2112 486 2166; x_wconf 83' lang='lat' dir='ltr'>faciet,</span> <span class='ocrx_word' id='word_1_247' title='bbox 505 2129 584 2157; x_wconf 91' lang='lat' dir='ltr'>nee</span> <span class='ocrx_word' id='word_1_248' title='bbox 602 2111 675 2155; x_wconf 86' lang='lat' dir='ltr'>illa</span> <span class='ocrx_word' id='word_1_249' title='bbox 691 2127 998 2156; x_wconf 46' lang='lat' dir='ltr'>aerumnosum,</span> <span class='ocrx_word' id='word_1_250' title='bbox 1017 2110 1176 2154; x_wconf 82' lang='lat' dir='ltr'>Audivi</span> <span class='ocrx_word' id='word_1_251' title='bbox 1194 2120 1236 2154; x_wconf 83' lang='lat' dir='ltr'>et</span> <span class='ocrx_word' id='word_1_252' title='bbox 1255 2111 1431 2155; x_wconf 83' lang='lat' dir='ltr'>alteram</span> <span class='ocrx_word' id='word_1_253' title='bbox 1453 2132 1461 2156; x_wconf 70' lang='grc' dir='ltr'><strong>ι</strong></span> <span class='ocrx_word' id='word_1_254' title='bbox 1485 2115 1612 2171; x_wconf 80' lang='lat' dir='ltr'>«Ego</span> 
     </span>
     <span class='ocr_line' id='line_1_29' title="bbox 231 2173 1622 2242; baseline 0.001 -18"><span class='ocrx_word' id='word_1_255' title='bbox 231 2203 251 2224; x_wconf 86' lang='lat'>»</span> <span class='ocrx_word' id='word_1_256' title='bbox 288 2184 401 2226; x_wconf 80' lang='lat' dir='ltr'>enim</span> <span class='ocrx_word' id='word_1_257' title='bbox 427 2182 559 2226; x_wconf 85' lang='lat' dir='ltr'>didici</span> <span class='ocrx_word' id='word_1_258' title='bbox 581 2184 625 2225; x_wconf 90' lang='lat' dir='ltr'>in</span> <span class='ocrx_word' id='word_1_259' title='bbox 649 2183 809 2242; x_wconf 86' lang='lat' dir='ltr'>quibus</span> <span class='ocrx_word' id='word_1_260' title='bbox 830 2197 923 2225; x_wconf 88' lang='lat' dir='ltr'>sum</span> <span class='ocrx_word' id='word_1_261' title='bbox 948 2181 1165 2225; x_wconf 84' lang='lat' dir='ltr'>sufficiens</span> <span class='ocrx_word' id='word_1_262' title='bbox 1188 2196 1299 2237; x_wconf 73' lang='lat' dir='ltr'>esse3</span> <span class='ocrx_word' id='word_1_263' title='bbox 1325 2191 1365 2225; x_wconf 87' lang='lat' dir='ltr'>et</span> <span class='ocrx_word' id='word_1_264' title='bbox 1388 2173 1622 2226; x_wconf 23' lang='lat' dir='ltr'>abundare*</span> 
     </span>
     <span class='ocr_line' id='line_1_30' title="bbox 234 2252 1613 2312; baseline 0.001 -18"><span class='ocrx_word' id='word_1_265' title='bbox 234 2273 253 2294; x_wconf 84' lang='lat'>»</span> <span class='ocrx_word' id='word_1_266' title='bbox 290 2254 418 2301; x_wconf 76' lang='lat' dir='ltr'>novi;</span> <span class='ocrx_word' id='word_1_267' title='bbox 454 2262 496 2296; x_wconf 88' lang='lat' dir='ltr'>et</span> <span class='ocrx_word' id='word_1_268' title='bbox 517 2253 744 2312; x_wconf 86' lang='lat' dir='ltr'>penuriam</span> <span class='ocrx_word' id='word_1_269' title='bbox 766 2253 854 2311; x_wconf 85' lang='lat' dir='ltr'>pati</span> <span class='ocrx_word' id='word_1_270' title='bbox 878 2252 993 2295; x_wconf 91' lang='lat' dir='ltr'>novi.</span> <span class='ocrx_word' id='word_1_271' title='bbox 1017 2252 1172 2295; x_wconf 85' lang='lat' dir='ltr'>Omnia</span> <span class='ocrx_word' id='word_1_272' title='bbox 1197 2267 1372 2310; x_wconf 80' lang='lat' dir='ltr'>possum</span> <span class='ocrx_word' id='word_1_273' title='bbox 1398 2254 1439 2295; x_wconf 80' lang='lat' dir='ltr'>in</span> <span class='ocrx_word' id='word_1_274' title='bbox 1465 2268 1514 2296; x_wconf 86' lang='lat' dir='ltr'>eo</span> <span class='ocrx_word' id='word_1_275' title='bbox 1535 2254 1613 2312; x_wconf 88' lang='lat' dir='ltr'>qui</span> 
     </span>
     <span class='ocr_line' id='line_1_31' title="bbox 233 2322 1612 2378; baseline 0.002 -14"><span class='ocrx_word' id='word_1_276' title='bbox 233 2343 251 2364; x_wconf 68' lang='lat' dir='ltr'>n</span> <span class='ocrx_word' id='word_1_277' title='bbox 286 2340 356 2367; x_wconf 89' lang='lat' dir='ltr'>me</span> <span class='ocrx_word' id='word_1_278' title='bbox 378 2322 637 2368; x_wconf 74' lang='lat' dir='ltr'>confortat4.</span> <span class='ocrx_word' id='word_1_279' title='bbox 656 2342 676 2363; x_wconf 92' lang='lat'>»</span> <span class='ocrx_word' id='word_1_280' title='bbox 699 2325 812 2366; x_wconf 83' lang='lat' dir='ltr'>Ecce</span> <span class='ocrx_word' id='word_1_281' title='bbox 835 2322 956 2366; x_wconf 87' lang='lat' dir='ltr'>miles</span> <span class='ocrx_word' id='word_1_282' title='bbox 979 2331 1216 2366; x_wconf 81' lang='lat' dir='ltr'>castrorum</span> <span class='ocrx_word' id='word_1_283' title='bbox 1241 2322 1501 2378; x_wconf 80' lang='lat' dir='ltr'>coelestium,</span> <span class='ocrx_word' id='word_1_284' title='bbox 1523 2339 1612 2368; x_wconf 91' lang='lat' dir='ltr'>non</span> 
     </span>
     <span class='ocr_line' id='line_1_32' title="bbox 226 2392 1611 2453; baseline 0.001 -18"><span class='ocrx_word' id='word_1_285' title='bbox 226 2393 367 2452; x_wconf 83' lang='lat' dir='ltr'>pulvis</span> <span class='ocrx_word' id='word_1_286' title='bbox 388 2393 508 2453; x_wconf 89' lang='lat' dir='ltr'>quod</span> <span class='ocrx_word' id='word_1_287' title='bbox 528 2409 606 2437; x_wconf 91' lang='lat' dir='ltr'>nos</span> <span class='ocrx_word' id='word_1_288' title='bbox 627 2408 791 2437; x_wconf 85' lang='lat' dir='ltr'>sumus.</span> <span class='ocrx_word' id='word_1_289' title='bbox 817 2392 898 2437; x_wconf 89' lang='lat' dir='ltr'>Sed</span> <span class='ocrx_word' id='word_1_290' title='bbox 917 2402 1151 2446; x_wconf 85' lang='lat' dir='ltr'>memento,</span> <span class='ocrx_word' id='word_1_291' title='bbox 1169 2393 1369 2449; x_wconf 76' lang='lat' dir='ltr'>Domine,</span> <span class='ocrx_word' id='word_1_292' title='bbox 1389 2394 1491 2453; x_wconf 85' lang='lat' dir='ltr'>quia</span> <span class='ocrx_word' id='word_1_293' title='bbox 1510 2393 1611 2452; x_wconf 88' lang='lat' dir='ltr'>pul-</span> 
     </span>
    </p>
   </div>
   <div class='ocr_carea' id='block_1_5' title="bbox 233 2487 1605 2577">
    <p class='ocr_par' dir='ltr' id='par_1_6' title="bbox 233 2487 1605 2577">
     <span class='ocr_line' id='line_1_33' title="bbox 295 2487 1605 2532; baseline 0.002 -13"><span class='ocrx_word' id='word_1_294' title='bbox 295 2491 399 2520; x_wconf 63' lang='lat' dir='ltr'>¹Luo</span> <span class='ocrx_word' id='word_1_295' title='bbox 421 2501 485 2522; x_wconf 74' lang='lat' dir='ltr'>xxi.</span> <span class='ocrx_word' id='word_1_296' title='bbox 508 2489 560 2531; x_wconf 68' lang='grc'>34.</span> <span class='ocrx_word' id='word_1_297' title='bbox 579 2507 616 2513; x_wconf 47' lang='grc' dir='ltr'>-τ</span> <span class='ocrx_word' id='word_1_298' title='bbox 643 2497 655 2511; x_wconf 85' lang='lat'>2</span> <span class='ocrx_word' id='word_1_299' title='bbox 678 2489 775 2521; x_wconf 81' lang='lat' dir='ltr'>Eecli.</span> <span class='ocrx_word' id='word_1_300' title='bbox 801 2501 890 2521; x_wconf 75' lang='lat' dir='ltr'>xvnr.</span> <span class='ocrx_word' id='word_1_301' title='bbox 917 2490 966 2520; x_wconf 62' lang='lat'>330.</span> <span class='ocrx_word' id='word_1_302' title='bbox 991 2507 1030 2510; x_wconf 97' lang='lat'><strong>—</strong></span> <span class='ocrx_word' id='word_1_303' title='bbox 1049 2487 1061 2510; x_wconf 81' lang='lat'>3</span> <span class='ocrx_word' id='word_1_304' title='bbox 1094 2500 1103 2519; x_wconf 83' lang='lat'><em>1</em></span> <span class='ocrx_word' id='word_1_305' title='bbox 1130 2491 1202 2520; x_wconf 84' lang='lat' dir='ltr'>Cor.</span> <span class='ocrx_word' id='word_1_306' title='bbox 1230 2500 1298 2527; x_wconf 74' lang='lat' dir='ltr'>vni,</span> <span class='ocrx_word' id='word_1_307' title='bbox 1321 2490 1352 2520; x_wconf 75' lang='lat'>8.</span> <span class='ocrx_word' id='word_1_308' title='bbox 1385 2507 1424 2511; x_wconf 90' lang='lat'><em>-</em></span> <span class='ocrx_word' id='word_1_309' title='bbox 1446 2488 1459 2519; x_wconf 69' lang='grc'><em>4</em></span> <span class='ocrx_word' id='word_1_310' title='bbox 1487 2489 1605 2532; x_wconf 77' lang='lat' dir='ltr'>Philip.</span> 
     </span>
     <span class='ocr_line' id='line_1_34' title="bbox 233 2546 415 2577; baseline -0.011 0"><span class='ocrx_word' id='word_1_311' title='bbox 233 2558 274 2577; x_wconf 81' lang='lat' dir='ltr'>iv.</span> <span class='ocrx_word' id='word_1_312' title='bbox 300 2546 415 2576; x_wconf 72' lang='lat'>11-13‘.</span> 
     </span>
    </p>
   </div>
   <div class='ocr_carea' id='block_1_6' title="bbox 1774 0 1852 3162">
    <p class='ocr_par' dir='ltr' id='par_1_7' title="bbox 1774 0 1852 3162">
     <span class='ocr_line' id='line_1_35' title="bbox 1774 0 1852 3162; baseline 0 0"><span class='ocrx_word' id='word_1_313' title='bbox 1774 0 1852 3162; x_wconf 95' lang='lat' dir='ltr'> </span> 
     </span>
    </p>
   </div>
  </div>
 </body>
</html>
