1871 3162
280 218 362 255 5212
708 225 742 253 S.
780 224 1008 254 AUGUSTlm
1044 224 1223 252 EPISCOPI

276 290 396 351 quod
424 290 657 334 securiores
686 288 882 348 frigidius
916 297 959 332 et
986 288 1144 332 lentius
1175 288 1440 343 diceremus,
1464 287 1653 345 gaudea-

277 375 459 420 musque
473 359 597 404 nobis
611 360 875 405 occasionem
895 357 1003 414 dari,
1020 358 1097 403 ubi
1111 367 1253 404 motus
1270 358 1401 403 animi
1414 350 1654 402 nostri'sine

275 430 608 475 fructificatione
626 444 715 474 non
732 437 936 473 transeat.

333 502 479 544 XXII.
517 499 559 544 Si
575 508 720 543 autem
737 497 792 542 de
809 496 955 556 aliquo
972 506 1113 542 errato
1130 506 1277 542 nostro
1295 498 1365 542 vel
1384 506 1562 556 peccato
1579 511 1656 541 nos

275 568 531 614 moestitudo
560 566 906 628 comprehendit,
942 581 1031 610 non
1050 575 1222 610 tantum
1244 566 1567 610 meminerimus
1587 581 1655 610 sa-

275 639 485 686 crificium
505 642 594 683 Deo
614 639 812 697 spiritum
835 652 925 681 esse
941 636 1324 691 contribulatum¹,
1352 636 1428 680 sed
1456 637 1585 680 etiam
1602 636 1658 680 il-

273 709 381 754 lud:
404 727 425 750 «
442 709 553 760 Quia
587 708 698 751 sicut
725 722 836 766 aqua
863 707 1024 764 ignem,
1060 707 1119 751 sic
1153 706 1425 763 eleemosyna
1447 706 1661 763 extinguit

279 796 301 820 >›
336 777 605 837 peccatum2.
634 793 655 817 »
680 778 760 820 Et:
785 794 806 818 «
833 776 941 828 Quia
978 776 1334 831 misericordiam,
1369 776 1528 835 inquit,
1561 776 1661 820 volo

279 867 300 895 ι)
334 862 468 908 quam
488 846 789 891 sacrificiumss.
815 863 835 887 »
857 845 977 891 Sicut
993 861 1096 905 ergo
1113 847 1147 890 si
1159 846 1503 906 periclitaremur
1516 846 1663 890 incen-

278 919 367 973 dio,
392 917 446 962 ad
480 930 637 977 aquam
667 916 820 976 utique
854 930 1141 971 curreremus,
1177 931 1265 975 quo
1286 925 1429 975 posset
1451 917 1659 975 extingui,

279 998 322 1033 et
343 988 657 1047 gratularemur
679 988 714 1031 si
734 987 831 1047 quis
853 1001 948 1030 eam
965 986 1020 1030 de
1042 986 1239 1045 proximo
1258 986 1460 1030 offerret:
1483 987 1542 1030 ita
1559 987 1593 1029 si
1609 987 1664 1030 de

278 1068 426 1103 nostro
456 1057 575 1102 foeno
598 1057 740 1117 aliqua
761 1057 927 1116 peccati
950 1056 1126 1100 flamma
1148 1056 1346 1110 surrexit,
1372 1065 1414 1100 et
1433 1064 1665 1115 propterea

280 1128 593 1174 conturbamur
607 1162 618 1182 ,
665 1126 765 1170 data
804 1127 1029 1171 occasione
1070 1125 1454 1171 misericordissimi
1494 1127 1632 1186 operis
1651 1160 1662 1179 ,

282 1208 492 1259 tanquam
514 1197 569 1242 de
590 1196 739 1242 oblato
760 1196 884 1242 fonte
907 1196 1188 1256 gaudeamus,
1219 1205 1268 1241 ut
1287 1197 1390 1241 inde
1410 1196 1521 1240 illud
1546 1194 1666 1255 quod

282 1277 499 1313 exarserat
521 1268 807 1327 opprimatur.
826 1267 916 1313 Nisi
939 1267 1051 1311 forte
1073 1276 1161 1311 tam
1181 1266 1304 1311 stulti
1320 1281 1485 1321 sumus,
1510 1275 1561 1310 ut
1578 1265 1667 1310 ala-

283 1340 397 1384 crius
411 1338 671 1382 arbitremur
688 1352 788 1382 cum
807 1352 919 1396 pane
936 1337 1218 1392 currendum,
1243 1352 1331 1396 quo
1351 1346 1549 1381 ventrem
1570 1352 1667 1380 esu-

283 1409 432 1453 rientis
462 1407 736 1467 impleamus,
772 1421 905 1466 quam
936 1422 1036 1451 cum
1068 1407 1203 1451 verbo
1235 1406 1328 1461 Dei,
1363 1422 1452 1466 quo
1478 1415 1669 1450 mentem

284 1479 402 1523 istud
439 1478 604 1522 edentis
639 1478 919 1522 instruamus.
946 1479 1043 1521 Huc
1079 1476 1262 1533 accedit,
1297 1477 1401 1535 quia
1433 1477 1466 1520 si
1498 1485 1669 1520 tantum

287 1548 418 1595 modo
440 1547 663 1608 prodesset
683 1548 768 1591 hoc
789 1547 947 1600 facere,
971 1560 1060 1590 non
1082 1545 1222 1589 facere
1245 1554 1390 1589 autem
1412 1545 1521 1588 nihil
1542 1547 1670 1590 obes-

288 1628 372 1676 set3
404 1617 635 1661 infeliciter
666 1616 711 1659 in
740 1615 935 1675 periculo
957 1613 1119 1667 salutis,
1145 1629 1234 1657 non
1250 1615 1341 1673 jam
1361 1615 1560 1673 proximi,
1596 1614 1672 1659 sed

287 1697 463 1742 nostrae,
483 1687 680 1731 oblatum
698 1685 939 1729 remedium
957 1699 1272 1743 sperneremus.
1289 1686 1400 1729 Cum
1413 1700 1514 1730 vero
1529 1701 1580 1729 ex
1597 1701 1671 1730 ore

289 1758 462 1803 Domini
496 1765 583 1800 tam
618 1755 844 1799 minaciter
877 1762 1025 1798 sonet.-
1048 1772 1068 1795 «
1091 1755 1217 1798 Serve
1245 1769 1431 1814 nequam
1463 1764 1505 1798 et
1532 1756 1670 1814 piger,

292 1846 313 1869 »
348 1827 471 1871 dares
504 1825 734 1885 pecuniam
768 1839 908 1868 meam
945 1822 1294 1868 nummulariis⁴z
1319 1841 1340 1865 »
1360 1840 1458 1883 quae
1494 1825 1685 1869 tandem-

291 1897 509 1943 dementia
526 1905 605 1952 est,
625 1895 831 1956 quoniam
852 1903 1079 1955 peccatum
1098 1902 1296 1939 nostrum
1319 1911 1396 1940 nos
1419 1897 1553 1955 angit,
1574 1896 1671 1941 ideo

292 1983 439 2013 rursus
474 1965 586 2011 velle
618 1980 816 2024 peccare,
851 1980 942 2010 non
973 1964 1118 2009 dando
1151 1966 1379 2024 pecuniam
1411 1965 1672 2011 dominicam

292 2037 457 2083 volenti
478 2045 522 2080 et
542 2036 732 2095 petenti?
754 2035 829 2079 His
851 2043 981 2094 atque
1001 2035 1252 2094 hujusmodi
1273 2036 1604 2094 cogitationibus
1630 2046 1673 2080 et

295 2105 710 2154 considerationibus
731 2103 910 2164 depulsa
930 2103 1114 2163 caligine
1135 2104 1382 2159 taediorum,
1409 2105 1463 2148 ad
1485 2107 1674 2150 catechi-

295 2178 484 2224 zandum
516 2185 688 2236 aptatur
719 2174 919 2229 intentio,
955 2183 1005 2218 ut
1039 2175 1226 2218 suaviter
1263 2175 1515 2230 imbibatur,
1552 2175 1674 2235 quod

296 2248 477 2305 impigre
499 2255 628 2304 atque
650 2244 842 2288 hilariter
871 2243 925 2287 de
953 2244 1172 2288 charitatis
1194 2244 1389 2288 ubertate
1412 2246 1668 2304 prorumpit.

298 2321 401 2362 Haec
435 2317 547 2360 enim
580 2331 667 2359 non
701 2324 784 2358 tam
818 2329 897 2372 ego
919 2313 1015 2367 tibi,
1041 2329 1170 2373 quam
1195 2313 1395 2358 omnibus
1420 2315 1544 2359 nobis
1570 2315 1674 2360 dicit

298 2388 387 2446 ipsa
410 2387 601 2440 dilectio,
621 2402 720 2446 quae
743 2384 900 2428 diffusa
923 2394 986 2428 est
1010 2384 1053 2427 in
1076 2385 1279 2429 cordibus
1300 2386 1456 2430 nostris
1477 2401 1552 2445 per
1575 2386 1674 2445 Spi-

297 2458 430 2502 ritum
447 2467 660 2512 sanctum,
680 2456 757 2516 qui
773 2455 899 2500 datus
916 2464 979 2500 est
995 2456 1160 2500 nobis⁵.

342 2544 354 2561 ¹
374 2542 454 2582 Psal,
476 2553 505 2582 L,
525 2553 576 2583 19.
597 2558 638 2564 —
652 2547 663 2563 ²
679 2539 776 2581 ticeli,
792 2551 838 2581 111,
855 2539 907 2572 33.
927 2556 965 2563 -
986 2538 998 2562 3
1014 2541 1110 2581 Oseae,
1126 2551 1170 2581 vi,
1185 2540 1219 2572 6.
1240 2539 1448 2584 -431atth‚
1466 2551 1539 2583 xxv,
1559 2542 1614 2575 26.
1631 2558 1672 2566 —

300 2600 314 2624 ³
330 2602 419 2631 Rom.
433 2608 466 2638 v,
485 2595 514 2629 5.
