1871 3162
650 244 968 271 conrssssmmnvr
985 261 997 280 ,
1031 245 1114 270 Lm.
1150 245 1211 270 1x.
1534 235 1618 272 215

241 325 397 369 augere
423 310 534 354 male
563 307 786 368 loquendo
805 342 817 363 ,
851 308 933 351 nisi
962 322 1032 352 eas
1063 308 1193 351 etiam
1224 308 1476 366 extinguere
1510 310 1622 353 bene

241 380 464 441 loquendo
492 378 732 434 studuerit,
753 377 892 438 qualis
909 377 982 422 issa
1003 387 1121 433 erat,
1144 378 1330 421 docente
1352 386 1394 421 te
1420 379 1624 437 magistro

240 452 395 495 intimo
414 451 459 494 in
480 448 626 494 schola
648 449 847 508 pectoris.

301 523 446 565 XXII.
469 519 666 579 Denique
688 518 817 562 etiam
833 519 974 563 virum
1005 533 1132 562 suum
1149 518 1239 577 jam
1259 517 1306 561 in
1326 517 1628 574 extremajvita

243 589 470 650 temporali
491 591 581 650 ejus
596 589 762 633 lucrata
779 598 842 633 est
860 589 957 643 tibi,
977 603 1058 632 nec
1075 589 1121 631 in
1134 602 1186 632 eo
1203 588 1292 647 jam
1310 586 1427 630 fideli
1444 585 1624 645 planxit,

239 660 359 719 quod
383 661 429 703 in
450 660 649 704 nondum
669 658 786 703 fideli
807 658 1081 702 toleraverat.
1107 660 1212 701 Erat
1233 658 1360 700 etiam
1383 671 1503 700 serva
1534 671 1622 699 ser-

239 746 395 776 vorum
417 740 610 775 tuorum.
637 730 840 789 Quisquis
862 744 1014 773 eorum
1032 737 1209 773 noverat
1227 743 1344 783 eam,
1369 727 1557 771 multum
1578 727 1626 770 in

242 817 290 845 ea
312 801 521 845 laudabat
543 810 586 844 et
607 800 851 844 honorabat
875 809 918 844 et
939 799 1148 859 diligebat
1170 808 1234 856 te,
1275 799 1376 858 quia
1411 798 1625 842 sentiebat

239 872 514 930 praesentiam
532 880 650 915 tuam
665 871 709 914 in
727 872 858 915 corde
875 872 966 930 ejus
983 880 1140 915 sanctae
1157 870 1494 915 conversationis
1511 870 1623 912 fruc-

238 942 356 987 tibus
379 942 574 986 testibus.
599 945 757 985 Fuerat
779 942 894 985 enim
924 942 1053 985 unius
1075 942 1154 985 viri
1176 956 1306 995 uxor,
1332 949 1529 984 mutuam
1559 939 1625 983 vi-

238 1028 333 1057 cem
351 1012 603 1071 parentibus
628 1011 894 1065 reddiderat,
916 1011 1096 1056 domum
1113 1026 1235 1055 suam
1253 1011 1322 1070 pie
1345 1018 1619 1063 tractaverat,

237 1084 283 1127 in
305 1083 510 1142 operibus
533 1082 657 1126 bonis
691 1083 988 1125 testimonium
1011 1082 1216 1125 habebat.
1243 1081 1462 1126 Nutrierat
1490 1080 1622 1133 filios,

237 1152 363 1198 toties
381 1167 452 1195 eos
471 1153 726 1210 parturiens,
748 1154 915 1210 quoties
930 1152 1004 1194 abs
1023 1160 1064 1194 te
1079 1151 1251 1194 deviare
1271 1149 1492 1193 cernebat.
1516 1152 1622 1192 Pos-

237 1231 377 1267 tremo
398 1222 538 1273 nohis,
562 1221 759 1274 Domine,
785 1220 1010 1273 omnibus,
1027 1220 1127 1278 quia
1150 1235 1200 1263 ex
1222 1235 1402 1263 munere
1419 1228 1497 1262 tuo
1518 1219 1621 1263 sinis

235 1292 356 1351 loqui
397 1291 526 1335 servis
564 1291 672 1344 tuis,
709 1291 783 1349 qui
816 1300 915 1334 ante
942 1290 1250 1334 dormitionem
1273 1306 1362 1349 ejus
1385 1291 1430 1333 in
1464 1298 1505 1333 te
1530 1290 1619 1348 jam

235 1361 467 1406 consociati
489 1360 744 1405 vivebamus
767 1370 967 1419 percepta
987 1360 1120 1418 gratia
1135 1360 1346 1419 ,baptismi
1362 1360 1443 1413 tui,
1468 1360 1526 1402 ita
1539 1374 1618 1402 cu·-

235 1448 326 1476 ram
359 1432 486 1489 gessit
502 1466 514 1486 ,
546 1432 667 1490 quasi
695 1446 853 1489 omnes·
873 1431 1116 1489 genuisset3
1141 1431 1197 1475 ita
1223 1431 1397 1475 servivit
1423 1430 1545 1490 quasi
1559 1430 1614 1473 ab

235 1502 436 1547 omnibus
466 1501 609 1559 genita
629 1499 793 1544 fuisset.

243 1678 1617 1698 fflmmmmmmmmmmmmmmwssmm

760 1813 974 1860 CAPUT
1021 1814 1083 1858 X.

346 1965 646 2024 Colloquium
673 1981 781 2010 cum
805 1974 961 2010 matre
991 1963 1050 2010 de
1078 1979 1226 2027 regno
1258 1963 1502 2009 coelorum.

289 2127 457 2169 XXIII.
482 2127 764 2169 IMPENDENTE
781 2132 924 2168 autem
942 2124 1136 2183 diegquo
1157 2139 1206 2167 ex
1225 2125 1305 2169 hac
1320 2125 1406 2169 vita
1424 2133 1516 2169 erat
1532 2125 1615 2169 exi-

232 2204 330 2240 tura
347 2230 357 2250 ,
377 2210 509 2254 quem
535 2194 650 2239 diem
670 2204 720 2238 tu
742 2210 922 2239 noveras
941 2195 1240 2253 ignorantibus
1277 2196 1402 2240 nobis
1416 2230 1427 2250 ‚
1457 2210 1614 2254 prove-

232 2271 353 2314 verat
372 2268 449 2322 (ut
465 2264 622 2322 credo)
641 2273 899 2323 procurante
918 2273 961 2308 te
982 2264 1161 2308 occultis
1183 2265 1267 2308 tuis
1287 2265 1441 2318 modis,
1459 2273 1509 2308 ut
1531 2280 1612 2323 ego

232 2335 378 2393 etipsa
393 2335 470 2378 soli
485 2343 693 2378 staremus
708 2335 1009 2378 incumbentes
1029 2334 1084 2379 ad
1099 2336 1335 2394 quamdam
1355 2334 1587 2378 fenestram
1600 2370 1611 2380 .

233 2405 351 2449 unde
373 2406 523 2449 hortus
544 2405 655 2449 intra
677 2405 856 2449 domum
879 2420 978 2463 quae
995 2420 1072 2449 nos
1094 2405 1283 2448 habehat
1303 2405 1609 2464 prospectaba-

234 2485 333 2529 tur,
364 2474 452 2519 illic
473 2475 590 2534 apud
625 2476 730 2520 ostia
755 2475 981 2530 Tiberina,
1013 2475 1091 2519 ubi
1122 2475 1275 2519 remoti
1297 2491 1321 2518 a
1344 2475 1481 2519 turbis
1512 2485 1609 2534 post

234 2544 350 2602 longi
388 2545 549 2588 itineris
592 2545 782 2589 laborem
823 2544 1165 2588 instaurabamus
1207 2561 1284 2589 nos
1325 2545 1608 2603 navigationis
