1871 3162
609 253 952 290 CONFESSIONUM,
987 253 1070 279 Lm.
1106 253 1150 278 x.
1492 241 1571 279 247

201 334 298 363 mus
324 337 333 363 ε
353 333 432 376 ego
454 332 548 361 sum
571 318 646 376 qui
667 317 844 360 memini
862 351 872 371 ‚
899 330 978 374 ego
1000 316 1184 359 animus
1207 317 1304 359 Non
1319 316 1378 359 ita
1399 316 1574 371 mirum,

201 390 236 433 si
254 404 278 432 a
295 404 364 432 me
384 389 511 446 longe
528 396 592 431 est
607 386 823 448 quidquid
842 401 920 445 ego
941 401 1030 430 non
1051 400 1165 429 sum.
1178 384 1295 438 Quid
1316 393 1460 428 autem
1483 400 1581 444 pro·

199 453 405 518 pinq‘uius
428 472 497 501 me
529 458 622 516 ipso
655 457 793 501 mihi?
815 460 872 501 Et
904 471 1003 500 ecce
1024 454 1244 500 memoriae
1265 468 1374 497 meae
1402 454 1464 499 vis
1491 470 1581 499 non

199 527 584 588 comprehenditur
606 543 630 571 a
650 544 720 571 me
735 563 750 584 ,
781 542 881 572 cum
903 528 1047 587 ipsum
1064 541 1133 570 me
1154 540 1243 570 non
1261 525 1401 568 dicam
1423 534 1582 583 praeter

198 600 332 644 illam.
358 599 475 652 Quid
504 600 620 642 enim
643 598 838 643 dicturus
860 614 954 643 sum
973 632 984 652 ‚
1009 596 1187 657 quando
1204 595 1310 639 mihi
1330 604 1497 640 certum
1520 605 1584 640 est

198 669 443 713 meminisse
465 683 534 712 me
556 669 851 713 oblivionem?
879 672 948 713 An
969 667 1164 712 dicturus
1187 682 1282 711 sum
1310 681 1400 710 non
1427 680 1517 710 esse
1537 666 1584 710 in

200 739 407 784 memoria
444 753 539 783 mea
572 738 692 799 quod
723 738 934 783 memini?
960 740 1030 782 An
1063 737 1259 783 dicturus
1280 753 1376 783 sum
1414 737 1470 781 ad
1500 737 1584 781 hoc

199 808 335 852 inesse
364 808 627 853 oblivionem
654 809 701 852 in
733 808 941 853 memoria
972 823 1095 863 mea,
1130 817 1181 852 ut
1208 823 1297 852 non
1323 806 1584 860 obliviscar?

199 888 436 938 utrumque
465 879 822 923 absurdissimum
855 888 933 923 est.
972 879 1087 932 Quid
1120 878 1231 922 illud
1267 879 1467 933 tertium,
1495 893 1584 938 quo

198 958 325 1008 pacto
358 949 497 993 dicam
527 950 760 1007 imaginem
791 948 1020 993 oblivionis
1055 949 1192 992 teneri
1223 949 1428 992 memoria
1461 963 1582 1005 mea,

199 1034 288 1062 non
323 1020 459 1078 ipsam
492 1019 755 1063 oblivionem
796 1034 894 1063 cum
917 1034 1010 1062 eam
1041 1018 1252 1061 memini?
1274 1021 1371 1071 Quo
1394 1027 1521 1077 pacto
1543 1028 1587 1062 et

197 1090 282 1133 hoc
304 1088 444 1133 dicam
462 1124 473 1141 ‚
499 1090 859 1149 quandoquidem
886 1104 986 1133 cum
1008 1089 1271 1148 imprimitur
1289 1089 1350 1132 rei
1375 1090 1585 1149 cujusque

198 1160 341 1217 imago
372 1160 418 1202 in
450 1161 683 1213 memoria,
716 1160 834 1217 prius
868 1174 1040 1202 necesse
1076 1167 1139 1201 est
1172 1168 1220 1201 ut
1255 1158 1365 1201 adsit
1400 1174 1465 1202 res
1494 1160 1584 1218 ipsa

198 1228 315 1272 unde
330 1227 402 1271 illa
425 1228 568 1287 imago
585 1231 717 1288 possit
739 1229 956 1287 imprimi?
976 1229 1044 1273 Sic
1067 1228 1183 1271 enim
1203 1228 1476 1287 Carthaginis
1498 1244 1588 1272 me-

198 1299 334 1352 mini,
369 1300 428 1342 sic
461 1300 655 1342 omnium
689 1300 883 1343 locorum
922 1299 1079 1358 quibus
1116 1297 1294 1343 interfui
1315 1334 1325 1353 ‚
1362 1299 1421 1343 sic
1456 1298 1584 1344 facies

199 1370 425 1414 hominum
451 1386 556 1429 quas
579 1370 692 1425 vidi,
714 1380 756 1414 et
778 1379 1034 1414 caeterorum
1057 1385 1262 1414 sensuum
1280 1370 1495 1425 nuntiata,
1523 1371 1582 1415 sic

201 1440 334 1499 ipsius
355 1440 545 1498 corporis
567 1440 746 1484 salutem
761 1477 771 1494 ,
797 1441 884 1484 sive
903 1440 1113 1484 dolorem.
1134 1442 1246 1485 Cum
1265 1450 1421 1499 praesto
1438 1449 1581 1484 essent

197 1511 304 1564 ista,
330 1511 444 1569 cepit
468 1510 523 1554 ab
546 1511 604 1554 eis
633 1511 840 1568 imagines
864 1511 1068 1555 memoria
1088 1546 1096 1564 ‚
1119 1526 1225 1570 quas
1254 1511 1445 1554 intuerer
1469 1526 1582 1570 prae-

199 1589 340 1623 sentes
357 1616 367 1634 ,
405 1590 447 1623 et
478 1590 753 1625 retractarem
787 1581 930 1625 animo
952 1596 1052 1625 cum
1079 1579 1152 1624 illa
1175 1590 1216 1624 et
1240 1580 1432 1625 absentia
1457 1581 1584 1624 remi-

199 1651 398 1695 niscerer.
429 1652 471 1696 Si
491 1667 591 1709 ergo
617 1668 693 1711 per
713 1652 945 1710 imaginem
970 1667 1089 1696 suam
1114 1667 1201 1695 non
1225 1666 1301 1710 per
1322 1666 1365 1694 se
1380 1651 1517 1711 ipsam
1538 1652 1583 1695 in

201 1722 407 1765 memoria
430 1731 603 1765 tenetur
618 1721 794 1775 oblivio,
812 1725 899 1780 ipsa
922 1715 1074 1782 utique
1098 1721 1245 1765 aderat
1268 1731 1316 1764 ut
1334 1722 1423 1780 ejus
1438 1721 1584 1780 imago

200 1801 439 1850 caperetur.
465 1794 574 1836 Cum
601 1802 744 1836 autem
764 1791 944 1847 adesset,
966 1792 1188 1852 quomodo
1209 1792 1438 1849 imaginem
1461 1807 1582 1836 suam

199 1861 243 1904 in
264 1863 470 1905 memoria
493 1862 819 1915 conscribebat,
847 1863 1023 1921 quando
1042 1863 1084 1905 id
1104 1862 1230 1905 etiam
1249 1862 1367 1922 quod
1386 1862 1474 1921 jam
1499 1877 1582 1906 no-

199 1940 339 1975 tatum
371 1932 560 1984 invenit,
600 1932 824 1990 praesentia
861 1947 935 1975 sua
973 1931 1089 1974 delet
1126 1931 1317 1975 oblivio?
1349 1935 1404 1976 Et
1435 1941 1580 1975 tamen

200 2016 481 2060 quocumque
498 2001 645 2055 modo,
666 2001 768 2045 licet
790 2002 841 2044 sit
859 2001 1013 2045 modus
1034 2003 1113 2045 iste
1134 2000 1582 2060 incomprehensibilis

200 2080 243 2114 et
264 2069 576 2130 inexplicabilis
596 2106 606 2123 ‚
633 2070 776 2114 etiamv
795 2070 930 2129 ipsam
953 2071 1214 2115 oblivionem
1238 2072 1481 2116 meminisse
1511 2086 1580 2115 me

200 2149 342 2184 certus
363 2155 484 2195 sum,
503 2156 588 2200 qua
606 2140 651 2184 id
673 2141 793 2200 quod
813 2141 1133 2185 meminerimus
1148 2141 1366 2185 obruitur.
