1871 3162
552 218 893 254 confussiomuiu,
929 218 1010 243 Lus.
1044 217 1138 243 xm.
1448 209 1531 246 369

160 391 227 407 ΜΜ
231 389 934 409 ΜΜΛΛΜΜΝΙΜΜΜΝἋΝΝᾺΜΑΛΜ

1149 390 1536 408 mmmmmw

654 527 872 577 CAPUT
918 528 1029 575 VII.

528 682 578 727 Ε
567 682 749 745 ffectas
770 684 977 742 Spiritus
997 685 1171 728 sancti.

222 840 346 882 VlIl.
385 841 475 883 JAM
498 840 600 885 hinc
623 851 830 901 sequatur
851 842 926 901 qui
948 850 1091 900 potest
1117 840 1342 884 intellectu
1361 842 1547 899 Aposto-

160 906 254 951 lum
278 917 404 952 tuum
425 910 644 954 dicentem
662 946 672 965 ‚
711 912 815 971 quia
844 931 863 953 «
889 912 1087 956 Charitas
1121 920 1193 954 tua
1216 910 1381 954 diffusa
1414 918 1477 953 cst
1502 909 1549 952 in

164 996 185 1019 »
221 978 428 1023 cordibus
450 982 607 1025 nostris
637 997 713 1040 per
737 982 942 1040 Spiritum
981 990 1179 1026 sanctum
1197 1015 1207 1035 ‚
1234 980 1310 1040 qui
1337 980 1464 1024 datus
1487 987 1550 1022 est

166 1066 186 1089 »
223 1050 348 1093 nobis
364 1052 376 1075 1
394 1070 405 1106 3
434 1068 453 1091 »
480 1059 523 1094 et
540 1050 594 1094 de
611 1051 874 1110 spiritalibus
902 1052 1132 1096 docentem
1148 1086 1160 1106 ‚
1185 1059 1228 1094 et
1246 1049 1551 1094 demonstran-

170 1128 254 1163 tem
292 1122 683 1178 supereminentem
715 1123 829 1166 viam
858 1123 1104 1176 charitatis,
1141 1131 1184 1165 et
1205 1122 1452 1165 flectentem
1477 1137 1551 1179 gc-

160 1205 248 1234 nua
283 1205 361 1249 pro
398 1191 522 1235 nobis
545 1192 600 1236 ad
625 1201 664 1236 te
682 1227 692 1246 ,
719 1201 767 1235 ut
803 1207 1118 1251 cognoscamus
1152 1192 1547 1251 supereminentem

159 1262 380 1307 seientiam
398 1263 617 1307 charitatis
630 1264 790 1309 Christi
804 1268 835 1306 2.
865 1263 1057 1324 Ideoque
1079 1263 1134 1307 ab
1160 1262 1284 1308 initio
1307 1264 1549 1323 superemi-

159 1348 266 1377 nens
284 1325 642 1392 superferebatur
652 1350 779 1393 super
802 1350 947 1394 aquas.
964 1335 1043 1379 Cui
1060 1333 1201 1378 dicam
1216 1336 1233 1375 ‘?
1248 1334 1470 1393 quomodo
1489 1334 1550 1378 di-

156 1419 251 1448 cam
270 1404 324 1448 de
342 1404 534 1464 pondere
551 1404 800 1464 cupiditatis
823 1406 867 1449 in
887 1406 1117 1465 abruptam
1157 1406 1388 1463 abyssum,
1427 1415 1470 1449 et
1494 1405 1548 1449 de

157 1475 454 1520 sublevatione
467 1476 685 1521 charitatis
694 1491 770 1534 per
785 1478 991 1535 Spiritum
1001 1486 1125 1521 tuum
1134 1512 1144 1532 ‚
1155 1478 1231 1537 qui
1248 1476 1549 1536 superfereba-

158 1554 230 1589 tur
240 1562 368 1605 super
390 1549 551 1607 aquas?
569 1547 651 1592 Cui
673 1546 845 1591 dicam?
863 1546 1086 1607 quomodo
1107 1546 1248 1591 dicam
1261 1549 1279 1591 Ξ)
1292 1544 1548 1604 Mergimur}

158 1624 201 1660 et
222 1617 508 1675 emergimus?
525 1620 677 1677 Neque
699 1617 814 1661 enim
830 1615 926 1661 loca
946 1625 1048 1661 sunt
1069 1617 1230 1677 quibus
1250 1617 1485 1675 mergimur
1503 1625 1546 1660 et

158 1688 433 1745 emergimus.
464 1687 577 1740 Quid
606 1686 811 1742 similius,
838 1696 880 1730 et
910 1687 1016 1746 quid
1051 1687 1326 1731 dissimilius?
1348 1689 1543 1732 Affectus

157 1766 286 1812 sunt,
325 1772 490 1801 amores
518 1767 647 1811 sunt,
678 1757 956 1800 immunditia
990 1758 1163 1816 spiritus
1186 1758 1320 1802 nostri
1344 1757 1542 1801 defluens

155 1827 336 1872 inferius
359 1844 504 1872 amore
531 1843 751 1883 curarum,
772 1837 814 1871 et
835 1828 1038 1871 sauctitas
1062 1830 1126 1872 tui
1144 1828 1345 1872 attollens
1362 1845 1440 1872 nos
1462 1844 1540 1872 su-

157 1899 301 1957 perius
325 1913 471 1943 amore
492 1898 731 1943 securitatis
749 1932 759 1952 ,
786 1907 835 1941 ut
857 1913 1028 1941 sursum
1049 1914 1123 1942 cor
1144 1899 1380 1942 habeamus
1400 1899 1455 1942 ad
1479 1908 1537 1952 te,

158 1969 234 2012 ubi
250 1969 431 2028 Spiritus
453 1979 554 2013 tuus
571 1967 840 2028 superfertur
862 1982 989 2026 super
1011 1983 1157 2023 aquas,
1176 1977 1219 2012 et
1241 1969 1462 2012 veniamus
1484 1968 1540 2011 ad

156 2041 550 2099 supereminentem
567 2040 778 2100 requiem,
799 2054 898 2082 cum
918 2040 1211 2097 pertransierit
1229 2039 1372 2083 anima
1395 2048 1540 2083 nostra

158 2125 291 2170 aquas
307 2125 406 2170 quae
428 2119 530 2154 sunt
550 2110 640 2154 sine
661 2108 900 2154 substantia
913 2109 945 2151 3.

203 2219 216 2239 ¹
234 2219 324 2250 Rom.
346 2229 380 2256 v,
401 2218 432 2249 5.
454 2235 496 2241 —
516 2224 528 2241 ²
548 2217 664 2260 Ephes.
682 2226 730 2258 ιιι,
754 2216 873 2258 14-19.
897 2231 931 2238 --
956 2211 968 2236 ³
987 2216 1065 2248 Psal.
1083 2215 1193 2257 cxxiu,
1214 2217 1245 2249 5.

351 2606 518 2637 cxxxu.
1307 2596 1354 2634 Ξῖ
