1871 3162
600 216 944 261 comrssssmnmtt,
979 223 1063 250 Lm.
1098 224 1158 249 1v.
1483 212 1568 250 223

180 292 256 335 sed
274 292 433 351 potius,
451 292 487 335 si
508 299 570 335 est
592 289 744 348 grandi
767 290 997 343 charitate,
1022 303 1101 347 pro
1122 288 1309 347 peccatis
1332 289 1438 333 meis
1462 289 1566 334 sseat

179 361 270 421 ipse
292 361 347 406 ad
368 370 412 405 te
436 364 605 406 Patrem
623 360 821 405 omnium
844 359 1030 404 fratrum
1052 358 1215 404 Christi
1232 358 1312 401 tui.

1236 522 1566 540 mmmmm

189 523 747 543 mmmmm

677 659 894 707 CAPUT
938 659 1085 705 XIII.

545 810 669 857 Orat
678 826 771 872 pro
793 819 949 856 matre
970 808 1223 874 defuncta.

236 975 440 1018 XXXIV.
467 976 561 1018 Eoo
583 982 730 1017 autem
749 974 841 1033 jam
877 981 1029 1016 sanato
1051 971 1182 1016 corde
1214 971 1269 1015 ab
1291 969 1367 1014 illo
1389 969 1572 1015 vulnere

178 1045 224 1088 in
245 1060 334 1104 quo
351 1053 520 1103 poterat
542 1043 740 1102 redargui
763 1043 945 1088 carnalis
963 1043 1163 1096 affectus,
1184 1040 1325 1086 fundo
1347 1041 1442 1095 tibi,
1459 1044 1572 1084 Deus

176 1125 337 1169 noster,
355 1130 432 1173 pro
452 1114 526 1158 illa
544 1113 709 1158 famula
730 1123 805 1158 tua
821 1114 952 1171 longe
969 1113 1088 1156 aliud
1104 1111 1398 1169 lacrymarum
1418 1125 1571 1168 genus,

175 1185 296 1246 quod
318 1194 465 1229 manat
486 1183 540 1228 de
566 1199 779 1229 concusso
804 1184 962 1242 spiritu
987 1182 1335 1226 consideratione
1359 1181 1574 1240 periculo-

175 1271 274 1300 rum
295 1256 434 1299 omnis
457 1256 612 1299 animae
637 1271 736 1314 quae
758 1255 803 1298 in
826 1253 967 1298 Adam
984 1254 1185 1298 moritur.
1209 1256 1473 1312 Quanquam
1497 1251 1572 1296 illa

173 1327 218 1371 in
239 1327 412 1372 Christo
429 1326 645 1370 vivificata
662 1328 675 1351 ¹
689 1360 701 1380 ‚
727 1325 858 1369 etiam
876 1325 1074 1369 nondum
1095 1340 1118 1368 a
1147 1338 1278 1368 carne
1299 1322 1491 1368 resoluta
1512 1322 1573 1367 sic

172 1397 340 1451 vixerit,
359 1405 409 1440 ut
424 1394 630 1440 laudetur
650 1410 810 1439 nomen
833 1404 959 1438 tuum
977 1394 1022 1437 in
1038 1393 1124 1438 fide
1144 1394 1427 1454 moribusque
1451 1394 1488 1453 ej
1499 1409 1569 1449 us;

171 1483 263 1511 non
279 1476 426 1511 tamen
447 1466 589 1510 audeo
617 1465 761 1510 dicere
778 1501 788 1519 ‚
814 1481 864 1509 ex
886 1481 975 1525 quo
1000 1480 1095 1509 eam
1118 1480 1194 1524 per
1212 1464 1475 1523 baptismum
1496 1479 1569 1507 re-

171 1537 407 1596 generasti,
428 1535 601 1580 nullum
619 1535 804 1580 verbum
828 1535 962 1579 exisse
991 1535 1046 1578 ab
1069 1549 1142 1579 ore
1161 1535 1251 1594 ejus
1275 1543 1429 1578 contra
1451 1550 1568 1594 prae-

170 1617 347 1667 ceptum
382 1616 523 1651 tuum.
555 1609 622 1650 Et
643 1605 814 1650 dictum
836 1614 900 1649 est
930 1620 954 1648 a
983 1604 1177 1648 Veritate
1202 1604 1316 1648 Filio
1338 1612 1416 1648 tuo
1438 1623 1447 1648 ι
1479 1622 1500 1646 «
1525 1605 1567 1648 Si

173 1695 194 1719 »
213 1679 310 1738 quis
324 1677 478 1721 dixerit
502 1676 623 1721 fratri
637 1692 738 1721 suo:
760 1679 917 1730 Fatue,
934 1690 1032 1719 reus
1051 1675 1132 1719 erit
1151 1675 1366 1734 gehennae
1383 1675 1568 1734 ignis².»

169 1750 226 1792 Et
246 1763 311 1792 vae
334 1748 462 1790 etiam
490 1745 701 1790 laudabili
723 1746 823 1789 vitae
853 1745 1109 1799 hominum,
1136 1745 1169 1788 si
1199 1753 1367 1788 remota
1396 1745 1570 1788 miseri-

170 1816 317 1862 cordia
338 1816 542 1860 discutias
561 1831 670 1859 eam.
688 1815 799 1868 Quia
816 1829 919 1858 vero
944 1829 1035 1858 non
1052 1814 1238 1873 exquiris
1258 1812 1417 1857 delicta
1440 1815 1569 1857 vehe-

169 1896 339 1932 menter
355 1921 366 1939 ‚
405 1885 664 1930 fiducialiter
695 1899 917 1944 speramus
953 1884 1146 1943 aliquem
1185 1884 1305 1943 apud
1341 1894 1387 1928 te
1420 1884 1568 1928 locum

167 1959 362 2003 invenire
382 1957 681 2015 indulgentiae.
707 1955 911 2014 Quisquis
933 1964 1082 1998 autem
1105 1955 1185 1998 tibi
1209 1963 1443 1998 enumerat
1466 1969 1571 1998 vera

170 2028 323 2072 merita
359 2043 462 2080 sua,
492 2025 601 2086 quid
635 2025 716 2069 tibi
749 2033 978 2068 enumerat
1013 2024 1094 2067 nisi
1133 2039 1316 2068 munera
1345 2025 1452 2068 tua?
1473 2027 1510 2069 O
1533 2025 1566 2069 si

170 2107 433 2157 cognoscant
462 2112 505 2140 se
527 2096 724 2140 homines
763 2096 988 2151 homines3
1017 2113 1037 2135 «
1066 2096 1121 2137 Et
1148 2094 1224 2154 qui
1247 2094 1462 2153 gloriatur
1484 2130 1494 2149 ,
1524 2095 1570 2138 in

174 2188 194 2211 »
231 2169 417 2212 Domino
436 2166 646 2226 glorietur
665 2165 708 2208 3!
741 2183 762 2205 »
1560 2157 1564 2159 ’

228 2241 410 2283 XXXV.
436 2241 527 2295 Ego
545 2238 707 2296 itaque,
728 2235 818 2279 laus
839 2249 933 2278 mea
957 2242 999 2277 et
1021 2234 1108 2278 vita
1130 2249 1222 2278 mea
1241 2269 1250 2287 ,
1280 2238 1391 2278 Deus
1413 2235 1555 2278 cordis

173 2311 285 2364 mei,
317 2309 511 2366 sepositis
534 2306 753 2364 paulisper
775 2305 901 2348 bonis
937 2305 1028 2364 ejus
1063 2296 1259 2358 actibus,
1289 2320 1367 2362 pro
1403 2304 1566 2363 quihus

173 2381 253 2426 tibi
285 2379 482 2438 gaudens
505 2378 659 2435 gratias
692 2373 773 2434 ago
790 2410 800 2430 ‚
828 2390 946 2419 nunc
979 2391 1058 2433 pro
1082 2376 1269 2433 peccatis
1294 2375 1439 2418 matris
1462 2391 1568 2418 meae

183 2452 392 2511 deprecor
414 2459 456 2493 te
472 2484 483 2504 ,
502 2449 656 2493 exaudi
674 2443 743 2491 me
760 2462 842 2506 per·
862 2445 1121 2489 medicinam
1139 2446 1369 2490 vulnerum
1393 2455 1568 2491 nostro-

234 2555 239 2570 ¹
270 2560 280 2579 ι
300 2550 371 2580 Cor.
389 2558 443 2586 xv,
459 2553 512 2578 22.
534 2561 574 2567 --
590 2552 601 2567 ²
622 2544 742 2576 Matth.
764 2555 801 2584 v,
816 2552 868 2575 22.
884 2559 924 2564 —
946 2540 958 2563 3
979 2554 990 2574 1
1016 2544 1088 2574 Cor.
1109 2552 1141 2582 x,
1164 2552 1214 2582 17·
