1871 3162
742 253 892 283 mnu.
1419 241 1504 284 565

171 326 274 358 Cum·
317 333 365 356 m.
393 325 437 355 Ex
455 322 512 355 Dei
528 321 628 364 gratia
648 321 766 355 omnia.
1334 332 1416 368 pag.
1441 324 1506 356 365

321 389 364 411 iv.
391 381 473 410 Deus
486 388 550 409 non
566 381 639 420 eget
651 376 747 409 rebus
760 375 910 409 conditis.
1443 380 1506 411 366

334 444 363 465 v.
389 433 523 466 Trinitas
539 433 594 476 qui
618 436 701 466 Deus
721 435 826 465 estex
851 431 960 474 primis
983 429 1092 464 verbis
1117 432 1276 465 Geneseos
1296 431 1419 466 intelli-

432 489 526 530 gitur.
1442 489 1505 521 367

325 553 365 575 vi.
392 545 455 575 Cur
469 543 576 575 dictus
596 546 646 575 est
662 542 795 584 Spiritus
810 541 983 585 superferri
999 551 1094 584 super
1110 549 1217 584 aquaS.
1443 544 1507 575 368

309 609 365 631 vn.
391 599 535 632 Effectus
551 600 684 642 Spiritus
709 599 824 632 sancti.
1442 601 1505 632 369

298 665 368 688 v1u.
394 655 609 688 Intellectuali
639 660 795 688 creaturae
823 654 864 687 ad
892 653 1022 686 beatam
1046 652 1190 696 requiem
1220 661 1283 685 non
1305 650 1419 686 sufficit

429 711 580 754 quidquid
598 714 665 744 Deo
683 711 786 744 minus
804 715 863 743 est.
1442 711 1507 742 370

319 777 363 799 ιι.
389 768 450 799 Cur
468 767 551 799 solus
569 768 707 809 Spiritus
723 769 853 798 sanctus
873 764 1135 807 superferebatur
1150 774 1245 808 super
1265 774 1372 807 aquas.
1443 768 1504 797 371

323 832 354 853 x.
380 823 426 854 Ex
439 823 521 854 dono
538 822 595 854 Dei
612 821 729 853 omnia.
1442 822 1507 852 372

313 887 357 910 ιι.
382 877 531 919 Symbola
550 877 714 909 Trinitatis
728 876 760 909 in
777 875 919 910 homine.
1442 877 1506 907 373

302 943 357 965 ιιι.
382 933 489 965 Mundi
505 933 627 966 creatio
640 933 870 965 formationem
882 931 1031 966 Ecclesiae
1048 931 1239 975 praefigurat.
1443 934 1507 964 374

280 998 353 1021 xm.
378 990 554 1021 Renovatio
570 989 705 1021 hominis
722 990 798 1022 dum
820 989 875 1022 hic
893 989 975 1022 vivit
991 989 1132 1022 nondum
1147 987 1305 1031 peffecta.
1442 990 1506 1020 375

293 1055 358 1076 xiv.
384 1044 461 1077 Fide
478 1050 512 1077 et
531 1055 589 1087 spe
606 1044 866 1077 corroboramur.
1440 1044 1503 1076 376

303 1109 357 1131 xv.
382 1101 465 1132 Fiat
470 1100 746 1146 firmamentum,
763 1105 830 1133 etc.
851 1102 930 1134 Gen.
952 1110 976 1142 ι,
1000 1111 1050 1143 19.
1070 1099 1151 1138 Quid
1167 1099 1416 1141 firmamentum,

425 1155 501 1197 quid
517 1156 694 1199 superiores
714 1166 813 1199 aquae.
1440 1155 1506 1186 378

292 1219 358 1241 ινι.
383 1210 474 1241 Solus
490 1213 572 1242 Deus
588 1221 622 1242 se
642 1212 707 1243 scit
723 1211 854 1244 omnino
872 1210 966 1242 sicuti
985 1215 1044 1243 est.
1442 1210 1506 1242 380

281 1274 358 1297 xvu.
385 1266 641 1310 Congregentur·
662 1278 762 1311 aquae
775 1292 785 1308 ,
810 1271 874 1298 etc.
900 1267 981 1298 Gen.
1005 1277 1016 1298 1
1029 1290 1039 1307 ,
1061 1276 1095 1307 9.
1116 1264 1198 1304 Quid
1214 1273 1324 1306 mare,
1344 1264 1419 1306 quid

425 1322 523 1353 arida.
540 1339 579 1344 —
594 1323 778 1365 Explicatur
797 1322 989 1356 versiculum
1008 1335 1014 1354 ε
1032 1323 1206 1356 Germinet
1224 1329 1330 1361 zerra,
1349 1324 1413 1354 etc.

425 1378 505 1409 Gen.
522 1389 545 1417 1,
565 1388 577 1408 1
588 1389 616 1409 1.

263 1441 354 1463 xvm.
379 1432 486 1463 Fiant
501 1432 699 1472 Iunu'nurz‘a,
719 1438 784 1466 etc.
798 1436 876 1467 Gen.
893 1445 917 1475 1,
936 1434 987 1476 14.
1007 1436 1081 1472 Quae
1097 1433 1263 1466 luminaria
1275 1432 1416 1466 dividen-

424 1487 467 1517 tia
483 1487 567 1519 inter
583 1488 667 1520 dIem
686 1493 720 1521 et
734 1495 877 1523 noctem.

284 1550 352 1572 ιιι.
378 1541 511 1573 Tractat
523 1543 673 1575 eumdem
689 1544 901 1577 versiculum:
916 1545 1024 1576 Fiant
1041 1544 1239 1582 luminaria,
1261 1549 1323 1576 etc.

301 1605 356 1628 ιι.
381 1594 581 1628 Producant
597 1609 698 1643 aquoe
716 1599 866 1641 reptilia,
885 1605 949 1632 etc.
966 1600 1047 1632 Gen.
1069 1610 1093 1641 1,
1109 1608 1164 1632 20.
1184 1602 1258 1638 Quae
1275 1597 1414 1642 reptilia,

424 1663 493 1694 quae
509 1652 663 1686 volatilia.

290 1717 354 1739 xxi.
380 1705 557 1739 Producat
577 1713 670 1738 terra
687 1708 834 1740 animam
848 1707 978 1746 vivam,
997 1712 1063 1739 etc.
1079 1709 1159 1740 Gen.
1177 1718 1201 1748 1,
1219 1706 1274 1749 24.

274 1772 349 1794 xxu.
376 1761 558 1797 Faciamus
575 1762 741 1796 hominem
759 1761 807 1794 ad
818 1763 1005 1805 imaginem,
1020 1765 1086 1795 etc.
1099 1764 1178 1795 Gen.
1193 1774 1217 1802 1,
1231 1761 1288 1795 26.
1306 1765 1413 1796 Reno-

423 1819 508 1852 vatio
523 1820 652 1853 mentis.

268 1884 357 1908 xxm.
382 1875 433 1908 Et
451 1877 573 1918 praesz't
594 1875 743 1917 piscibus
767 1875 892 1914 maris,
912 1878 977 1908 etc.
996 1876 1074 1908 Gen.
1102 1886 1135 1916 1,
1161 1874 1215 1907 26.
1239 1877 1286 1908 De
1299 1874 1413 1919 quibus

424 1931 619 1964 Christianus
633 1931 769 1972 judicet.

1441 1378 1501 1409 381

1438 1489 1502 1520 382

1440 1544 1504 1575 384

1440 1656 1503 1686 386

1441 1712 1503 1742 388

1439 1822 1503 1853 390

1437 1933 1501 1964 392

269 1984 356 2018 xxiv.
382 1986 417 2018 E
421 1993 434 2018 t
443 1985 616 2019 benedixit
629 1997 686 2018 eos
699 1987 804 2024 Deus,
818 1983 934 2017 dicens
948 2003 955 2017 .-
971 1985 1133 2025 Cresczie,
1148 1991 1211 2018 etc.
1224 1987 1304 2018 Gen.
1319 1994 1343 2028 1,
1356 1986 1410 2019 28.
1436 1989 1501 2020 394

282 2051 354 2073 xxv.
382 2041 475 2073 Ecce
492 2039 575 2074 dedi
597 2041 687 2074 vobis
711 2052 840 2074 omnem
859 2040 1035 2074 herbam...
1050 2042 1086 2073 in
1103 2052 1229 2080 escam,
1247 2046 1312 2075 etc.
1328 2044 1409 2076 Gen.

426 2107 452 2137 1,
473 2105 527 2138 29.
1437 2100 1499 2131 397

261 2161 348 2183 xxw.
374 2151 523 2193 Voluptas
540 2155 573 2183 et
591 2150 709 2184 utilitas
726 2162 767 2184 ex
784 2150 942 2184 beneficio
962 2151 994 2184 in
1007 2152 1184 2195 proximum
1201 2152 1328 2186 collato.
1433 2155 1498 2187 398

253 2217 346 2239 xxvu.
374 2207 453 2245 Quid
473 2218 533 2250 per
551 2207 656 2250 pisces
674 2211 708 2240 et
724 2212 814 2241 cetos
833 2208 1039 2251 significetur.
1433 2212 1499 2243 400

240 2273 348 2295 xxvm.
374 2263 426 2295 Et
439 2262 532 2296 vidit
546 2265 635 2296 Deus
650 2265 764 2296 omnia
775 2264 960 2309 quoeficit‚
971 2272 1004 2298 et
1017 2276 1094 2298 ecce
1108 2265 1197 2298 bona
1210 2264 1330 2304 valde,
1343 2270 1406 2299 etc.

423 2320 503 2351 Gen.
518 2330 542 2359 1,
558 2319 611 2351 31.
1432 2324 1494 2355 401

262 2383 351 2406 xxix.
375 2374 538 2412 Quomodo
553 2374 792 2417 intelligendum
810 2376 896 2419 quod
916 2379 999 2409 Deus
1015 2377 1118 2410 octies
1134 2377 1216 2411 vidit
1237 2377 1321 2410 bona
1340 2388 1408 2410 esse

421 2440 520 2472 opera
537 2440 603 2462 sua.
1431 2434 1497 2465 402

279 2494 353 2516 xxx.
380 2485 628 2520 Manichaeorum
644 2486 768 2519 deliria.
1430 2490 1495 2521 403

267 2550 355 2574 ιιιι.
379 2541 439 2575 Piis
454 2541 538 2576 idem
555 2541 709 2585 probatur
720 2541 805 2585 quod
817 2543 883 2577 Deo
899 2542 1028 2586 placuit.
1431 2545 1494 2576 404
