1871 3162
287 212 370 251 556

898 230 1045 257 INDEX·

329 299 404 324 non
421 299 534 335 quam
546 291 641 326 sacili
657 293 803 337 negotio
816 293 1025 330 liberalium
1045 296 1179 330 artium
1192 295 1305 332 libros
1315 302 1427 341 atque
1446 297 1657 333 Aristotelis

330 347 561 393 categorias,
576 360 669 386 anno
683 351 800 386 aetatis
816 350 934 387 ferme
950 353 1128 399 vigesimo
1142 364 1208 399 per
1222 364 1299 390 sese
1311 354 1548 391 intellexerit.

353 474 455 505 CAPUT
500 483 523 506 1.'
548 474 693 513 Quandiu
706 480 737 507 et
753 475 912 518 quomodo
933 476 1010 508 alios
1026 477 1200 510 seduxerit.

483 539 516 562 u.

469 649 516 672 111.

472 760 513 782 iv.

461 1261 505 1283 11.

450 1317 504 1338 xu.

436 1427 501 1449 1111.

442 1484 496 1506 xw
501 1497 508 1504 .

457 1595 508 1617 XV.

436 1704 505 1726 xVI.

1538 489 1564 510 σ.

539 529 745 563 Rhetoricam
761 531 871 573 docet,
891 532 1103 565 concubinam
1120 533 1225 574 fovet,
1244 538 1278 565 et
1297 490 1571 575 haruspicempgzi

585 586 754 618 victoriam
770 587 984 629 promittebat
997 613 1005 628 ,
1027 588 1217 620 coutemnit.

539 640 589 671 Ab
609 641 779 683 astrologia
794 666 803 682 ‚
827 642 879 674 cui
895 642 1022 675 deditus
1040 647 1110 674 erat
1124 668 1132 684 ‚
1150 654 1210 684 per
1226 653 1337 675 senem
1354 642 1518 674 medicinae
1535 646 1570 675 et

584 706 690 727 rerum
706 696 844 737 peritum
861 701 1047 729 revocatur.

539 751 564 782 1.
580 750 734 782 Morbum
752 756 785 783 et
803 752 994 792 baptismum
1012 753 1105 785 amici
1127 759 1236 785 nan-at
1249 779 1258 794 ‚
1283 764 1377 796 quem
1399 754 1495 785 etiam
1507 754 1569 786 suis

583 807 742 839 erroribus
758 807 952 846 involverat,
968 819 1068 850 eoque
1085 812 1190 841 morte
1207 808 1334 840 sublato
1349 808 1437 840 dolet
1455 809 1570 850 gravis-

583 863 674 895 sime.
694 880 735 885 —
751 865 790 895 11.
812 863 965 895 Mirabilis
983 863 1129 896 efficacia
1150 865 1342 897 sacramenti
1359 864 1522 906 baptismi.

506 941 514 950 .
539 919 601 950 Cur
619 918 716 950 fletus
731 918 832 951 dulcis
846 919 981 950 miseris.

467 983 514 1006 v1.

456 1039 510 1061 vn.

444 1094 509 1116 vin.

464 1151 508 1173 ix.

539 974 679 1011 Quantus
697 985 736 1006 ex
753 974 848 1006 amici
865 979 969 1007 morte
981 974 1084 1007 dolor.

536 1030 740 1072 Impatientia
757 1030 872 1062 doloris
888 1035 992 1062 mutat
1004 1031 1121 1063 locum.

535 1086 673 1127 Tempus
691 1089 725 1117 et
748 1085 922 1118 amicorum
939 1085 1099 1127 colloquia
1120 1085 1220 1117 dolori
1243 1085 1424 1117 medentur.

534 1143 582 1173 De
597 1141 735 1173 humana
748 1142 903 1174 amicitia.
915 1144 1028 1174 Beatus
1047 1142 1100 1184 qui
1117 1145 1203 1173 amat·
1219 1141 1251 1171 in
1264 1143 1342 1172 Deo.

532 1196 660 1229 Labiles
677 1201 835 1229 creaturae
845 1222 854 1237 ‚
879 1207 940 1229 nec
957 1197 988 1228 in
1007 1198 1051 1229 eis
1068 1201 1173 1238 potest
1191 1195 1294 1228 anima
1315 1195 1534 1236 requiescere.

532 1252 644 1284 Omnia
662 1256 773 1284 creata
793 1256 866 1283 sunt
883 1252 1043 1284 instabilia
1058 1264 1064 1282 ι
1086 1252 1169 1283 solus
1183 1254 1265 1283 Deus
1277 1250 1410 1282 stabilis.

530 1308 626 1339 Amor
643 1317 705 1339 non
720 1307 921 1349 improbatur
933 1333 942 1349 ‚
963 1307 1055 1340 modo
1073 1307 1106 1338 in
1118 1306 1166 1339 his
1183 1318 1251 1349 quae
1271 1306 1412 1348 placent,
1426 1314 1567 1337 amemus

576 1365 691 1395 Deum.

531 1419 628 1449 Amor
645 1417 729 1450 unde
747 1418 929 1460 proveniat.

533 1473 624 1506 Libri
645 1475 686 1507 de
706 1477 790 1516 Apte·
810 1480 844 1508 et
870 1474 1008 1507 Pulchro
1024 1474 1132 1506 Hierio
1150 1473 1335 1515 nuncupati.
1364 1472 1452 1504 Unde
1479 1471 1565 1504 hunc

577 1537 756 1563 amaverat.

534 1586 624 1623 Quod
645 1585 869 1627 corporalibus
885 1585 1074 1627 imaginibus
1087 1584 1340 1617 contenebratus
1357 1607 1366 1624 ‚
1385 1593 1446 1615 non
1462 1582 1565 1625 potuit

573 1650 692 1678 capere
707 1640 875 1679 spiritalia.

529 1693 712 1734 Categorias
725 1691 902 1724 Aristotelis
915 1697 946 1724 et
958 1691 1137 1725 liberalium
1153 1693 1269 1725 artium
1281 1693 1378 1725 libros
1395 1704 1452 1735 per
1465 1703 1498 1726 se
1509 1693 1564 1724 in-

576 1747 712 1781 tellexit.

823 1878 997 1921 LIBER
1030 1878 1083 1920 V.

1614 481 1657 510 64

1614 591 1656 621 65

265 2013 413 2048 Annum
439 2011 555 2047 aetatis
585 2021 656 2047 suae
682 2011 828 2046 exhibet
853 2012 1070 2055 vigesimum
1092 2021 1229 2046 nonum
1245 2038 1254 2052 ,
1272 2021 1345 2055 quo
1373 2011 1511 2046 scilicet
1540 2021 1644 2047 com—

311 2076 417 2116 perta
446 2071 569 2105 Fausti
588 2069 785 2107 Manichaei
816 2070 999 2115 imperitia
1015 2070 1245 2114 propositum
1269 2070 1305 2103 in
1325 2069 1382 2104 illa
1407 2075 1507 2104 secta
1527 2070 1646 2114 profi-

312 2129 435 2164 ciendi
455 2129 611 2173 abjecit3
632 2139 706 2173 quo
722 2129 833 2163 ctiam
849 2129 986 2171 Roma,
1003 2128 1064 2162 ubi
1084 2134 1171 2162 tunc
1199 2127 1423 2162 rhetoricam
1445 2128 1648 2172 profiteba-

310 2193 395 2231 tur,
412 2188 542 2222 missus
557 2187 809 2222 Mediolanum
824 2193 864 2222 ut
881 2187 1048 2221 eamdem
1068 2192 1186 2220 artem
1200 2186 1372 2228 doceret,
1389 2186 1501 2230 coepit
1520 2186 1645 2220 audito

309 2246 508 2282 Ambrosio
528 2246 745 2291 resipiscere
758 2272 766 2288 ‚
790 2252 826 2280 et
845 2246 890 2280 de
909 2243 1184 2279 manichaeismo
1206 2243 1409 2278 abdicando
1438 2252 1584 2278 necnon
1600 2244 1646 2278 dc

311 2305 514 2350 repetendo
530 2303 837 2339 catechumenatu
853 2303 1070 2338 decernere.

329 2430 432 2461 CAPUT
477 2439 499 2460 1.

465 2496 500 2518 n.

526 2430 653 2462 Excitat
665 2433 806 2461 mentem
822 2428 862 2459 ad
875 2430 974 2459 Deum
995 2427 1199 2459 laudandum.

525 2486 582 2518 Dei
599 2484 799 2527 praesentiam
819 2484 942 2526 iniquos
963 2493 1025 2515 non
1043 2482 1198 2524 effugere.
1218 2483 1329 2523 ltaque
1347 2480 1387 2513 ad
1405 2490 1477 2513 eum
1494 2481 1553 2513 de—

572 2541 650 2574 bere
667 2540 827 2573 converti.

1602 2428 1644 2459 89

1603 2538 1644 2567 90
