1871 3162
238 218 255 252 1
265 214 318 253 64
672 224 706 254 S.
742 224 972 255 Auuus'nm
1004 226 1185 254 EPISCOI’I

232 400 371 416 mm
376 400 442 416 ἋΜ
447 396 1509 416 wnmmvmmmmmmmmmmmmmmmmmmmxmvuum
1514 396 1609 413 mxu

696 533 912 583 CAPUT
948 535 1127 581 XVIII.

508 688 649 734 Solus
677 686 894 732 Christus
915 687 998 731 via
1022 683 1092 731 ad
1111 683 1330 730 salutem.

290 845 454 888 XXIV.
491 845 556 887 ΕΤ
580 844 831 904 quaerebam
859 844 974 888 viam
1002 842 1283 902 comparandi
1311 840 1479 886 roboris
1500 838 1621 900 quod

230 924 341 959 esset
372 914 582 958 idoneum
615 914 670 958 ad
704 912 940 958 fruendum
963 922 1035 958 te:
1061 929 1141 958 nec
1174 912 1452 958 inveniebam
1483 910 1622 954 donec

232 985 515 1045 amplecterer
533 985 815 1029 mediatorem
834 985 912 1029 Dei
929 994 972 1029 et
988 985 1218 1029 hominum
1231 984 1454 1028 hominem
1471 981 1621 1027 Chris-

231 1066 327 1100 tum
343 1058 534 1110 Jesum1,
559 1055 636 1115 qui
657 1065 721 1099 est
743 1070 872 1114 super
895 1055 1041 1099 omnia
1063 1058 1178 1098 Deus
1200 1053 1458 1098 benedictus
1480 1052 1526 1095 in
1543 1067 1623 1095 sae-

232 1126 330 1170 cula
344 1131 377 1181 2,
412 1135 644 1170 vocantem
677 1135 720 1170 et
748 1125 993 1169 dicentem:
1019 1144 1038 1167 «
1063 1127 1155 1182 Ego
1178 1139 1272 1168 sum
1297 1124 1380 1178 via,
1406 1123 1561 1167 veritas
1583 1131 1626 1166 et

233 1215 254 1238 »
280 1197 369 1240 vita
384 1198 415 1239 3.
439 1214 458 1237 n
480 1199 536 1239 Et
553 1196 718 1250 cibum,
737 1196 807 1240 cui
825 1194 1036 1254 capiendo
1052 1194 1268 1238 invalidus
1285 1209 1418 1248 eram,
1439 1193 1625 1236 miscen-

232 1278 320 1312 tem
337 1267 476 1311 caini
468 1267 707 1326 quoniam
722 1268 920 1310 Verbum
943 1282 1043 1310 caro
1066 1264 1233 1310 factum
1256 1274 1334 1320 est,
1358 1274 1410 1308 ut
1430 1263 1625 1307 infantiae

233 1348 391 1383 nostiae
420 1338 645 1381 latesceiet
678 1337 888 1396 sapientia
923 1346 998 1380 tua
1026 1351 1104 1396 per
1133 1351 1266 1395 quam
1289 1335 1441 1379 cleasti
1463 1334 1622 1379 omnia.

233 1412 331 1454 Non
354 1409 469 1452 enim
492 1408 696 1452 tenebam
720 1407 957 1451 Dominum
981 1421 1130 1450 meum
1153 1409 1317 1460 ‚Iesum‚
1341 1404 1517 1449 humilis
1539 1405 1626 1448 hu-

233 1479 408 1522 miiem:
432 1493 511 1521 nec
533 1478 656 1536 cujus
680 1477 739 1520 rei
762 1478 963 1534 maoistia
991 1485 1098 1519 esset
1127 1477 1216 1535 ejus
1239 1475 1464 1518 infirmitas
1489 1489 1625 1519 nove-

235 1565 342 1594 ram.
384 1549 579 1592 Verbum
613 1548 728 1591 enim
766 1557 893 1590 tuum
924 1555 1085 1591 aeterna
1122 1546 1294 1600 veritas,
1333 1545 1626 1605 superioribus

236 1629 446 1665 creaturae
466 1629 553 1663 tuae
566 1618 760 1678 partibus
777 1618 1123 1677 supereminens,
1149 1617 1345 1661 subditos
1367 1616 1492 1674 erigit
1513 1616 1569 1660 ad
1583 1631 1627 1660 se

236 1691 372 1749 ipsam
391 1709 400 1734 :
426 1690 472 1732 in
492 1688 772 1733 inferioribus
795 1697 941 1732 autem
964 1687 1196 1731 aedificavit
1217 1687 1298 1730 sibi
1319 1685 1529 1730 humilem
1553 1686 1628 1730 do·

237 1775 359 1804 mum
385 1759 440 1803 de
470 1759 574 1803 limo
597 1767 762 1813 nostro,
793 1773 869 1817 per
891 1773 1022 1817 quam
1044 1756 1294 1801 subdendos
1316 1756 1580 1816 deprimeret
1603 1771 1626 1800 a

240 1845 283 1874 se
304 1830 420 1888 ipsis,
441 1829 553 1873 etad
577 1844 621 1872 se
643 1829 873 1888 trajiceret,
908 1842 1062 1871 sanans
1085 1836 1319 1882 tumorem,
1356 1835 1398 1870 et
1430 1827 1626 1870 nutriens

241 1915 447 1954 amorem,
463 1914 517 1942 ne
534 1898 693 1942 fiducia
713 1899 778 1942 sui
792 1897 1158 1958 progrederentur
1180 1896 1368 1955 longius,
1394 1895 1466 1940 sed
1484 1896 1627 1955 potius

241 1971 564 2014 infirmarentur
578 1969 774 2014 videntes
792 1977 891 2013 ante
911 1968 1041 2028 pedes
1063 1983 1160 2012 suos
1181 1968 1397 2011 infirmam
1412 1967 1624 2012 Divinita-

243 2050 330 2084 tem
363 2056 413 2083 ex
446 2040 774 2099 participatione
808 2040 969 2083 tunicae
1003 2037 1196 2097 pelliceae
1230 2046 1414 2092 nostrae,
1453 2046 1496 2081 et
1528 2036 1626 2083 lassi

243 2119 617 2171 prosternerentur
636 2110 683 2153 in
705 2124 816 2165 eam,
835 2108 909 2153 issa
929 2118 1075 2153 autem
1097 2123 1275 2168 surgens
1294 2107 1459 2153 levaret
1475 2123 1562 2154 eos.

293 2227 300 2242 ¹
329 2231 341 2251 1
362 2220 442 2251 Tim.
462 2230 498 2259 u,
520 2218 550 2250 5.
572 2234 612 2240 -
634 2224 647 2240 ²
671 2220 761 2252 Rom.
781 2228 828 2258 ix,
847 2217 878 2249 5.
900 2234 941 2240 —
961 2215 974 2240 3
997 2219 1088 2249 Joan.
1111 2212 1175 2259 xrv,
1194 2217 1226 2249 6.
