1871 3162
257 204 308 240 12
676 211 710 241 S.
745 212 973 242 Aucusnm
1006 212 1200 262 13121500121x

254 278 357 333 bus,
382 278 633 338 compegisti
661 280 888 333 membris,
926 279 1063 337 figura
1085 276 1324 329 decorasti,
1352 289 1520 335 proque
1540 277 1632 335 ejus

253 349 528 393 universitate
550 358 679 408 atque
697 348 994 393 incolumitate
1017 362 1166 392 omnes
1195 354 1375 390 conatus
1403 345 1633 390 animantis

251 418 476 462 insinuasti
494 453 504 472 ,
526 419 654 478 jubes
672 434 740 462 me
761 418 939 462 laudare
956 427 999 461 te
1017 419 1063 460 in
1085 418 1173 461 istis
1189 425 1232 460 et
1248 416 1449 460 confiteri
1466 415 1563 470 tibi,
1590 424 1633 459 et

252 487 432 547 psallere
453 489 619 533 nomini
641 498 734 543 tuo,
751 488 990 532 Altissime1
1019 507 1027 531 :
1050 488 1150 547 quia
1168 490 1281 530 Deus
1299 501 1342 529 es
1359 485 1633 544 omnipotens

252 566 294 600 et
315 558 481 613 bonus,
526 558 690 602 etiamsi
714 557 805 602 sola
828 558 905 601 ista
929 557 1116 611 fecisses,
1142 571 1241 616 quae
1265 570 1393 599 nemo
1421 554 1528 598 alius
1549 570 1633 613 po-

252 637 334 672 test
355 628 511 683 facere,
531 629 610 672 nisi
634 638 698 683 tu,
723 644 810 672 une
823 663 833 683 ,
851 645 874 672 a
894 644 981 688 quo
999 637 1060 671 est
1078 627 1217 671 omnis
1238 626 1393 670 modus
1410 623 1633 669 formosis-

251 698 355 742 sime
377 698 451 757 qui
468 699 628 742 formas
644 699 787 742 omnia
803 733 814 753 ,
843 707 885 741 et
903 698 996 755 lege
1022 708 1094 742 tua
1120 696 1293 741 ordinas
1322 696 1482 739 omnia.
1510 697 1633 738 Hanc

250 783 351 826 ergo
373 777 566 823 aetatem,
589 769 792 823 Domine,
818 783 950 828 quam
971 783 1041 811 me
1057 767 1209 811 vixisse
1231 781 1321 810 non
1353 765 1553 819 memini,
1578 763 1634 808 de

249 853 335 896 qua
357 838 447 881 aliis
473 838 662 893 credidi,
689 847 731 882 et
752 854 883 898 quam
911 853 978 881 me
1022 837 1155 896 egisse
1177 852 1227 880 ex
1265 836 1356 879 aliis
1390 835 1634 879 infantibus

249 907 436 966 conjeci,
461 922 713 967 quanquam
731 908 810 951 ista
831 907 1023 951 multum
1041 908 1127 950 fida
1147 908 1399 966 conjectura
1420 905 1495 960 sit,
1515 904 1634 963 piget

249 991 319 1019 me
341 993 625 1021 annumerare
642 978 743 1021 huic
765 978 864 1021 vitae
883 993 1005 1031 meae,
1021 992 1152 1036 quam
1173 977 1272 1021 vivo
1290 977 1335 1020 in
1352 977 1436 1020 hoc
1454 974 1630 1019 saeculo.

250 1049 473 1099 Quantum
508 1048 620 1090 enim
645 1048 799 1092 attinet
822 1048 877 1091 ad
904 1047 1134 1092 oblivionis
1158 1062 1265 1090 meae
1300 1046 1524 1100 tenebras,
1557 1060 1636 1104 par

249 1115 312 1159 illi
330 1126 392 1160 est
413 1133 544 1177 quam
568 1118 654 1161 vixi
671 1118 717 1160 in
737 1118 883 1161 matris
906 1106 1046 1161 utero‘.
1073 1116 1203 1170 Quod
1220 1117 1254 1160 si
1275 1125 1318 1160 et
1339 1117 1386 1159 in
1407 1116 1635 1175 iniquitate

250 1199 484 1246 conceptus
501 1203 612 1242 sum,
632 1197 674 1232 et
687 1189 732 1231 in
744 1189 929 1247 peccatis
945 1203 1014 1231 me
1025 1198 1161 1231 mater
1173 1202 1267 1231 mea
1280 1188 1325 1230 in
1339 1196 1464 1230 utero
1478 1186 1632 1244 aluit23

249 1258 342 1312 ubi,
367 1274 442 1302 oro
465 1268 523 1313 te,
543 1262 658 1302 Deus
672 1273 809 1313 meus,
825 1259 918 1312 ubi,
940 1259 1138 1313 Domine,
1155 1273 1233 1315 ego
1256 1273 1401 1301 servus
1416 1266 1534 1311 tuus,
1557 1257 1635 1300 ubi

250 1337 325 1372 aut
342 1328 518 1388 quando
532 1329 738 1373 innocens
755 1330 850 1373 fui?
870 1329 953 1374 Sed
966 1345 1064 1373 ecce
1079 1330 1232 1374 omitto
1249 1328 1359 1372 illud
1373 1338 1558 1386 tempus.
1577 1328 1634 1371 Et

249 1397 356 1457 quid
378 1398 483 1441 mihi
499 1400 590 1458 jam
612 1414 712 1442 cum
734 1414 785 1442 eo
807 1407 896 1454 est,
922 1400 1044 1458 cujus
1065 1398 1186 1443 nulla
1202 1398 1378 1457 vestigia
1401 1397 1574 1442 recolo?

250 1551 1630 1569 mwnmmmmmmmmmmmmmmmmmmwm

729 1664 945 1712 CAPUT
996 1667 1128 1712 Viti.

595 1806 734 1852 Unde
751 1824 875 1867 puer
902 1807 1031 1865 loqui
1051 1806 1284 1852 didicerit.

310 1953 432 1994 XIII.
454 1954 607 1996 Nom-E
628 1953 680 1995 ab
697 1952 878 1996 infantia
893 1953 979 1996 huc
995 1967 1177 2011 pergens
1194 1953 1294 1995 veni
1315 1953 1359 1995 in
1376 1952 1628 2010 pueritiam3

249 2021 317 2064 vel
339 2021 481 2079 potius
504 2022 592 2080 ipsa
609 2022 655 2065 in
673 2038 742 2066 me
754 2024 887 2076 venit,
904 2032 946 2065 et
963 2023 1165 2066 successit
1186 2021 1413 2065 infantiae?
1434 2024 1522 2067 Nec
1540 2022 1630 2066 dis-

249 2090 371 2133 cessit
391 2091 464 2134 illa
484 2113 494 2147 3
519 2107 606 2150 quo
640 2093 754 2134 enim
776 2092 913 2135 abiit?
936 2101 978 2135 et
999 2101 1144 2134 tamen
1177 2092 1264 2150 jam
1288 2107 1378 2135 non
1401 2101 1505 2135 erat.
1532 2095 1630 2137 Non

250 2161 364 2203 enim
384 2176 499 2203 eram
531 2160 672 2205 infans
706 2162 781 2220 qui
812 2177 899 2205 non
922 2161 1057 2216 farer,
1090 2161 1165 2207 sed
1192 2163 1282 2221 jam
1306 2177 1412 2220 puer
1443 2161 1628 2221 loquens

250 2244 380 2273 eram.
398 2233 453 2273 Et
475 2231 650 2273 memini
673 2232 755 2274 hoc
782 2251 790 2274 :
818 2240 860 2274 et
882 2232 998 2274 unde
1015 2231 1135 2290 loqui
1157 2231 1383 2275 didicerim
1404 2266 1414 2285 ,
1439 2241 1534 2290 post
1558 2231 1628 2275 ad-

248 2300 372 2343 verti.
398 2303 494 2343 Non
517 2301 632 2343 enim
655 2301 872 2344 docebant
889 2316 956 2344 me
971 2303 1152 2360 majores
1170 2302 1364 2345 homines
1383 2301 1627 2360 praebentes

251 2369 356 2412 mihi
374 2370 502 2413 verba
525 2380 642 2414 certo
663 2370 808 2430 aliquo
830 2370 981 2414 ordine
1004 2371 1212 2414 doctrinae
1227 2406 1237 2425 ,
1257 2372 1366 2415 sicut
1387 2371 1518 2430 paulo
1531 2381 1628 2430 post

249 2439 445 2483 litteras:
481 2439 556 2483 sed
583 2455 660 2498 ego
692 2442 784 2499 ipse
817 2450 962 2485 mente
998 2457 1130 2502 quam
1165 2442 1319 2486 dedisti
1343 2443 1477 2497 mihi,
1509 2446 1627 2486 Deus

301 2531 309 2547 ¹
336 2524 417 2555 Psal.
434 2535 492 2563 xm,
512 2534 543 2557 2.
565 2542 606 2548 --
621 2532 632 2547 ²
647 2526 691 2557 Id.
714 2537 743 2565 L,
761 2534 791 2563 7.

1806 1196 1818 1247 „-.⁴·⁴
1807 939 1819 1178 he‘b-;;i----
1813 844 1815 918 ,4⁴„n
1814 791 1815 798 ⁴
