1871 3162
216 192 298 229 302
645 203 678 228 ε.
715 201 942 228 ,incusum
975 202 1153 228 EPISCOPI

215 276 409 324 tempus,
449 281 591 324 neque
626 265 743 309 enim
779 265 1049 309 inveniemus
1083 265 1190 325 quid
1231 265 1363 308 suerit
1395 265 1589 322 longum,

216 335 393 395 quando
421 350 473 379 ex
509 351 598 394 quo
629 335 895 394 praeteritum
919 344 1003 389 est,
1029 350 1117 379 non
1153 344 1229 378 est.
1254 335 1339 379 Sed
1362 334 1554 378 dicamus
1579 353 1588 378 :

216 409 419 464 Longum
450 404 535 449 suit
574 405 684 449 illud
711 420 899 464 praesens
938 415 1131 464 tempus,
1163 406 1263 464 quia
1286 420 1386 448 cum
1410 420 1594 464 praesens

216 485 340 530 esset,
353 475 535 535 longum
548 484 653 519 erat.
670 475 875 520 Nondum
889 475 1005 518 enim
1022 476 1286 534 praeterierat
1299 485 1349 520 ut
1360 490 1450 520 non
1463 483 1586 529 esset,

216 555 258 590 et
280 545 379 590 ideo
401 554 493 590 erat
513 544 635 605 quod
655 544 838 603 longum
862 560 950 589 esse
969 554 1127 604 posset.
1160 550 1312 591 Postea
1335 561 1435 590 vero
1461 559 1594 604 quam

214 616 441 676 praeteriit,
467 615 599 660 simul
627 625 670 660 et
689 615 871 674 longum
905 631 994 660 esse
1018 616 1206 673 destitit,
1229 615 1351 676 quod
1382 630 1472 661 esse
1492 615 1596 660 des·-

214 694 315 730 tltl't.

273 757 394 799 XIX.
417 754 652 799 Videamus
670 770 792 813 ergo,
813 771 838 800 o
854 756 996 799 anima
1014 756 1221 811 humana,
1242 764 1388 799 utrum
1409 769 1595 815 praesens

214 835 385 884 tempus
409 826 542 884 possit
563 841 652 870 esse
674 827 856 884 longum
883 846 891 870 ε
913 826 1062 870 datum
1086 827 1202 871 enim
1226 827 1303 870 tibi
1331 835 1415 882 est,
1438 826 1595 870 sentire

215 912 356 941 moras
393 905 526 956 atquc
549 897 706 940 metiri.
732 896 848 949 Quid
877 896 1155 953 respondebis
1176 897 1311 940 mihi?
1345 913 1399 941 an
1420 905 1598 941 centum

215 966 319 1011 anni
338 974 570 1025 praesentes
590 965 772 1024 longum
790 974 961 1024 tempus
980 968 1072 1010 est?
1093 967 1190 1010 vide
1207 967 1326 1025 prius
1340 975 1489 1010 utrum
1499 982 1597 1025 pos-

215 1038 302 1081 sint
318 1047 550 1096 praesentes
576 1052 665 1081 esse
687 1046 865 1081 centum
888 1037 1005 1081 anni.
1040 1037 1084 1081 Si
1120 1037 1234 1081 enim
1257 1037 1422 1096 primus
1443 1051 1597 1080 eorum

216 1124 358 1152 annus
381 1109 545 1167 agitur,
571 1108 661 1167 ipse
684 1123 871 1167 praesens
893 1117 980 1165 est,
1004 1108 1243 1166 nonaginta
1257 1122 1359 1152 vero
1377 1117 1421 1151 et
1441 1121 1598 1151 novem

215 1177 354 1239 futuri
377 1188 500 1233 sunt,
531 1188 575 1223 et
610 1179 709 1223 ideo
746 1178 942 1223 nondum
976 1187 1078 1222 sunt
1103 1198 1112 1223 :
1139 1180 1172 1222 si
1207 1189 1351 1223 autem
1380 1177 1597 1222 secundus

214 1264 354 1293 annus
372 1250 529 1307 agitur,
549 1250 639 1308 jam
657 1264 769 1293 unus
790 1259 853 1293 est
868 1249 1134 1308 praeteritus,
1159 1249 1268 1293 alter
1285 1263 1489 1308 praesens,
1511 1263 1598 1292 cae-

214 1320 294 1363 teri
331 1320 485 1363 futuri.
529 1321 669 1378 Atque
691 1320 750 1363 ita
769 1320 804 1363 si
825 1319 1068 1363 mediorum
1101 1318 1344 1379 quemlibet
1365 1319 1600 1364 centenarii

215 1390 346 1450 hujus
369 1389 538 1433 numeri
560 1405 724 1433 annum
757 1399 1015 1449 praesentem
1036 1389 1329 1449 posuerimus,
1355 1398 1455 1433 ante
1475 1388 1601 1432 illum

213 1460 422 1519 praeteriti
437 1468 588 1514 erunt,
610 1468 706 1517 post
722 1459 847 1503 illum
870 1458 1005 1503 futuri
1030 1478 1040 1503 ι
1061 1460 1264 1518 quocirca
1291 1467 1470 1503 centum
1498 1459 1601 1502 anni

211 1539 446 1590 praesentes
469 1545 559 1574 esse
581 1544 672 1573 non
694 1538 913 1587 poterunt.
939 1529 1050 1573 Vide
1071 1529 1223 1573 saltem
1244 1538 1393 1573 utrum
1417 1529 1494 1588 qui
1515 1529 1601 1586 agi-

213 1610 286 1646 tur
305 1615 440 1655 unus,
459 1601 550 1658 ipse
571 1600 625 1643 sit
647 1614 848 1658 praesens.
873 1602 929 1644 Et
949 1600 1040 1658 ejus
1069 1600 1185 1642 enim
1208 1599 1243 1642 si
1272 1599 1437 1658 primus
1458 1599 1600 1657 agitur

211 1671 370 1715 mensis
388 1705 400 1725 ,
424 1668 563 1714 futuri
599 1678 703 1713 sunt
726 1669 871 1713 caeteri
897 1687 906 1713 :
931 1669 965 1712 si
993 1668 1234 1724 secundus,
1253 1670 1345 1728 jam
1366 1677 1409 1712 et
1435 1669 1601 1727 primus

214 1740 448 1802 praeteriit,
473 1749 517 1784 et
538 1739 695 1799 reliqui
716 1738 917 1783 nondum
947 1748 1064 1784 sunt.
1091 1742 1207 1798 Ergo
1243 1754 1325 1784 nec
1354 1755 1494 1784 annus
1522 1739 1600 1799 qui

213 1813 372 1872 agitur,
392 1820 510 1857 totus
526 1819 591 1855 est
606 1825 793 1870 praesens
813 1829 824 1855 t
841 1819 886 1855 et
908 1811 943 1855 si
964 1826 1055 1856 non
1073 1820 1191 1856 totus
1209 1820 1272 1856 est
1284 1826 1488 1871 praesens,
1510 1826 1601 1856 non

215 1893 279 1929 est
319 1899 458 1928 annus
491 1897 694 1942 praesens.
720 1881 961 1927 Duodecim
996 1882 1113 1926 enim
1151 1897 1317 1926 menses
1339 1898 1478 1927 annus
1509 1891 1596 1937 est,

211 1952 595 2015 quorumquilibet
613 1967 726 1997 unus
738 1953 895 1996 mensis
916 1952 992 2012 qui
1013 1953 1172 2011 agitur,
1196 1952 1288 2012 ipse
1303 1968 1490 2012 praesens
1508 1961 1595 1996 est:

214 2026 359 2072 caeteri
402 2033 548 2069 autem
562 2059 572 2079 ,
612 2024 819 2083 praeteriti
857 2031 933 2068 aut
964 2023 1118 2068 futuri.
1160 2026 1421 2083 Quanquam
1457 2038 1599 2083 neque

213 2096 371 2141 mensis
394 2096 472 2156 qui
491 2095 649 2154 agitur,
673 2108 863 2154 praesens
883 2102 970 2148 est,
994 2093 1069 2137 sed
1085 2108 1198 2137 unus
1218 2092 1307 2137 dies
1329 2112 1338 2138 :
1361 2094 1396 2137 si
1417 2094 1596 2153 primus,

214 2167 374 2213 suturis
395 2165 560 2211 caeteris
588 2184 598 2211 ι
621 2166 657 2209 si
678 2165 957 2219 novissimus,
989 2164 1215 2222 praeteritis
1237 2164 1425 2221 caeteris3
1455 2164 1487 2208 si
1508 2178 1600 2207 me-

216 2239 388 2284 diorum
409 2236 618 2297 quilibet,
645 2238 757 2280 inter
773 2236 1014 2295 praeteritos
1036 2244 1080 2280 et
1106 2235 1292 2280 futuros.

274 2312 373 2355 XX.
398 2311 512 2354 Ecce
543 2322 732 2368 praesens
752 2316 925 2366 tempus
953 2307 1075 2366 quod
1103 2306 1243 2351 solum
1275 2306 1599 2350 inveniebamus

217 2380 396 2439 longum
421 2378 730 2440 appellandum
743 2413 753 2433 ,
774 2378 845 2423 vix
869 2379 923 2422 ad
941 2378 1070 2422 unius
1091 2378 1174 2421 diei
1194 2378 1379 2436 spatium
1401 2386 1598 2421 contrac—

218 2460 314 2496 tum
327 2460 404 2496 est.
431 2450 515 2496 Sed
531 2449 813 2495 discutiamus
831 2448 962 2492 etiam
979 2448 1120 2508 ipsum
1131 2482 1142 2503 ‚
1161 2447 1265 2507 quia
1281 2462 1363 2492 nec
1379 2462 1492 2491 unus
1510 2446 1598 2490 dies

218 2531 336 2568 totus
356 2530 418 2567 est
438 2536 641 2581 praesens.
668 2519 900 2567 Nocturnis
923 2518 1039 2564 enim
1061 2527 1104 2563 et
1126 2517 1291 2563 diurnis
1314 2518 1430 2564 horis
1457 2517 1599 2564 omni-
