1871 3162
545 268 892 306 SOLILOQUIORUM
911 283 922 306 ,
957 268 1040 294 LIB.
1076 268 1123 293 11.
1434 255 1519 296 463

143 333 322 378 omnino
348 347 398 377 ac
423 331 760 390 vigilantissime.
788 332 872 378 Sed
902 348 991 376 non
1012 346 1159 390 negas,
1190 340 1240 375 ut
1268 332 1438 391 opinor,
1470 348 1521 376 eo

142 418 289 447 veram
303 418 392 447 esse
406 418 494 462 quo
511 401 738 462 disciplina
752 411 830 447 est.
852 405 904 446 A.
927 405 1020 446 Imo
1034 401 1223 460 idipsum
1242 411 1304 445 est
1318 401 1439 461 quod
1457 417 1524 445 me

143 481 306 517 movet.
330 472 510 517 Adverti
537 473 654 516 enim
674 473 804 517 etiam
826 473 962 532 ipsam
986 471 1255 530 disciplinam
1277 487 1381 525 esse,
1407 481 1449 516 et
1470 472 1527 516 ob

144 543 228 587 hoc
243 558 390 587 veram
407 542 507 587 dici.
534 546 587 587 R.
609 542 726 596 Quid
742 546 876 603 ergo?
899 547 1030 587 Istam
1047 551 1174 601 putas
1196 541 1319 586 aliter
1341 541 1531 599 discipli-

145 628 247 656 nam
270 627 359 656 esse
386 614 592 672 potuisse,
617 614 699 658 nisi
721 614 866 658 omnia
887 615 932 657 in
953 628 1002 657 ea
1022 611 1202 656 definita
1219 621 1361 656 essent
1379 621 1422 655 et
1443 611 1532 654 dis-

147 683 337 727 tributa?
359 688 410 728 A.
435 684 552 729 Nihil
570 683 688 729 aliud
701 685 840 728 habeo
849 682 969 743 quod
983 683 1141 728 dicam.
1167 687 1222 727 R.
1244 687 1301 727 At
1318 683 1352 726 si
1367 681 1422 726 ad
1438 697 1533 726 eam

147 754 336 812 pertinet
367 756 451 799 hoc
473 756 664 800 officium
681 790 692 810 ,
730 770 806 813 per
831 771 874 799 se
897 756 1033 814 ipsam
1065 753 1290 814 disciplina
1318 769 1420 799 vera
1453 762 1531 798 est.

149 824 462 884 Quisquam-ne
479 825 610 882 igitur
628 825 788 869 mirum
814 826 1004 884 putabit,
1038 825 1071 869 si
1099 840 1147 868 ea
1179 840 1279 884 quae
1300 840 1399 871 vera
1438 833 1541 868 sunt

148 894 310 949 omnia,
337 910 412 953 per
433 910 477 939 se
496 894 587 953 ipsa
605 896 709 939 etin
724 910 769 940 se
785 896 877 955 ipsa
900 911 1000 940 vera
1029 896 1083 940 sit
1111 895 1294 940 veritas?
1328 899 1379 940 A.
1417 894 1537 940 Nihil

148 964 256 1009 mihi
271 965 431 1021 obstat,
451 966 685 1026 quominus
702 975 820 1011 recta
835 982 1013 1026 pergam
1031 967 1078 1011 in
1097 967 1223 1012 istam
1244 965 1520 1011 sententiam.

151 1143 221 1160 m
226 1144 363 1160 mm
367 1145 575 1161 mmm
579 1145 1351 1162 mmmmmmmmmmm
1355 1145 1534 1161 mmm

671 1279 886 1327 CAPUT
922 1281 1037 1326 ΧΠ.

419 1436 548 1495 Quot
571 1431 725 1478 modis
747 1431 972 1493 quaedam
992 1435 1087 1479 sint
1107 1435 1156 1479 in
1178 1434 1291 1478 αἷίο.

216 1595 361 1637 XXII.
398 1596 450 1636 R.
477 1596 599 1638 Enco
617 1593 793 1638 attende
814 1608 951 1652 pauca
974 1609 1073 1653 quae
1097 1602 1271 1637 restant.
1306 1597 1357 1637 A.
1393 1595 1541 1638 Profer

155 1663 188 1706 si
203 1663 311 1723 quid
328 1664 475 1717 habes,
505 1663 636 1707 modo
654 1664 739 1707 tale
759 1665 813 1707 sit
837 1664 958 1723 quod
986 1663 1241 1721 intelligam,
1266 1665 1541 1725 libenterque

156 1732 409 1777 concedam.
437 1736 490 1775 R.
517 1736 619 1776 Esse
637 1732 802 1792 aliquid
829 1734 876 1776 in
904 1734 1067 1792 aliquo,
1093 1749 1182 1777 non
1205 1750 1281 1777 nos
1304 1735 1415 1791 fugit
1436 1735 1543 1780 duo-

156 1803 238 1848 bus
253 1802 392 1848 modis
405 1802 504 1846 dici.
523 1805 620 1847 Uno
633 1819 721 1863 quo
735 1803 795 1847 ita
809 1812 887 1857 est,
903 1812 954 1847 ut
965 1797 1095 1847 etiam
1110 1804 1277 1863 sejungi
1292 1814 1422 1864 atque
1441 1807 1542 1850 alibi

156 1889 246 1918 esse
267 1874 415 1932 possit,
438 1883 488 1917 ut
504 1873 588 1917 hoc
610 1872 780 1930 lignum
803 1873 850 1916 in
867 1873 949 1917 hoc
972 1873 1087 1927 loco,
1113 1882 1162 1916 ut
1189 1873 1252 1917 sol
1276 1875 1320 1917 in
1342 1877 1534 1920 Oriente.

158 1944 306 1988 Altero
326 1952 471 1987 autem
494 1959 582 2003 quo
605 1944 665 1987 ita
688 1952 752 1987 est
774 1943 939 2003 aliquid
963 1944 1007 1987 in
1023 1944 1235 2003 subjecto,
1260 1953 1309 1988 ut
1325 1946 1379 1989 ab
1395 1962 1446 1991 eo
1464 1963 1539 1991 ne·-

156 2022 288 2074 queat
306 2013 509 2072 separari,
527 2023 577 2057 ut
592 2013 639 2057 in
655 2014 738 2058 hoc
753 2013 872 2072 ligno
888 2013 1027 2058 forma
1045 2023 1088 2058 et
1102 2014 1263 2073 species
1279 2031 1409 2074 quam
1427 2017 1544 2062 vide-

156 2099 270 2140 mus,
286 2084 396 2128 utin
409 2084 499 2128 sole
512 2084 604 2138 lux,
622 2093 673 2128 ut
688 2085 734 2127 in
749 2084 849 2142 igne
862 2085 995 2140 calor,
1015 2094 1065 2129 ut
1078 2085 1123 2129 in
1140 2086 1285 2130 animo
1299 2086 1540 2147 disciplina,

159 2163 203 2199 et
229 2155 264 2199 si
291 2171 379 2215 qua
407 2163 510 2199 sunt
532 2154 614 2198 alia
643 2154 813 2199 similia.
835 2158 904 2199 An
925 2155 1005 2198 tibi
1023 2155 1148 2199 aliter
1161 2155 1361 2217 videtur?
1382 2160 1434 2202 A.
1460 2161 1546 2204 Ista

160 2224 340 2284 quidem
351 2225 639 2271 vetustissima
656 2234 758 2269 sunt
771 2226 912 2281 nobis,
935 2235 977 2270 et
991 2226 1046 2270 ab
1063 2226 1244 2271 ineunte
1260 2227 1549 2275 adolescentia

160 2295 469 2341 studiosissime
498 2305 702 2355 percepta
729 2305 774 2340 et
792 2297 982 2355 cognita.
1018 2299 1163 2350 Quare
1185 2313 1275 2342 non
1294 2314 1471 2358 possum
1493 2300 1548 2346 de

160 2366 228 2410 his
242 2366 549 2425 interrogatus,
565 2366 675 2426 quin
691 2381 740 2410 ea
756 2366 848 2410 sine
861 2366 951 2410 ulla
963 2366 1278 2412 deliberatione
1294 2370 1545 2416 concedam.

164 2438 218 2480 R.
243 2435 360 2490 Quid
377 2436 504 2492 illud,
523 2452 670 2482 nonne
687 2435 905 2492 concedis,
925 2436 1046 2497 quod
1064 2437 1110 2481 in
1129 2439 1326 2499 subjecto
1350 2449 1414 2484 est
1434 2442 1549 2486 inse-

166 2506 429 2564 parabiliter,
445 2508 479 2551 si
501 2508 743 2568 subjectum
763 2507 907 2567 ipsum
933 2523 1024 2552 non
1045 2517 1232 2563 maneat,
1258 2525 1434 2556 manere
1461 2528 1551 2557 non

166 2578 315 2635 posse?
343 2579 396 2622 A.
422 2580 515 2622 Hoc
535 2593 712 2638 quoque
732 2576 861 2622 video
876 2578 1190 2623 necessarium:
1221 2594 1323 2624 nam
1345 2591 1549 2627 manente

1322 2650 1401 2691 30.Ι
