1871 3162
268 260 350 297 120
701 267 734 296 S.
771 266 999 296 AUGUSTINI
1031 268 1211 295 EPISCOPI

265 343 332 377 tus
366 334 494 377 etiam
529 334 646 377 hono
679 334 828 376 timeat
849 348 893 375 se
914 334 1212 388 committere,
1246 332 1305 376 ita
1327 341 1418 376 erat
1439 331 1644 376 valetudo

264 404 418 448 animae
439 419 562 458 meae,
601 419 699 463 quae
719 403 870 462 utique
891 402 971 445 nisi
992 401 1209 446 credendo
1237 402 1376 446 sanari
1409 417 1499 446 non
1520 410 1645 461 pote-

261 484 353 531 rat3
378 483 421 518 et
437 489 492 518 ne
513 472 619 518 falsa
637 474 846 527 crederet,
871 474 1012 517 curari
1034 473 1274 528 recusabat,
1295 473 1490 517 resistens
1508 474 1644 517 mani-

259 545 340 587 bus
362 544 467 599 tuis,
491 543 566 602 qui
589 543 902 587 medicamenta
919 542 1021 586 fidei
1039 541 1274 597 confecisti,
1297 552 1340 587 et
1361 543 1550 601 sparsisti
1572 558 1645 587 su-

260 629 337 673 per
365 613 542 658 morbos
574 613 688 658 orbis
723 623 953 670 terrarum,
979 622 1022 657 et
1049 622 1217 658 tantam
1237 613 1321 658 illis
1344 614 1646 659 auctoritatem

261 684 467 728 tribuisti.

262 850 1645 869 ΜΜΜΜΜΜΜΝΛΜΜΜΜΜΜΜΜΜΛΝἋΜΜΜΜΜΜΜΜ

797 983 1017 1033 CAPUT
1053 985 1113 1033 V.

258 1139 337 1184 De
347 1153 596 1184 sacrorum
609 1136 861 1183 Librorum
876 1138 1114 1182 auctorita
1121 1147 1166 1182 te
1187 1147 1233 1183 et
1249 1140 1521 1184 necessario
1542 1155 1643 1185 usu.

316 1301 414 1343 VII.
451 1301 518 1342 Ex
533 1299 617 1343 hoc
632 1307 778 1342 tamen
796 1312 971 1356 quoque
995 1298 1084 1357 jam
1111 1311 1370 1356 praeponens
1398 1296 1644 1343 doctrinam

257 1369 530 1425 catholicam,
555 1369 791 1414 modestius
814 1367 877 1411 ibi
894 1367 1159 1427 minimeque
1177 1365 1388 1412 fallaciter
1404 1368 1647 1413 sentiebam

254 1440 399 1500 juberi
421 1448 471 1482 ut
492 1438 742 1484 crederetur
757 1437 878 1498 quod
895 1452 985 1482 non
1002 1437 1401 1493 demonstrabatur,
1418 1438 1524 1495 (sive
1535 1449 1645 1484 esset

257 1509 380 1570 quid,
408 1509 484 1553 sed
510 1510 581 1554 cui
604 1508 716 1554 forte
734 1524 823 1553 non
846 1517 954 1552 esset
973 1529 984 1566 3
1013 1508 1100 1552 sive
1119 1524 1175 1553 ne
1196 1509 1305 1568 quid
1327 1511 1488 1568 esset1)
1511 1526 1645 1570 quam

255 1579 344 1624 illic
359 1580 583 1624 temeraria
601 1578 912 1638 pollicitatione
927 1578 1114 1623 scientiae
1129 1577 1431 1624 credulitatem
1448 1580 1643 1639 irrider13

257 1660 301 1694 et
321 1658 468 1709 postea
495 1659 584 1693 tam
613 1648 751 1693 multa
779 1647 1095 1694 fabulosissima
1117 1658 1160 1693 et
1182 1649 1503 1705 absurdissima,
1541 1651 1646 1710 quia

258 1720 545 1764 demonstrari
589 1735 678 1763 non
710 1728 924 1778 poterant,
966 1718 1182 1764 credenda
1221 1719 1437 1778 imperari.
1478 1720 1645 1765 Deinde
1703 1758 1706 1760 ,

258 1789 468 1850 paulatim
490 1798 554 1844 tu,
572 1789 770 1844 Domine,
787 1804 919 1833 manu
941 1789 1163 1833 mitissima
1189 1798 1233 1834 et
1253 1789 1646 1835 misericordissima

259 1868 525 1919 pertractans
547 1869 590 1903 et
611 1874 876 1918 componens
907 1874 981 1904 cor
1003 1874 1149 1904 meum
1163 1895 1173 1914 ,
1199 1860 1492 1905 consideranti
1513 1876 1644 1921 quam

258 1929 591 1974 innumerabilia
617 1930 837 1974 crederem
868 1945 966 1991 quae
992 1945 1082 1974 non
1118 1929 1333 1984 viderem,
1369 1945 1513 1989 neque
1544 1946 1645 1975 cum

258 2009 508 2059 gererentur
521 2000 739 2044 affuissem
757 2017 768 2050 ;
792 2000 901 2044 sicut
915 2010 1005 2044 tam
1021 1999 1158 2044 multa
1173 2001 1218 2044 in
1234 2001 1411 2044 historia
1427 2001 1642 2059 gentium,

259 2081 348 2115 tam
370 2070 507 2114 multa
530 2069 585 2113 de
604 2070 707 2114 locis
729 2079 861 2129 atque
878 2070 1061 2113 urbibus
1084 2086 1182 2130 quae
1206 2085 1296 2114 non
1312 2069 1524 2126 videram,
1555 2081 1644 2115 tam

259 2141 396 2185 multa
429 2140 592 2195 amicis,
624 2149 711 2183 tam
745 2139 882 2183 multa
905 2140 1098 2194 medicis,
1123 2149 1211 2184 tam
1233 2139 1371 2184 multa
1393 2141 1645 2186 hominibus

260 2211 350 2255 aliis
367 2219 498 2270 atque
520 2209 635 2267 aliis,
661 2225 759 2269 quae
782 2210 862 2253 nisi
878 2210 1173 2265 crederentur,
1194 2210 1373 2255 omnino
1390 2212 1436 2255 in
1458 2212 1539 2256 hac
1556 2213 1646 2256 vita

260 2280 368 2324 nihil
401 2294 654 2339 ageremus:
687 2289 903 2339 postremo
938 2295 1069 2340 quam
1105 2281 1360 2326 inconcussa
1392 2283 1526 2326 fixum
1558 2282 1645 2326 fide

261 2352 507 2405 retinerem,
540 2350 595 2394 de
618 2350 775 2409 quibus
791 2351 1043 2410 parentibus
1061 2360 1180 2396 ortus
1207 2367 1358 2407 essem,
1390 2352 1511 2412 quod
1539 2354 1646 2397 scire

262 2435 350 2466 non
372 2435 557 2480 possem,
593 2421 674 2464 nisi
696 2420 915 2466 audiendo
938 2421 1212 2466 credidissem
1233 2441 1242 2467 ;
1267 2423 1513 2482 persuasisti
1539 2423 1644 2467 mihi

262 2506 352 2535 non
379 2491 455 2550 qui
482 2491 706 2536 crederent
728 2490 845 2537 libris
866 2492 968 2548 tuis,
990 2508 1099 2551 quos
1125 2501 1247 2538 tanta
1267 2493 1312 2537 in
1334 2493 1537 2538 omnibus
1553 2491 1643 2538 fere

310 2594 319 2610 ¹
340 2585 492 2620 Subandi
506 2588 590 2629 quod
603 2587 881 2622 demonstraretur.
