1871 3162
263 175 347 215 490
711 185 745 214 s.
765 187 1013 216 -Aucuszrnu
1045 189 1224 217 EPlscom

263 257 410 295 tamen
430 260 597 310 quanto
619 266 765 296 amore
787 252 1036 297 exardescat
1051 251 1245 308 inferior,
1265 268 1364 298 cum
1383 270 1408 298 a
1426 255 1647 313 superiore

261 336 306 365 se
327 320 450 380 diligi
470 322 664 366 senserit.
691 323 758 366 Ibi
781 323 897 366 enim
921 324 1081 382 gratior
1099 339 1220 368 amor
1241 333 1328 379 est,
1352 324 1428 368 ubi
1450 339 1541 368 non
1562 339 1646 368 aes-

259 400 354 435 tuat
375 391 627 450 indigentiae
658 393 873 448 siccitate,
897 393 973 437 sed
1000 395 1200 439 ubertate
1222 395 1522 439 beneficentiae
1543 410 1648 454 pro-

261 462 374 506 fluit.
400 462 480 506 Ille
500 479 689 523 namque
710 479 832 508 amor
850 479 901 508 ex
922 464 1090 509 miseria
1111 474 1176 509 est
1194 500 1205 521 ‚
1230 466 1308 510 iste
1330 481 1381 509 ex
1402 465 1648 510 misericor-

263 532 349 578 dia.
361 536 562 578 Jamvero
579 536 613 578 si
628 535 757 578 etiam
772 550 818 579 se
835 536 969 579 amari
984 551 1108 595 posse
1120 552 1143 580 a
1156 537 1376 595 superiore
1393 537 1650 596 desperabat

260 604 439 649 inferior
458 639 470 659 ‚
494 605 776 649 ineffabiliter
795 606 1146 650 commovebitur
1167 606 1214 649 in
1232 621 1423 651 amorem
1437 642 1448 662 ,
1468 608 1504 651 si
1531 607 1649 651 ultro

259 674 333 718 ille
359 674 492 718 fuerit
518 675 723 733 dignatus
745 677 976 721 ostendere
993 712 1003 732 ‚
1035 686 1252 737 quantum
1275 677 1429 736 diligat
1449 692 1550 721 eum
1573 677 1650 737 qui

259 760 537 804 nequaquam
553 745 633 789 sibi
655 754 828 790 tantum
852 747 1018 791 bonum
1042 748 1298 807 promittere
1320 747 1516 792 auderet.
1534 747 1650 801 Quid

260 825 407 860 autem
436 815 632 875 superius
666 819 758 861 Deo
774 816 1002 877 judicante
1019 853 1030 873 ‚
1056 827 1100 862 et
1135 819 1245 878 quid
1276 819 1545 878 desperatius
1566 819 1650 863 ho-

260 887 377 931 mine
393 889 632 946 peccante?
648 888 724 947 qui
747 903 791 932 se
813 897 935 933 tanto
953 889 1089 948 magis
1111 890 1326 933 tuendum
1342 898 1386 933 et
1407 891 1650 950 subjugan-

260 958 366 1003 dum
389 958 586 1018 superbis
608 960 896 1018 potestatibus
914 959 1269 1020 addixerat‚quae
1292 961 1541 1005 beatificare
1559 976 1648 1005 non

258 1039 460 1088 possunt,
485 1039 652 1089 quanto
674 1021 807 1088 magis
828 1031 1133 1090 desperaverat
1153 1046 1278 1090 posse
1297 1031 1364 1076 sui
1385 1046 1533 1075 curam
1559 1031 1649 1089 geri

257 1100 311 1144 ab
333 1115 383 1144 ea
405 1109 620 1159 potestate
636 1116 773 1160 ‚quae
796 1116 884 1145 non
910 1100 1074 1144 malitia
1095 1100 1292 1145 sublimis
1315 1116 1403 1145 esse
1430 1100 1526 1145 vult
1542 1135 1554 1155 ‚
1574 1099 1650 1145 sed

258 1171 458 1216 bonitate
476 1170 673 1216 sublimis
689 1181 768 1215 est.

316 1244 436 1286 VIII.
461 1243 504 1287 Si
526 1257 627 1301 ergo
650 1243 836 1287 maxime
872 1252 1102 1302 propterea
1137 1244 1334 1289 Christus
1372 1243 1548 1288 advenit
1564 1278 1575 1298 ,
1599 1252 1650 1287 ut

258 1322 538 1371 cognosceret
553 1314 687 1358 homo
701 1323 917 1375 quantum
935 1329 1036 1358 eum
1053 1314 1207 1373 diligat
1220 1318 1332 1359 Deus
1346 1335 1357 1372 3
1375 1324 1419 1358 et
1434 1313 1534 1358 ideo
1551 1328 1650 1372 cog·

258 1393 481 1439 nosceret,
505 1393 556 1428 ut
576 1385 622 1428 in
651 1386 743 1444 ejus
777 1383 1056 1428 dilectionem
1080 1400 1103 1428 a
1126 1399 1214 1443 quo
1236 1384 1354 1443 prior
1375 1383 1559 1429 dilectus
1585 1392 1648 1427 est

256 1454 544 1500 inardesceret
560 1491 570 1511 ‚
596 1456 934 1515 proximumque
955 1455 1031 1500 illo
1049 1455 1235 1514 jubente
1256 1465 1300 1499 et
1319 1455 1647 1499 demonstrante

256 1525 456 1584 diligeret
471 1560 481 1579 ‚
515 1526 592 1585 qui
625 1541 714 1569 non
748 1526 994 1584 proximum
1009 1559 1020 1578 ‚
1047 1525 1122 1569 sed
1144 1524 1277 1583 longe
1298 1526 1645 1584 peregrinantem

257 1594 479 1653 diligendo
496 1593 635 1638 factus
655 1604 715 1640 est
735 1596 960 1653 proximus
976 1615 987 1649 ς
1004 1594 1232 1653 omnisque
1257 1594 1479 1653 Scriptura
1501 1593 1646 1638 divina

255 1681 355 1724 quae
388 1673 489 1709 ante
517 1665 675 1723 scripta
706 1674 791 1719 est,
822 1665 876 1708 ad
897 1664 1284 1723 praenuntiandum
1302 1665 1534 1709 adventum
1560 1668 1648 1709 Do-

255 1735 362 1778 mini
382 1735 540 1793 scripta
562 1742 625 1777 est
640 1754 650 1791 3
670 1742 714 1777 et
736 1732 954 1793 quidquid
973 1744 1120 1793 postea
1137 1734 1395 1779 mandatum
1412 1743 1476 1780 est
1493 1734 1647 1779 litteris

255 1815 298 1850 et
314 1806 459 1849 divina
482 1805 740 1849 auctoritate
761 1805 1001 1861 firmatum,
1019 1806 1247 1850 Christum
1267 1815 1428 1861 narrat,
1454 1816 1496 1850 et
1515 1806 1645 1850 dilec-

259 1878 420 1921 tionem
446 1884 615 1920 monet:
633 1870 915 1920 manifestum
939 1885 1003 1920 est
1025 1892 1115 1920 non
1136 1885 1305 1921 tantum
1330 1886 1466 1921 totam
1487 1880 1645 1934 Legem

256 1958 296 1992 et
315 1948 553 2008 Prophetas
569 1947 614 1990 in
635 1946 721 1990 illis
744 1945 918 1991 duobus
940 1949 1131 2006 pendere
1154 1948 1380 2007 praeceptis
1399 1947 1643 1992 dilectionis

256 2019 333 2062 Dei
356 2028 400 2063 et
429 2018 635 2078 proximi¹
655 2053 665 2073 ,
702 2033 802 2077 quae
837 2018 983 2062 adhuc
1015 2018 1104 2062 sola
1136 2020 1357 2077 Scriptura
1382 2027 1530 2062 sancta
1552 2026 1643 2061 erat

255 2104 355 2134 cum
372 2090 457 2134 hoc
488 2089 700 2133 Dominus
721 2088 883 2133 diceret
901 2124 911 2144 ‚
939 2088 1013 2132 sed
1033 2089 1161 2132 etiam
1180 2104 1473 2148 quaecumque
1494 2097 1642 2147 poste-

255 2162 343 2205 rius
373 2160 604 2205 salubriter
625 2160 869 2220 conscripta
892 2168 994 2204 sunt
1014 2160 1325 2220 memoriaeque
1347 2158 1552 2203 mandata
1572 2160 1643 2204 di-

257 2233 456 2277 vinarum
472 2231 695 2276 volumina
712 2231 992 2274 Litterarum.
1011 2234 1284 2289 Quapropter
1304 2230 1350 2273 in
1377 2230 1523 2273 Veteri
1547 2232 1646 2273 Tes-

257 2311 449 2346 tamento
479 2310 544 2346 est
582 2301 817 2346 occultatio
856 2300 964 2345 Novi
982 2335 992 2355 ,
1026 2300 1072 2343 in
1109 2302 1233 2345 Novo
1267 2303 1543 2344 Testamento
1578 2308 1643 2344 est

198 2382 201 2386 ⁴
257 2374 546 2418 manifestatio
563 2373 746 2418 VeteriS.
779 2372 1032 2417 Secundum
1052 2370 1172 2415 illam
1193 2370 1530 2415 occultationem
1549 2386 1643 2415 car-

255 2444 409 2488 naliter
430 2443 721 2503 intelligentes
744 2442 960 2498 carnales‚
989 2451 1033 2487 et
1060 2451 1167 2486 tunc
1190 2450 1235 2486 et
1255 2456 1373 2486 nunc
1403 2440 1565 2501 poenali
1585 2441 1641 2486 ti-

307 2536 315 2553 ¹
336 2528 456 2561 Matth.
479 2539 560 2569 xxii,
582 2527 634 2570 4ο.
1204 2528 1218 2532 ”
