1871 3162
330 219 414 258 462
760 229 794 259 s.
830 229 1060 260 AUGUSTINI
1093 232 1275 260 Emscom

324 309 438 349 mur,
467 293 523 337 de
538 293 688 339 volatu
709 295 874 339 Daedali
891 310 1036 340 veram
1057 296 1255 340 fabulam
1277 310 1368 340 esse
1390 311 1480 342 non
1501 297 1707 355 potuisse,

321 364 403 408 nisi
422 363 653 417 Daedalum,
671 364 836 410 volasse
854 364 1014 411 falsum
1048 375 1173 412 esset.
1199 370 1251 411 A.
1289 370 1387 411 Jam
1407 375 1537 412 teneo
1557 367 1676 412 istud
1696 402 1708 423 ,

323 433 399 478 sed
417 435 525 494 quid
545 450 599 479 ex
620 450 672 480 eo
686 435 961 495 proficiamus
981 446 1176 496 expecto.
1198 440 1250 481 R.
1273 438 1392 491 Quid
1413 437 1495 481 nisi
1511 453 1602 483 non
1622 452 1714 482 esse

319 503 473 550 falsam
495 505 615 550 illam
637 507 852 551 rationem
872 541 884 562 ,
913 523 1000 567 qua
1025 507 1277 566 collegimus
1301 509 1599 569 disciplinam,
1633 508 1715 552 nisi

318 590 421 621 vera
443 576 599 622 doceat
614 612 626 633 ,
655 576 930 637 disciplinam
951 592 1041 622 esse
1064 593 1155 623 non
1171 580 1325 637 posse?
1347 582 1400 622 A.
1421 582 1478 623 Et
1498 580 1583 623 hoc
1604 578 1714 638 quid

323 645 377 692 ad
394 662 486 691 rem
497 649 516 690 ἰ)
529 651 584 691 R.
604 650 712 701 Quia
729 648 832 694 volo
848 648 965 694 dicas
983 649 1108 704 mihi,
1129 648 1250 693 unde
1263 649 1318 693 sit
1331 648 1558 708 disciplina
1574 664 1717 708 gram-

322 718 480 763 matica
507 737 517 763 :
537 718 641 763 inde
664 720 782 764 enim
803 736 905 765 vera
927 730 1011 777 est,
1038 721 1157 765 unde
1180 720 1406 780 disciplina
1429 729 1505 765 est.
1531 724 1583 765 A.
1608 723 1718 767 Nes-

322 789 389 833 cio
411 788 521 849 quid
542 789 625 834 tibi
648 792 951 850 respondeam.
977 795 1031 836 R.
1058 795 1215 838 Nonne
1236 792 1317 836 tibi
1340 791 1528 847 videtur,
1553 792 1588 835 si
1609 790 1719 836 nihil

320 858 367 902 in
388 874 437 904 ea
458 859 690 906 definitum
713 871 844 918 esset,
878 870 923 906 et
944 860 1054 905 nihil
1075 862 1121 905 in
1144 877 1301 920 genera
1323 871 1366 905 et
1395 871 1539 921 partes
1571 862 1718 905 distri-

325 929 487 974 butum
519 939 652 991 atque
681 931 966 987 distinctum,
1002 947 1097 976 eam
1131 932 1255 976 nullo
1285 933 1418 976 modo
1446 932 1720 991 disciplinam
1757 930 1761 932 ’
1829 961 1832 975 ,

319 1015 413 1044 esse
433 1001 650 1059 potuisse?
681 1004 734 1046 A.
756 1004 852 1046 Jam
874 1001 1073 1060 intelligo
1090 1002 1198 1061 quid
1230 1001 1348 1047 dicas
1362 1037 1375 1057 ,
1405 1017 1487 1046 nec
1508 1002 1598 1045 ulla
1615 1002 1722 1045 mihi

320 1072 515 1115 occurrit
536 1071 726 1132 cujusvis
747 1071 878 1117 facies
901 1071 1143 1131 disciplinae
1160 1108 1171 1127 ,
1196 1073 1240 1116 in
1270 1088 1356 1132 qua
1387 1088 1476 1117 non
1500 1071 1720 1116 definitio-

329 1157 406 1185 nes
429 1157 478 1186 ac
507 1142 740 1187 divisiones
770 1153 814 1187 et
846 1142 1195 1187 ratiocinationes
1213 1178 1224 1198 ,
1249 1142 1356 1187 dum
1389 1143 1497 1204 quid
1526 1142 1722 1203 quidque

327 1211 380 1255 sit
409 1211 654 1256 declaratur
670 1248 680 1268 ,
711 1212 818 1257 dum
847 1214 938 1257 sine
960 1213 1216 1257 confusione
1241 1214 1431 1273 partium
1465 1229 1541 1258 sua
1563 1215 1722 1273 cuique

328 1282 589 1339 redduntur,
615 1285 720 1328 dum
743 1284 852 1328 nihil
871 1285 1218 1344 praetermittitur
1236 1286 1460 1345 proprium
1483 1320 1493 1341 ,
1514 1284 1625 1329 nihil
1646 1301 1723 1328 an-

327 1364 587 1398 numeratur
609 1355 800 1399 alienum
819 1391 830 1410 ,
853 1350 994 1400 totum
1018 1355 1102 1399 hoc
1124 1348 1267 1414 ipsum
1291 1371 1379 1415 quo
1402 1354 1628 1414 disciplina
1651 1355 1720 1399 di-

325 1424 439 1468 citur
456 1425 638 1484 egerint.
658 1429 712 1470 R.
732 1429 848 1485 Ergo
863 1435 907 1470 et
920 1435 1064 1471 totum
1077 1426 1221 1485 ipsum
1236 1441 1325 1484 quo
1342 1441 1442 1469 vera
1464 1425 1639 1469 dicitur.
1666 1428 1717 1469 A.

325 1494 466 1539 Video
489 1497 712 1556 consequi.

382 1567 505 1609 XXI.
542 1570 596 1609 R.
624 1564 858 1625 Responde
875 1580 994 1609 nunc
1014 1581 1113 1625 quae
1131 1565 1361 1624 disciplina
1379 1565 1723 1610 contineatdefi-

328 1635 563 1691 nitionum,
599 1637 880 1692 divisionum,
918 1636 1293 1696 partitionumque
1318 1637 1518 1681 rationes.
1545 1642 1597 1681 A.
1626 1639 1722 1680 Jam

329 1707 527 1765 superius
565 1706 732 1751 dictum
764 1716 844 1760 est,
878 1707 974 1749 haec
1008 1706 1260 1764 disputandi
1297 1707 1456 1765 regulis
1490 1707 1718 1751 contineri.

330 1780 383 1820 R.
411 1778 688 1835 grammatica
709 1777 842 1836 igitur
855 1777 1006 1820 eadem
1031 1786 1121 1821 arte
1139 1787 1280 1822 creata
1304 1788 1383 1833 est,
1409 1787 1459 1822 ut
1480 1778 1720 1838 disciplina,

329 1857 372 1892 et
390 1857 439 1892 ut
456 1864 557 1893 vera
572 1857 697 1903 esset,
715 1864 814 1907 quae
835 1857 899 1892 est
919 1847 995 1891 abs
1013 1857 1055 1891 te
1073 1849 1269 1907 superius
1290 1865 1311 1893 a
1330 1848 1514 1893 falsitate
1529 1849 1720 1894 defensa.

327 1919 448 1979 quod
470 1935 563 1963 non
585 1919 640 1963 de
660 1935 746 1963 una
769 1919 1050 1977 grammatica
1071 1919 1178 1962 mihi
1205 1919 1307 1964 licet
1336 1920 1615 1975 concludere,
1649 1919 1725 1964 sed

326 2005 501 2049 prorsus
526 1991 581 2034 de
603 1990 808 2034 omnibus
830 1988 1083 2048 disciplinis.
1118 1992 1228 2035 Nam
1257 1990 1415 2046 dixisti,
1441 2006 1630 2050 vereque
1656 1990 1725 2034 di-

325 2061 438 2117 xisti,
465 2061 631 2106 nullam
656 2061 929 2121 disciplinam
951 2061 1032 2104 tibi
1055 2076 1296 2117 occurrere,
1322 2063 1367 2105 in
1392 2078 1479 2122 qua
1501 2077 1590 2105 non
1614 2061 1724 2105 defi-

319 2132 469 2176 niendi
495 2134 568 2193 jus
600 2142 732 2192 atque
767 2129 1062 2176 distribuendi
1086 2131 1275 2190 idipsum
1305 2141 1354 2175 ut
1382 2131 1610 2191 disciplina
1645 2134 1722 2187 sit,

315 2201 485 2248 fecerit.
512 2206 570 2247 At
591 2203 626 2247 si
648 2218 699 2247 eo
719 2218 835 2246 verae
852 2210 973 2255 sunt,
997 2217 1086 2261 quo
1108 2211 1210 2246 sunt
1233 2200 1488 2261 disciplinae,
1523 2202 1725 2260 negabit-

314 2289 370 2318 ne
402 2273 645 2334 quispiam,
669 2274 898 2318 veritatem
920 2273 1058 2332 ipsam
1082 2287 1172 2316 esse
1189 2287 1265 2331 per
1280 2287 1411 2331 quam
1434 2287 1583 2316 omnes
1611 2288 1726 2317 verae

309 2355 411 2390 sunt
443 2345 685 2405 disciplinae
706 2345 723 2388 Ρ
746 2347 799 2389 A.
827 2347 970 2404 Prope
1001 2352 1064 2388 est
1096 2344 1274 2388 omnino
1304 2352 1354 2387 ut
1387 2345 1607 2388 assentiar.
1636 2343 1720 2389 Sed

304 2416 415 2460 illud
443 2432 512 2461 me
538 2425 701 2471 movet,
733 2414 856 2476 quod
890 2416 1022 2460 etiam
1052 2415 1268 2459 rationem
1306 2415 1564 2474 disputandi
1602 2415 1717 2459 inter

301 2486 473 2530 easdem
486 2486 730 2546 disciplinas
746 2501 1030 2530 numeramus
1048 2520 1057 2529 .
1073 2488 1219 2539 Quare
1230 2484 1349 2529 illam
1366 2486 1512 2545 potius
1529 2480 1725 2530 existimo

301 2571 390 2602 esse
422 2557 563 2602 verita
578 2566 684 2613 tem,
716 2572 803 2616 qua
824 2565 868 2601 et
889 2556 971 2601 ista
994 2556 1085 2615 ipsa
1107 2556 1217 2601 ratio
1238 2571 1339 2601 vera
1361 2565 1440 2602 est.
1470 2559 1525 2601 R.
1550 2556 1725 2615 Optime
