1871 3162
528 233 876 269 CONFESSIONUM‚
910 234 993 259 LlB.
1030 234 1079 258 11.
1438 224 1489 262 31

119 294 316 355 paradiso
347 303 425 339 tuo
453 296 746 340 seclusarum?
778 298 875 342 Non
906 296 1024 340 enim
1059 295 1190 354 longe
1227 305 1290 340 est
1313 312 1336 340 a
1369 299 1494 343 nobis

119 366 430 424 omnipotentia
448 374 538 420 tua,
563 367 692 411 etiam
714 382 813 411 cum
833 366 964 425 longe
986 381 1132 410 sumus
1152 382 1176 409 a
1197 374 1254 410 te.
1276 370 1364 410 Aut
1378 377 1494 411 certe

118 436 308 480 sonitum
329 434 513 478 nubium
533 444 707 480 tuarum
724 436 973 495 vigilantius
995 435 1287 480 adverterem:
1303 436 1496 479 «Tribu-

120 523 141 548 »
174 505 379 550 lationem
414 514 560 549 autem
595 507 734 551 carnis
754 506 984 551 habebunt
1006 505 1270 566 hujusmodi.
1296 508 1390 564 Ego
1420 522 1497 550 au-

121 593 142 616 »
177 584 263 618 tem
291 575 414 619 vobis
450 590 582 634 parco
605 578 635 620 ¹.
670 579 749 631 Et,
780 579 951 620 Bonum
988 585 1051 620 est
1080 576 1248 620 homini
1268 575 1494 620 mulierem

119 662 140 686 n
175 660 265 688 non
294 653 470 702 tangere
489 648 522 688 ².
547 648 625 700 Et,
655 646 737 698 Qui
760 646 851 689 sine
871 661 1003 690 uxore
1026 655 1089 690 est
1104 681 1115 697 ‚
1141 646 1300 704 cogitat
1327 661 1376 689 ea
1397 660 1497 705 quae

120 733 141 756 »
176 723 277 758 sunt
298 715 396 769 Dei,
422 715 642 774 quomodo
660 715 827 774 placeat
849 719 939 760 Deo
963 735 971 760 ε
997 716 1073 775 qui
1095 726 1238 760 autem
1271 716 1496 759 matrimo-

119 802 140 826 »
176 784 437 843 nio‘junctus
459 794 548 840 est,
577 785 739 843 cogitat
756 801 804 830 ea
826 801 925 846 quae
947 795 1049 830 sunt
1071 785 1248 840 mundi,
1274 784 1498 845 quomodo

120 873 140 897 »
176 854 342 915 placeat
362 856 529 900 uxoriss.
555 875 572 896 »
598 858 684 900 Has
702 871 802 915 ergo
816 872 942 901 voces
964 855 1210 900 exaudirem
1234 856 1494 914 vigilantior,

117 934 161 969 et
181 925 388 970 abscissus
406 935 584 985 propter
605 942 785 985 regnum
813 927 1026 972 coelorum
1039 928 1055 952 4
1073 961 1084 982 ,
1111 926 1279 971 felicior
1296 936 1497 986 expecta-

117 1010 208 1039 rem
228 995 450 1054 amplexus
480 1005 592 1040 tuos.
653 1001 661 1011 “’

192 1067 267 1108 IV.
313 1065 397 1110 Sed
429 1065 615 1109 efferbui
649 1066 776 1110 miser
807 1081 988 1126 sequens
1011 1067 1224 1125 impetum
1253 1066 1395 1110 fluxus
1414 1066 1500 1109 mei

118 1134 267 1179 relicto
288 1144 356 1191 te3
376 1144 420 1179 et
441 1136 599 1180 excessi
622 1137 764 1180 omnia
781 1137 972 1194 legitima
989 1146 1080 1190 tua,
1096 1151 1176 1180 nec
1195 1137 1309 1180 evasi
1327 1135 1499 1195 flagella

118 1214 217 1250 tua:
243 1205 339 1263 quis
371 1205 487 1248 enim
521 1206 603 1249 hoc
633 1206 916 1250 mortalium?
948 1209 1058 1251 Nam
1081 1214 1131 1249 tu
1155 1221 1323 1265 semper
1352 1205 1500 1250 aderas

118 1274 452 1318 misericorditer
482 1275 662 1319 saeviens
680 1311 691 1330 ‚
724 1285 767 1319 et
801 1275 1073 1320 amarissimis
1101 1291 1331 1335 aspergens
1361 1276 1502 1320 offen-

119 1344 312 1388 sionibus
333 1359 485 1389 omnes
505 1345 675 1389 illicitas
691 1346 988 1405 jucunditates
1014 1361 1154 1399 meas,
1178 1355 1228 1390 ut
1248 1346 1308 1390 ita
1329 1361 1501 1405 quaere-

121 1429 212 1458 rem
233 1415 325 1458 sine
356 1414 596 1458 offensione
613 1415 876 1474 jucundari3
902 1424 945 1459 et
975 1415 1053 1459 ubi
1080 1416 1164 1460 hoc
1186 1430 1354 1474 possem
1373 1451 1384 1470 ‚
1413 1431 1502 1460 non

118 1484 357 1528 invenirem
375 1484 615 1544 quidquam
632 1519 643 1540 ‚
669 1494 827 1544 praeter
848 1495 891 1530 te
909 1520 920 1541 ,
946 1485 1130 1530 Domine
1147 1521 1158 1541 ‚
1184 1495 1339 1545 praeter
1361 1495 1404 1530 te
1426 1487 1503 1545 qui

120 1554 246 1613 fingis
262 1554 459 1600 dolorem
476 1555 523 1599 in
545 1559 808 1616 praecepto⁵‚
833 1566 876 1600 et
891 1556 1080 1616 percutis
1102 1566 1152 1601 ut
1170 1572 1308 1612 sanes,
1331 1565 1374 1601 et
1391 1557 1504 1601 occi-

119 1625 184 1670 dis
205 1641 283 1669 nos
312 1641 368 1669 ne
396 1625 634 1670 moriamur
656 1627 732 1671 abs
760 1636 804 1671 te
823 1629 855 1670 ⁶.
885 1627 968 1671 Ubi
988 1642 1105 1670 eram
1121 1662 1131 1682 ,
1158 1636 1201 1671 et
1221 1642 1354 1687 quam
1374 1627 1504 1686 longe

120 1695 346 1740 exulabam
379 1712 402 1740 a
426 1697 589 1741 deliciis
617 1697 774 1743 domus
800 1708 918 1754 tuae,
952 1714 1066 1742 anno
1093 1698 1170 1743 illo
1191 1699 1504 1743 sexto-decimo

120 1766 257 1810 aetatis
274 1766 415 1810 carnis
432 1782 540 1810 meae
560 1802 571 1822 ‚
593 1783 693 1811 cum
717 1769 883 1827 accepit
899 1769 943 1812 in
964 1784 1034 1812 me
1056 1777 1275 1827 sceptrum
1295 1804 1305 1823 ‚
1331 1778 1375 1813 et
1394 1778 1505 1813 totas

120 1851 273 1880 manus
294 1836 334 1880 ei
365 1835 488 1890 dedi,
523 1838 695 1881 vesania
717 1838 934 1893 libidinis,
960 1838 1195 1882 licentiosae
1220 1854 1297 1898 per
1318 1838 1506 1883 dedecus

120 1906 363 1949 humanum
381 1940 392 1960 ,
417 1904 578 1949 illicitae
611 1916 757 1950 autem
785 1922 863 1966 per
884 1906 1001 1966 leges
1026 1909 1152 1952 tuas?
1173 1910 1271 1953 Non
1298 1907 1384 1951 fuit
1403 1924 1507 1952 cura

123 1990 320 2019 meorum
338 1984 537 2019 ruentem
561 1976 758 2035 excipere
775 1992 845 2020 me
868 1978 1146 2022 matrimonio
1172 1996 1181 2021 ε
1208 1977 1283 2021 sed
1300 1993 1405 2022 cura
1423 1977 1507 2022 fuit

123 2055 294 2090 tantum
317 2055 367 2090 ut
389 2044 598 2089 discerem
615 2062 857 2091 sermonem
882 2046 1023 2091 facere
1039 2063 1170 2107 quam
1197 2048 1410 2107 optimum
1427 2082 1440 2103 ‚
1463 2057 1507 2092 et

123 2115 382 2175 persuadere
398 2114 604 2160 dictione.

173 2230 183 2246 ¹
206 2235 220 2255 1
239 2226 314 2256 Cor.
338 2235 395 2265 vn,
415 2226 467 2256 28.
494 2240 534 2246 —
555 2231 567 2246 ²
589 2224 670 2256 Ibid.
695 2236 722 2256 1.
749 2241 790 2247 --
814 2223 826 2247 3
844 2224 930 2257 lbid.
951 2223 1072 2266 32-34.
1091 2241 1131 2247 —
1149 2223 1165 2249 l,
1184 2225 1304 2257 Matth.
1320 2236 1386 2267 xix,
1410 2234 1506 2257 12.—

125 2277 142 2301 5
161 2279 242 2311 Psal.
260 2289 347 2320 xcur,
373 2288 426 2312 20.
443 2296 486 2303 —
501 2277 517 2302 6
530 2282 624 2312 Deut.
645 2290 746 2319 xxm,
765 2280 819 2321 39.
