1871 3162
289 183 344 221 78
724 194 757 220 s.
793 191 1022 220 Aueusnm
1055 192 1236 220 Emscom

288 258 438 316 audis3
462 267 506 303 et
521 273 611 303 non
636 259 700 303 vis
722 259 873 319 ntique
890 267 1001 302 stare
1023 257 1227 316 syllabas,
1251 255 1326 301 sed
1342 253 1606 300 transvolare
1621 263 1672 298 ut

288 327 384 372 aliae
415 330 608 384 veniant,
634 338 677 374 et
698 338 841 374 totum
869 329 1033 373 audias.
1068 331 1135 372 Ita
1156 342 1324 387 semper
1345 326 1489 371 omnia
1511 325 1672 385 quibus

286 415 425 443 unum
441 400 606 461 aliquid
623 410 806 455 constat,
827 409 871 444 et
891 415 981 444 non
999 398 1129 443 simul
1150 408 1253 443 sunt
1275 398 1421 443 omnia
1443 412 1492 441 ea
1510 396 1675 456 quibus

288 479 471 525 constat,
508 471 607 530 plus
636 471 855 515 delectant
889 471 1034 515 omnia
1063 484 1195 529 quam
1224 468 1409 527 singula,
1443 468 1478 511 si
1507 466 1674 525 possint

289 540 438 585 sentiri
459 542 618 586 omnia.
651 541 736 586 Sed
767 540 897 600 longe
918 540 984 584 his
1006 540 1160 584 melior
1186 539 1264 600 qui
1298 538 1402 582 fecit
1432 537 1594 591 omnia,
1630 545 1673 580 et

288 610 379 670 ipse
397 620 460 656 est
483 614 596 656 Deus
623 621 783 666 noster,
805 620 849 655 et
868 626 958 656 non
985 609 1168 655 discedit
1183 644 1194 665 ‚
1231 609 1335 669 quia
1361 623 1442 653 nec
1475 605 1674 652 succedi-

290 690 362 726 tur
383 697 439 727 e1.

295 855 1679 876 mmmmmmmmmmmmmmmw

802 988 1019 1037 CAPUT
1056 991 1170 1036 XII·

324 1145 482 1190 Amor
499 1159 596 1190 non
616 1143 933 1204 improbatur,
955 1141 1099 1187 modo
1128 1143 1177 1187 in
1204 1142 1278 1187 his
1298 1158 1404 1201 qaoe
1429 1140 1651 1202 placent,

780 1230 995 1259 amemus
1016 1213 1192 1259 Deum.

355 1377 523 1420 XVIII.
561 1377 606 1421 S1
626 1375 801 1435 placent
821 1390 1024 1434 corpora,
1048 1377 1187 1418 Deum
1206 1388 1256 1417 ex
1275 1372 1359 1416 illis
1386 1372 1534 1426 lauda,
1565 1381 1609 1416 et
1636 1371 1682 1416 in

297 1445 506 1489 artificem
529 1461 680 1489 eorum
698 1454 901 1503 retorque
917 1458 1106 1487 amorem
1124 1464 1135 1500 3
1160 1458 1214 1486 ne
1233 1443 1278 1486 in
1298 1443 1363 1486 his
1380 1458 1478 1501 quae
1496 1441 1571 1485 tibi
1588 1441 1683 1500 pla-

297 1523 412 1569 cent,
438 1523 487 1558 tu
508 1513 786 1572 discipliceas.
818 1514 859 1558 Si
881 1513 1056 1572 placent
1077 1513 1250 1568 animae‚
1275 1513 1322 1556 in
1344 1515 1433 1557 Deo
1452 1522 1653 1556 amentur
1671 1531 1680 1556 :

297 1585 399 1644 quia
432 1593 475 1628 et
503 1584 607 1643 ipsae
632 1583 865 1627 mutabiles
886 1592 1003 1637 sunt,
1028 1592 1072 1626 et
1092 1584 1138 1626 in
1155 1582 1231 1627 illo
1253 1583 1351 1626 fixae
1374 1582 1681 1640 stabiliuntur3

297 1654 492 1713 alioquin
512 1654 625 1698 irent
648 1663 691 1697 et
712 1653 917 1712 perirent.
944 1656 994 1696 In
1022 1652 1099 1697 illo
1131 1668 1233 1711 ergo
1263 1661 1490 1697 amentur:
1518 1662 1561 1697 et
1581 1667 1684 1712 rape

298 1725 353 1769 ad
369 1740 470 1768 eum
486 1734 631 1768 tecum
647 1739 752 1783 quas
765 1733 904 1783 potes,
924 1733 968 1767 et
989 1723 1058 1767 dic
1076 1724 1133 1767 eis
1152 1743 1161 1768 ς
1191 1726 1317 1767 Hunc
1332 1738 1542 1777 amemus,
1562 1724 1682 1768 hunc

298 1810 489 1839 amemus
507 1813 517 1839 :
541 1794 631 1853 ipse
649 1792 746 1838 fecit
772 1795 881 1848 haec,
907 1803 949 1837 et
969 1809 1058 1838 non
1076 1803 1139 1838 est
1158 1793 1304 1853 longe.
1325 1797 1423 1839 Non
1446 1794 1562 1837 enim
1579 1794 1685 1838 fecit

297 1874 429 1925 atque
444 1865 564 1920 abiit,
589 1864 666 1908 sed
688 1880 738 1908 ex
758 1864 835 1908 illo
855 1865 899 1908 in
918 1864 993 1908 illo
1015 1874 1130 1908 sunt.
1149 1867 1262 1908 Ecce
1280 1865 1356 1908 ubi
1372 1873 1451 1919 est,
1471 1865 1549 1908 ubi
1571 1864 1684 1922 sapit

295 1936 464 1981 veritas.
492 1935 675 1979 Intimus
697 1934 818 1979 cordi
840 1944 930 1992 est3
952 1935 1028 1979 sed
1056 1950 1131 1979 cor
1151 1935 1309 1979 erravit
1331 1935 1386 1978 ab
1409 1949 1476 1978 eo.
1501 1935 1683 1990 Redite,

295 2006 660 2066 praevaricatores,
679 2006 734 2049 ad
753 2021 844 2061 cor,
861 2015 905 2049 et
925 2006 1134 2049 inhaerete
1155 2005 1218 2049 illi
1240 2005 1321 2065 qui
1333 2004 1438 2049 fecit
1457 2020 1548 2048 vos.
1568 2007 1687 2050 State

295 2092 397 2123 cum
414 2092 481 2132 eo,
502 2087 545 2121 et
562 2077 744 2121 stabitis.
763 2075 1038 2135 Requiescite
1060 2075 1105 2120 in
1128 2090 1196 2130 eo,
1217 2084 1259 2118 et
1282 2075 1418 2135 quieti
1436 2075 1568 2119 eritis.
1587 2066 1686 2129 Quo

297 2149 367 2193 itis
386 2149 432 2193 in
454 2150 628 2208 aspera?
650 2162 739 2208 quo
760 2147 863 2190 itis?
899 2148 1071 2190 Bonum
1093 2145 1214 2205 quod
1237 2146 1388 2190 amatis
1417 2146 1472 2189 ab
1496 2145 1572 2190 illo
1593 2155 1684 2205 est3

298 2220 373 2265 sed
394 2229 609 2281 quantum
629 2228 694 2263 est
710 2218 766 2262 ad
785 2217 927 2273 illum,
952 2218 1119 2262 bonum
1142 2226 1206 2261 est
1223 2226 1266 2261 et
1287 2232 1417 2262 suave
1434 2238 1445 2275 3
1469 2217 1544 2261 sed
1566 2233 1686 2262 ama-

302 2308 398 2336 rum
415 2293 497 2337 erit
512 2293 643 2352 juste,
668 2291 771 2351 quia
790 2290 947 2350 injuste
969 2299 1141 2334 amatur
1162 2289 1333 2334 deserto
1356 2289 1448 2344 illo,
1468 2289 1689 2350 quidquid

304 2362 359 2407 ab
379 2362 454 2407 illo
477 2371 555 2406 est.
575 2364 673 2414 Quo
688 2361 812 2406 vohis
831 2359 975 2404 adhuc
996 2369 1039 2403 et
1059 2358 1203 2404 adhuc
1224 2359 1450 2404 ambulare
1467 2360 1554 2404 vias
1568 2359 1686 2404 diffi-

305 2432 405 2477 ciles
437 2442 481 2477 et
512 2432 777 2476 laboriosas?
811 2433 910 2476 Non
944 2439 1008 2475 est
1041 2430 1209 2490 requies
1239 2429 1317 2473 ubi
1348 2430 1540 2490 quaeritis
1571 2431 1706 2475 eam.'

306 2504 493 2556 Quaerite
538 2501 657 2562 quod
701 2501 892 2561 quaeritis
918 2519 926 2545 :
970 2501 1045 2545 sed
1070 2495 1251 2545 ihi'non
1281 2508 1343 2544 est
1374 2500 1450 2544 ubi
1481 2501 1685 2561 quaeritis.
