1871 3162
635 170 982 209 conressmnmvt,
1015 171 1099 197 ιη.
1134 171 1213 198 vn.
1516 158 1595 199 151

226 246 295 282 tor
313 235 599 281 universitatis
613 268 625 290 ,
645 233 974 281 consulentibus
995 232 1293 293 consultisque
1309 234 1601 280 nescientibus

225 305 397 351 occulto
413 305 619 351 instinctu
641 304 730 363 agis
746 338 758 359 ‚
782 312 834 355 ut
854 302 961 348 dum
979 302 1164 363 quisque
1183 301 1392 358 consulit,
1415 303 1499 348 hoc
1521 320 1601 349 au-

223 376 314 421 diat
337 374 458 434 quod
486 389 587 419 eum
609 383 782 433 oportet
805 372 953 422 audire
970 371 1151 423 occultis
1173 372 1337 421 meritis
1361 373 1602 420 animarum

223 461 273 493 ex
295 445 448 503 abysso
466 444 571 505 justi
587 444 741 504 judicii
763 445 851 499 tui,
880 444 952 488 cui
970 459 1060 488 non
1079 443 1196 491 dicat
1217 443 1351 487 homo
1372 461 1382 489 ι
1407 442 1520 496 Quid
1541 452 1604 488 est

222 516 337 559 hoc?
362 518 418 559 Ut
438 514 545 575 quid
565 515 677 559 hoc?
694 516 792 560 Non
810 513 942 568 dicat,
962 529 1051 558 non
1073 512 1189 560 dicat
1207 531 1218 564 3
1234 512 1367 560 homo
1383 521 1448 562 est
1469 512 1600 561 enim.

732 820 948 870 CAPUT
985 823 1096 868 VII.

338 978 517 1023 Misere
540 987 786 1035 torquetur
806 978 1050 1038 inquirens
1071 975 1198 1023 unde
1218 978 1281 1022 sit
1301 974 1498 1022 malam.

279 1138 357 1181 XI.
380 1138 470 1184 JAM
487 1136 635 1194 itaque
656 1150 742 1189 me,
755 1135 927 1194 adjutor
944 1150 1082 1189 meuS,
1093 1134 1177 1178 illis
1194 1132 1377 1184 vinculis
1399 1132 1603 1190 solveras,

220 1214 264 1250 et
292 1205 543 1265 quaerebam
566 1203 684 1248 unde
712 1203 904 1258 malum,
934 1213 978 1248 et
1010 1220 1099 1248 non
1120 1213 1213 1248 erat
1248 1205 1403 1248 exitus,
1432 1202 1516 1248 Sed
1537 1219 1607 1256 me

221 1291 310 1319 non
342 1276 511 1320 sinebas
542 1274 642 1319 ullis
663 1275 869 1319 fluctibus
892 1275 1166 1334 cogitationis
1188 1273 1349 1318 auferri
1371 1274 1426 1318 ab
1449 1289 1498 1324 ea
1519 1274 1607 1318 fide

221 1362 306 1406 qua
330 1345 559 1390 credebam
593 1355 636 1390 et
656 1361 745 1389 esse
767 1356 830 1399 te,
864 1355 907 1390 et
939 1361 1029 1390 esse
1052 1345 1456 1394 incommutabilem
1478 1345 1606 1389 subs-

220 1416 401 1460 tantiam
424 1425 568 1471 tuam‚
604 1425 648 1459 et
670 1431 758 1459 esse
779 1415 833 1460 de
860 1417 1114 1461 hominibus
1137 1431 1287 1461 curam
1319 1425 1364 1460 et
1387 1415 1606 1476 judicium

220 1496 368 1542 tuum,
405 1496 448 1531 et
479 1487 524 1530 in
546 1487 719 1538 Christo
752 1487 843 1531 filio
873 1496 952 1531 tuo
974 1488 1159 1531 Domino
1197 1496 1366 1541 nostro,
1407 1495 1538 1546 atque
1560 1486 1606 1531 in

223 1558 454 1617 Scripturis
476 1557 633 1606 sanctis
655 1572 762 1617 quas
786 1556 990 1605 Ecclesiae
1013 1566 1099 1601 tuae
1133 1556 1356 1606 catholicae
1379 1571 1605 1601 commen—

221 1627 344 1670 daret
361 1627 608 1681 auctoritas,
623 1626 735 1669 viam
753 1635 795 1669 te
812 1627 1001 1685 posuisse
1018 1625 1165 1670 salutis
1187 1627 1408 1682 humanae,
1433 1625 1487 1670 ad
1510 1641 1605 1675 eam

222 1697 354 1741 vitam
382 1712 482 1756 quae
504 1705 598 1755 post
621 1697 732 1740 hanc
757 1705 942 1740 mortem
966 1695 1116 1741 futura
1139 1705 1217 1740 est.
1248 1696 1322 1740 His
1352 1697 1499 1756 itaque
1520 1696 1605 1740 sal-

221 1767 300 1820 vis,
326 1776 456 1826 atque
480 1767 733 1810 inconcusse
755 1766 966 1810 roboratis
987 1766 1033 1809 in
1054 1766 1198 1810 animo
1218 1781 1333 1820 meo,
1353 1766 1604 1826 quaerebam

222 1844 408 1879 aestuans
429 1835 548 1878 unde
573 1835 627 1878 sit
647 1834 829 1878 malum.
860 1837 969 1887 Quae
995 1834 1069 1880 illa
1092 1844 1308 1879 tormenta
1325 1834 1604 1894 parturientis

223 1904 362 1950 cordis
383 1906 490 1958 mei,
523 1905 598 1964 qui
621 1905 805 1962 gemitus
822 1939 833 1959 ,
862 1908 976 1948 Deus
998 1906 1146 1949 meus!
1169 1907 1225 1949 Et
1251 1905 1313 1948 ibi
1331 1913 1454 1949 erant
1480 1920 1605 1949 aures

222 1987 310 2021 tuae
328 1977 545 2020 nesciente
567 1990 650 2018 me.
676 1978 733 2019 Et
754 1991 854 2019 cum
878 1976 924 2019 in
950 1975 1121 2020 silentio
1142 1975 1313 2019 fortiter
1337 1990 1602 2035 quaererem,

223 2062 395 2105 magnae
417 2061 542 2090 voces
563 2054 685 2089 erant
707 2045 761 2089 ad
789 2045 1122 2090 misericordiam
1148 2055 1266 2090 tuam
1286 2047 1428 2090 tacitae
1445 2046 1606 2090 contri-

223 2119 362 2163 tiones
380 2118 512 2162 animi
533 2118 632 2160 mei.
662 2120 725 2160 Tu
748 2117 910 2161 sciebas
927 2116 1035 2176 quid
1056 2117 1272 2176 patiebar,
1297 2126 1340 2161 et
1360 2116 1507 2160 nullus
1522 2117 1605 2161 ho-

223 2188 407 2232 minum.
435 2190 658 2240 Quantum
679 2187 794 2230 enim
832 2196 923 2231 erat
959 2187 1080 2247 quod
1103 2186 1205 2231 inde
1227 2186 1505 2246 digerebatur
1526 2202 1606 2246 per

224 2257 419 2316 linguam
436 2273 575 2301 meam
589 2258 633 2300 in
652 2272 775 2300 aures
793 2257 1223 2302 familiarissimorum
1238 2259 1464 2302 meorum?
1475 2260 1606 2303 Num-

225 2327 333 2387 quid
369 2336 485 2391 totus
515 2327 729 2371 tumultus
751 2327 907 2370 animae
929 2342 1038 2370 meae
1054 2362 1065 2382 ,
1092 2328 1162 2371 cui
1184 2342 1264 2370 nec
1285 2336 1503 2386 tempora,
1527 2342 1607 2371 nec

226 2413 273 2442 os
295 2412 439 2440 meum
461 2398 704 2441 sufficiebat
721 2431 732 2450 ,
757 2397 938 2441 sonabat
962 2397 1053 2441 eis?
1084 2400 1241 2441 Totum
1273 2406 1420 2441 tamen
1451 2398 1541 2441 ibat
1562 2398 1606 2440 in

229 2467 426 2510 auditum
456 2477 582 2511 tuum
601 2501 611 2519 ,
644 2467 764 2525 quod
790 2466 1013 2523 rugiebam
1037 2483 1059 2510 a
1088 2467 1251 2524 gemitu
1276 2465 1415 2510 cordis
1432 2467 1516 2509 mei
1532 2502 1542 2520 ,
1563 2476 1605 2509 et
