1871 3162
577 245 920 281 courssssmnum,
957 244 1038 270 Lm.
1075 244 1171 270 xm.
1476 232 1558 270 389

182 327 286 356 num
320 327 447 357 causa
483 311 637 365 extitit,
662 309 738 354 sed
755 318 798 354 et
821 308 969 354 fideles
995 309 1295 362 exhortantur,
1315 318 1358 352 et
1380 309 1560 353 benedi-

181 394 340 428 cuntur
362 384 416 427 ab
438 383 496 426 eis
519 381 817 441 multipliciter
834 381 888 425 de
911 380 981 425 die
1001 381 1047 424 in
1069 380 1200 424 diem.
1222 383 1279 423 At
1291 394 1393 423 vero
1416 380 1557 425 anima

181 456 276 498 viva
291 453 344 497 de
366 463 472 497 terra
490 453 670 512 sumpsit
693 451 933 505 exordium,
952 453 1053 512 quia
1072 466 1158 494 non
1182 448 1358 509 prodest
1371 451 1459 509 jam
1477 451 1558 494 nisi

180 524 382 568 fidelibus
412 524 635 568 continere
661 539 705 567 se
729 523 782 567 ab
794 538 944 567 amore
980 523 1107 582 hujus
1141 519 1300 573 saeculi,
1332 529 1383 565 ut
1417 521 1559 565 anima

180 611 331 640 eorum
354 595 433 638 tibi
453 594 585 649 vivat,
609 611 708 654 quae
726 604 896 639 mortua
916 603 1008 637 erat
1023 594 1067 637 in
1080 591 1244 636 deliciis
1275 591 1440 645 vivens,
1479 590 1559 635 de—

176 667 307 720 liciis,
336 667 521 711 Domine
538 702 549 721 ,
570 665 802 711 mortiferis
833 669 872 724 13
908 681 1008 710 nam
1028 674 1077 708 tu
1106 665 1204 725 puri
1243 664 1383 709 cordis
1410 662 1561 708 vitales

176 737 355 781 deliciae.

233 810 375 852 XXX.
406 810 652 866 Operentur
668 824 771 867 ergo
787 809 876 868 jam
894 808 938 851 in
962 817 1072 851 terra
1092 807 1275 851 ministri
1294 807 1375 860 tui,
1397 822 1485 850 non
1508 806 1559 866 si-

176 887 250 921 cut
277 879 321 920 in
353 879 474 938 aquis
507 878 773 923 infidelitatis
809 877 1112 922 annuntiando
1147 887 1189 921 et
1223 877 1445 938 loquendo
1482 892 1559 936 per

175 949 379 992 miracula
403 959 446 993 et
467 959 731 993 sacramenta
754 958 797 993 et
818 965 945 993 voces
963 949 1179 1006 mysticas,
1204 948 1281 992 ubi
1304 949 1469 992 intenta
1505 948 1560 992 sit

176 1019 418 1077 ignorantia
433 1030 571 1063 mater
589 1020 884 1063 admirationis
898 1020 941 1062 in
956 1020 1110 1062 timore
1128 1018 1400 1063 occultorum
1419 1019 1558 1076 signo-

176 1105 272 1133 rum
294 1106 302 1130 :
326 1090 420 1134 talis
446 1091 558 1134 enim
582 1101 645 1134 est
676 1092 879 1134 introitus
903 1091 956 1134 ad
979 1091 1110 1133 fidem
1131 1090 1229 1133 filiis
1251 1091 1390 1134 Adam
1411 1088 1558 1133 oblitis

175 1160 255 1214 tui,
282 1159 387 1203 dum
411 1161 685 1204 abscondunt
703 1176 746 1204 se
764 1177 786 1204 a
810 1159 918 1203 facie
937 1169 1011 1203 tua
1030 1162 1046 1184 2
1065 1169 1107 1203 et
1130 1160 1242 1203 fiunt
1255 1160 1435 1216 abyssus
1456 1178 1464 1203 2
1483 1158 1558 1203 sed

175 1239 411 1288 operentur
428 1230 555 1273 etiam
573 1231 686 1274 sicut
708 1231 752 1273 in
774 1229 892 1273 arida
917 1229 1099 1273 discreta
1115 1246 1137 1273 a
1151 1229 1394 1288 gurgitibus
1415 1229 1557 1285 abyssi

175 1308 217 1342 et
238 1300 324 1342 sint
346 1299 485 1342 forma
499 1299 700 1343 fidelibus
719 1300 904 1343 vivendo
920 1315 1065 1343 coram
1085 1300 1166 1352 eis,
1192 1309 1235 1343 et
1258 1298 1484 1343 excitando
1502 1298 1558 1343 ad

174 1370 476 1413 imitationem.
518 1372 585 1415 Sic
613 1371 727 1414 enim
763 1387 850 1414 non
875 1380 1046 1414 tantum
1064 1370 1117 1414 ad
1150 1369 1446 1424 audiendum,
1482 1369 1558 1413 sed

174 1442 303 1484 etiam
324 1441 379 1485 ad
407 1439 653 1485 faciendum
667 1441 863 1485 audiunt.
885 1442 1110 1495 «Quaerite
1128 1442 1361 1485 Dominum
1378 1450 1419 1484 et
1442 1442 1558 1485 vivet

179 1531 197 1552 »
234 1513 376 1555 anima
411 1514 590 1565 vestrass,
626 1521 674 1555 ut
700 1511 910 1570 producat
948 1522 1059 1555 terra
1094 1512 1283 1554 animam
1314 1512 1550 1555 viventem.
1601 1501 1603 1506 ¹

178 1600 197 1621 »
233 1582 375 1625 Nolite
397 1582 659 1626 conformari
677 1582 778 1625 huic
800 1580 1002 1635 saeeulo⁴,
1031 1600 1050 1622 »
1075 1581 1296 1625 continete
1320 1596 1393 1624 vos
1416 1582 1469 1624 ab
1485 1596 1551 1624 eo.

175 1652 392 1695 Evitanclo
415 1653 520 1696 vivit
533 1653 690 1707 anima,
716 1669 815 1712 quae
836 1651 1082 1711 appetendo
1099 1652 1297 1695 moritur.
1323 1652 1557 1696 Continete

175 1738 250 1765 vos
273 1724 327 1766 ab
350 1723 527 1766 immani
551 1721 718 1766 feritate
750 1722 986 1781 superbiae,
1016 1722 1071 1765 ab
1092 1722 1220 1765 inerti
1240 1722 1467 1780 voluptate
1488 1722 1560 1765 lu-

175 1794 330 1847 xuriae,
363 1803 405 1836 et
427 1810 448 1836 a
470 1792 613 1836 fallaci
643 1794 820 1837 nomine
852 1793 1058 1845 scientiae,
1094 1802 1142 1836 ut
1162 1793 1247 1836 sint
1265 1792 1414 1836 bestiae
1432 1808 1559 1836 man-

177 1875 332 1919 suetae,
366 1874 409 1906 et
438 1880 591 1923 pecora
629 1864 834 1919 edomita,
870 1874 912 1908 et
944 1864 1108 1907 innoxii
1143 1873 1377 1922 serpentes.
1414 1866 1560 1907 Motus
1663 1922 1666 1924 .

179 1937 292 1979 enim
324 1935 480 1978 animae
512 1945 614 1978 sunt
647 1936 715 1978 isti
743 1935 787 1977 in
813 1934 1013 1991 allegoria
1041 1953 1049 1977 ε
1076 1933 1150 1976 sed
1176 1932 1310 1977 fastus
1344 1933 1558 1988 elationis,
1598 1934 1653 1978 ‘s'

179 2015 220 2048 et
250 2005 479 2048 delectatio
494 2003 705 2058 libidinis,
725 2014 768 2047 et
788 2019 1003 2047 venenum
1027 2004 1285 2047 curiositatis
1303 2013 1444 2048 motus
1462 2013 1564 2048 sunt

179 2077 333 2119 animae
355 2085 539 2118 mortuae
558 2097 568 2132 3
595 2075 694 2135 quia
719 2091 807 2118 non
823 2075 882 2118 ita
905 2075 1089 2118 moritur
1106 2110 1116 2127 ,
1144 2083 1193 2117 ut
1216 2075 1332 2118 omni
1348 2086 1470 2118 motu
1489 2092 1562 2120 ca-

180 2156 290 2202 reat3
313 2147 520 2206 quonian]
546 2145 810 2190 discedendo
825 2161 847 2189 a
871 2144 991 2189 fonte
1009 2148 1130 2199 vitae,
1148 2146 1333 2189 moritur
1354 2155 1483 2204 atque
1504 2147 1564 2192 ita

181 2217 411 2274 suscipitur
439 2233 460 2259 a
487 2225 779 2274 praetereunte
804 2216 965 2260 saeculo
991 2252 1000 2263 ,
1022 2226 1063 2259 et
1086 2210 1386 2260 conformatur
1407 2217 1460 2260 ei.

240 2289 405 2330 XXXI.
438 2276 633 2330 Verbum
658 2296 802 2330 autem
829 2297 970 2340 tuum,
998 2290 1125 2340 Deus,
1155 2286 1249 2331 fons
1270 2288 1371 2330 vitae
1393 2297 1568 2332 aeternae

182 2367 260 2409 est,
287 2366 329 2400 et
362 2373 449 2400 non
473 2359 663 2416 praeterit
686 2377 695 2400 :
720 2357 907 2415 ideoque
928 2357 971 2400 in
992 2358 1127 2400 verbo
1151 2368 1226 2400 tuo
1249 2358 1479 2401 cohibetur
1495 2358 1569 2402 ille

183 2428 408 2480 discessus,
433 2426 539 2470 dum
563 2426 722 2470 dicitur
745 2427 868 2470 nobis
892 2426 1058 2470 :Nolite
1080 2426 1342 2471 conformari
1363 2429 1466 2472 huic
1487 2445 1568 2472 sae-

184 2496 283 2542 culo
311 2517 318 2541 :
350 2507 398 2541 ut
427 2498 638 2556 producat
676 2508 789 2541 terra
825 2497 870 2540 in
904 2496 1024 2540 fonte
1056 2498 1156 2541 vitae
1199 2499 1385 2542 animam
1423 2500 1568 2543 viven-

234 2590 239 2603 ¹
267 2594 275 2613 ι
295 2582 362 2613 Tim
394 2593 425 2613 v,
444 2582 476 2614 6.
518 2599 537 2605 ν
556 2590 568 2604 ²
587 2585 665 2614 Gen.
686 2594 733 2621 iu,
753 2583 782 2615 8.
805 2600 843 2605 —-
868 2582 880 2605 3
899 2583 981 2614 Psal.
1000 2594 1107 2614 mvnr.
1135 2584 1183 2614 33.
1203 2600 1243 2606 --«
1264 2581 1279 2610 4
1299 2585 1376 2615 Rom
1411 2596 1465 2615 xnr
1491 2596 1516 2615 i.
