1871 3162
230 226 311 263 220
609 235 640 263 s.
690 234 918 265 Aucusnm
950 238 1130 265 EPISCOPI

229 424 438 442 mmmm
444 426 579 442 &mm
584 425 1425 443 mzmmnwmmmmvmmmwnwuvvumm
1432 426 1609 443 WMMW

748 560 961 609 CAPUT
997 562 1113 608 KH.

241 713 492 777 Quomodo
516 714 690 760 luxerit
711 724 912 761 mortem
933 716 1118 760 matris.
1133 741 1190 753 -
1207 713 1511 776 Sacrzficiam
1525 730 1614 773 pro

794 784 1032 847 cleficnctz's
1043 820 1052 830 .

291 945 455 988 XXIX.
476 947 720 988 PREMEBAM
738 944 886 988 oculos
903 945 1013 1004 ejus,
1035 954 1078 988 et
1096 945 1349 989 confluebat
1364 944 1409 988 in
1427 959 1618 1003 praecor-

233 1013 303 1058 dia
324 1029 419 1058 mea
440 1014 698 1059 moestitudo
726 1015 900 1073 ingens,
927 1023 969 1057 et
991 1015 1278 1059 transfluebat
1299 1015 1345 1058 in
1367 1013 1581 1071 lacrymas
1605 1049 1616 1069 ,

232 1084 483 1144 ibidemque
511 1084 626 1129 oculi
646 1085 731 1128 mei
753 1084 945 1129 violento
973 1084 1105 1128 animi
1125 1085 1305 1144 imperio
1337 1084 1621 1129 resorbebant

232 1154 399 1199 fontem
441 1171 568 1199 suum
591 1170 730 1215 usque
762 1154 815 1199 ad
851 1155 1107 1210 siccitatem,
1136 1165 1180 1199 et
1211 1156 1257 1198 in
1280 1155 1356 1200 tali
1383 1155 1621 1199 luctamine

232 1223 359 1268 valde
388 1224 501 1268 male
529 1225 634 1268 mihi
669 1233 774 1269 erat.
818 1227 928 1268 Tum
950 1240 1053 1269 vero
1090 1224 1165 1268 ubi
1189 1225 1352 1269 efflavit
1380 1234 1621 1268 extremum

233 1295 432 1354 spiritum
449 1330 459 1349 ,
485 1309 592 1353 puer
613 1294 864 1339 Adeodatus
892 1294 1150 1339 exclamavit
1170 1295 1216 1338 in
1238 1294 1464 1353 planctum
1493 1304 1622 1354 atque

234 1365 288 1409 ab
311 1365 513 1409 omnibus
530 1366 656 1410 nobis
669 1366 880 1410 coercitus
899 1366 1048 1409 tacuit.
1070 1368 1164 1409 Hoc
1180 1364 1313 1410 modo
1328 1366 1458 1409 etiam
1476 1380 1623 1409 meum

233 1433 443 1494 quiddam
479 1435 645 1494 puerile
668 1435 789 1495 quod
821 1434 1051 1479 labebatur
1084 1435 1129 1479 in
1150 1435 1278 1478 fletus
1310 1434 1493 1493 juvenili
1516 1450 1623 1479 voce

223 1505 371 1548 cordis
389 1539 400 1560 ,
425 1505 707 1549 coercebatur
729 1514 772 1549 et
793 1504 979 1548 tacebat.
1004 1507 1155 1564 Neque
1188 1505 1304 1548 enim
1328 1504 1483 1548 decere
1506 1505 1623 1548 arbi-

234 1574 456 1618 trabamur
490 1574 622 1618 funus
639 1573 749 1618 illud
771 1573 1008 1634 quaestibus
1029 1573 1279 1631 lacrymosis
1302 1574 1624 1634 gemitibusque

235 1643 475 1701 celebrare3
510 1644 612 1704 quia
646 1644 711 1688 his
741 1644 997 1703 plerumque
1028 1642 1136 1688 solet
1165 1643 1383 1703 deplorari
1420 1644 1625 1703 quaedam

236 1714 404 1757 miseria
421 1714 720 1761 morientium,
738 1724 812 1758 aut
827 1714 950 1773 quasi
966 1713 1216 1758 omnimoda
1231 1714 1453 1757 extinctio.
1476 1717 1533 1757 At
1554 1713 1627 1758 illa

236 1799 316 1828 nec
340 1785 491 1827 misere
518 1784 803 1837 moriebatur,
828 1799 908 1827 nec
936 1783 1116 1828 omnino
1142 1783 1423 1827 moriebatur.
1461 1786 1555 1828 Hoc
1585 1793 1629 1828 et

238 1854 510 1898 documentis
528 1869 699 1898 morum
722 1855 812 1913 ejus
827 1889 837 1909 ‚
863 1863 905 1898 et
932 1854 1018 1898 fide
1037 1870 1126 1898 non
1147 1855 1245 1899 ficta
1259 1889 1270 1909 ,
1297 1854 1628 1914 rationibusque

238 1925 363 1969 certis
390 1925 656 1968 tenebamus.

297 1996 439 2038 XXX.
466 1993 583 2047 Quid
602 2009 703 2051 ergo
723 2003 815 2037 erat
837 1993 955 2053 quod
970 1995 1086 2036 intus
1106 1993 1212 2036 mihi
1236 1994 1422 2051 graviter
1436 1993 1626 2048 dolebat,

240 2065 321 2108 nisi
338 2080 388 2107 ex
402 2063 716 2108 consuetudine
729 2063 857 2107 simul
870 2061 1043 2106 vivendi
1065 2061 1311 2106 dulcissima
1325 2071 1368 2105 et
1384 2063 1630 2107 charissima

240 2144 416 2194 repente
435 2134 631 2193 disrupta
648 2133 808 2177 vulnus
830 2147 979 2176 recens
995 2131 1295 2189 {Gratulabar
1313 2132 1490 2190 quidem
1511 2133 1631 2176 testi-

241 2207 389 2250 monio
411 2207 500 2264 ejus
515 2240 525 2259 ,
547 2205 666 2264 quod
687 2205 732 2247 in
754 2219 801 2247 ea
824 2204 915 2262 ipsa
939 2202 1092 2246 ultima
1116 2203 1376 2260 aegritudine
1409 2202 1628 2262 obsequiis

243 2276 346 2319 meis
371 2274 713 2319 interblandiens
736 2273 984 2332 appellabat
1011 2287 1079 2315 me
1106 2273 1227 2331 pium
1244 2306 1255 2327 ‚
1289 2282 1332 2316 et
1362 2288 1628 2317 commemo-

243 2345 366 2389 rabat
386 2344 538 2403 grandi
555 2343 796 2388 dilectionis
813 2343 974 2387 affectu
991 2357 1216 2401 nunquam
1235 2358 1278 2386 se
1300 2342 1468 2386 audisse
1486 2358 1537 2386 ex
1553 2358 1627 2387 ore

244 2432 342 2460 meo
358 2416 599 2475 jaculatum
629 2416 675 2459 in
698 2430 741 2459 se
759 2416 932 2459 &durum
957 2423 1032 2458 aut
1054 2413 1430 2471 {contumeliosum
1455 2429 1628 2458 sonum.

248 2484 332 2530 Sed
350 2495 495 2529 tamen
513 2485 619 2545 quid
635 2484 738 2540 tale,
757 2488 871 2529 Deus
886 2500 1021 2539 meus,
1038 2485 1113 2543 qui
1129 2484 1267 2528 fecisti
1283 2500 1376 2538 nos,
1388 2483 1495 2544 quid
1513 2499 1632 2528 com-

252 2556 446 2614 parabile
459 2555 649 2599 habebat
665 2557 804 2601 honor
823 2571 845 2599 a
858 2570 928 2598 me
944 2554 1111 2598 delatus
1131 2554 1193 2598 illi
1206 2589 1216 2600 ,
1234 2563 1277 2598 et
1290 2555 1469 2598 servitus
1488 2554 1542 2601 ab
1559 2553 1631 2598 illa
