1871 3162
591 180 939 219 CONFESSIONUM,
974 183 1057 209 Lm.
1095 178 1172 209 vu.
1489 173 1565 212 141

190 245 237 288 id
254 245 373 304 quod
387 246 604 304 corrumpi
626 255 790 305 potest,
816 246 1005 290 deterius
1028 261 1116 290 esse
1130 260 1262 304 quam
1282 247 1328 290 id
1345 248 1467 306 quod
1483 265 1573 293 non

189 323 331 373 potest
350 334 360 359 :
385 324 427 359 et
447 313 568 374 quod
588 316 739 360 violari
761 331 850 360 non
871 325 1013 375 potest
1027 351 1039 371 ,
1068 317 1370 360 incunctanter
1403 333 1574 376 praepo-

189 385 349 429 nebam
377 384 569 430 violabili
598 405 606 430 :
637 395 680 430 et
708 388 830 446 quod
856 385 1022 430 nullam
1056 387 1220 446 patitur
1255 387 1542 430 mutationem
1560 422 1570 442 ,

189 454 343 499 melius
362 471 451 499 esse
478 471 610 515 quam
631 456 677 500 id
704 457 824 516 quod
853 458 1012 502 mutari
1041 465 1196 516 potest.
1224 456 1452 502 Clamabat
1478 457 1574 501 vio—

187 525 327 570 lenter
357 541 431 571 cor
463 542 610 571 meum
638 526 841 572 adversus
869 528 1014 571 omnia
1042 528 1344 586 phantasmata
1381 542 1506 571 mea:
1532 536 1575 571 et

186 597 270 640 hoc
306 612 396 641 uno
427 598 518 642 ictu
547 599 736 643 conabar
769 599 942 657 abigere
979 598 1369 644 circumvolantem
1395 598 1572 642 turbam

185 666 474 711 immunditiae
503 668 557 711 ab
588 668 676 712 acie
707 669 863 712 mentis
892 682 1000 711 meae
1021 677 1088 713 :et
1121 668 1191 712 vix
1203 666 1367 712 dimota
1404 668 1450 711 in
1486 668 1576 711 ictu

186 736 317 791 oculi,
335 752 433 781 ecce
448 737 709 796 conglobata
730 753 877 782 rursus
897 738 1060 793 aderat,
1078 746 1121 781 et
1135 738 1328 782 irruebat
1348 738 1390 780 in
1429 753 1577 796 aspec-

187 816 282 851 tum
307 823 452 851 meum
469 843 480 862 ,
509 817 552 852 et
569 807 857 853 obnubilabat
879 824 1000 864 eum,
1018 818 1067 853 ut
1083 810 1279 869 quamvis
1315 824 1404 853 non
1436 808 1576 853 forma

186 878 367 922 humani
394 879 608 936 corporis,
646 894 903 938 corporeum
924 888 1068 922 tamen
1094 878 1259 937 aliquid
1292 879 1480 936 cogitare
1499 894 1576 923 co*

187 963 308 1006 gerer
324 963 400 1006 per
421 949 557 1007 spatia
571 949 767 993 locorum
778 984 789 1004 ,
809 949 897 993 sive
910 948 1104 992 infusum
1117 948 1286 999 mundo
1301 984 1311 1003 ,
1337 947 1428 993 sive
1446 950 1577 992 etiam

187 1028 304 1062 extra
337 1018 552 1062 mundum
575 1034 650 1078 per
672 1019 839 1063 infinita
854 1019 1061 1063 diffusum
1079 1054 1089 1074 ,
1117 1020 1245 1063 ctiam
1270 1020 1412 1078 ipsum
1434 1020 1577 1062 incor—

187 1087 392 1147 ruptibile
422 1098 466 1132 et
498 1089 752 1133 inviolabile
782 1098 825 1132 et
846 1089 1229 1143 incommutabile,
1247 1090 1367 1148 quod
1396 1105 1577 1148 corrup-

187 1158 298 1201 tibili
321 1167 363 1201 et
390 1157 584 1202 violabili
606 1167 649 1201 et
675 1158 980 1201 commutabili
1010 1160 1318 1217 praeponebam
1340 1177 1347 1202 :
1369 1159 1577 1219 quoniam

186 1227 401 1288 quidquid
422 1229 643 1288 privabam
665 1230 811 1288 spatiis
830 1229 989 1273 talibus
1007 1263 1018 1284 ,
1040 1229 1149 1273 nihil
1164 1231 1272 1273 mihi
1290 1246 1378 1274 esse
1400 1230 1578 1274 videba—

187 1308 274 1343 tur.
304 1300 387 1344 Sed
405 1315 577 1358 prorsus
595 1299 719 1354 nihil,
746 1315 800 1344 ne
818 1300 945 1344 inane
966 1299 1142 1359 quidem
1159 1335 1171 1355 ,
1196 1309 1404 1361 tanquam
1422 1301 1456 1345 si
1479 1317 1577 1345 cor-

187 1385 267 1429 pus
284 1369 506 1413 auferatur
536 1374 655 1423 loco,
681 1379 724 1413 et
744 1379 917 1414 maneat
934 1370 1054 1414 locus
1073 1371 1192 1415 omni
1213 1387 1394 1430 corpore
1417 1387 1577 1416 vacua-

187 1450 256 1484 tus
276 1476 287 1496 ,
321 1450 364 1484 et
380 1450 552 1485 terreno
575 1450 618 1485 et
638 1440 822 1485 humido
840 1450 882 1484 et
906 1444 1030 1485 aereo
1051 1451 1093 1484 et
1111 1441 1276 1486 coelesti
1294 1477 1305 1498 ,
1330 1442 1405 1487 sed
1433 1453 1579 1487 tamen

187 1513 241 1556 sit
259 1511 380 1556 locus
402 1511 541 1556 inanis
564 1521 775 1571 tanquam
798 1511 1037 1571 spatiosum
1060 1511 1182 1556 nihil.

247 1586 302 1627 II.
338 1586 432 1642 Ego
462 1583 608 1642 itaque
643 1583 900 1627 incrassatus
933 1583 1091 1638 corde,
1112 1598 1192 1627 nec
1214 1584 1495 1644 mihimetipsi
1512 1585 1581 1629 vcl
1623 1635 1627 1645 1

186 1653 275 1713 ipse
292 1654 550 1712 conspicuus
566 1688 576 1707 ,
602 1653 819 1712 quidquid
835 1669 923 1697 non
938 1669 1015 1712 per
1032 1652 1256 1713 aliquanta
1274 1654 1411 1713 spatia
1434 1654 1580 1698 tende-

187 1734 330 1777 retur,
355 1724 424 1768 vel
440 1724 787 1779 diffunderetur,
815 1724 885 1768 vel
906 1723 1264 1783 conglobaretur,
1282 1724 1352 1769 vel
1375 1734 1576 1780 tumeret,

186 1793 256 1839 vel
274 1794 358 1839 tale
382 1794 546 1854 aliquid
568 1804 762 1854 caperet,
789 1804 866 1838 aut
883 1810 1037 1853 capere
1067 1804 1237 1853 posset,
1271 1795 1381 1838 nihil
1407 1810 1580 1854 prorsus

189 1880 279 1909 esse
302 1865 557 1908 arbitrabar,
594 1868 675 1907 Per
698 1863 849 1922 quales
867 1865 985 1908 enim
1002 1864 1167 1908 formas
1201 1865 1262 1908 ire
1293 1864 1433 1909 solent
1465 1865 1581 1910 oculi

189 1935 297 1990 mei,
322 1950 398 1994 per
415 1935 519 1978 tales
536 1935 741 1992 imagines
758 1935 849 1978 ibat
865 1950 939 1979 cor
953 1949 1098 1977 meum
1119 1950 1222 1979 :nec
1238 1934 1443 1980 videbam
1466 1937 1579 1980 hanc

189 2005 385 2050 eamdem
406 2006 690 2049 intentionem
713 2021 799 2065 qua
820 2004 915 2050 illas
934 2006 1044 2064 ipsas
1077 2006 1285 2063 imagines
1316 2005 1577 2062 formabam,

189 2093 280 2121 non
299 2092 388 2122 esse
409 2076 493 2121 tale
516 2075 706 2136 aliquid,
731 2092 830 2135 quae
846 2085 991 2119 tamen
1010 2077 1121 2135 ipsas
1142 2092 1231 2121 non
1250 2076 1473 2133 formaret,
1497 2078 1579 2122 nisi

190 2157 300 2192 esset
316 2163 525 2207 magnum
541 2146 720 2207 aliquid.
742 2151 805 2190 Ita
820 2147 948 2190 etiam
967 2156 1008 2190 te
1025 2149 1112 2191 vita
1129 2148 1230 2192 vitae
1245 2163 1354 2193 meae
1374 2149 1579 2207 grandem

191 2234 268 2278 per
299 2219 465 2262 infinita
508 2219 644 2277 spatia
681 2216 878 2277 undique
909 2218 1153 2275 cogitabam
1185 2227 1411 2276 penetrare
1445 2228 1579 2263 totam

192 2288 346 2332 mundi
368 2288 550 2344 molem,
577 2297 619 2332 et
640 2297 759 2331 extra
782 2302 876 2331 eam
895 2303 1245 2347 quaquaversum
1271 2303 1346 2346 per
1367 2289 1578 2333 immensa

193 2360 284 2404 sine
308 2360 511 2414 termino,
533 2368 581 2403 ut
602 2359 778 2402 haberet
801 2367 843 2401 te
864 2367 995 2412 terra,
1018 2358 1200 2401 haberet
1223 2358 1384 2402 coelum
1401 2393 1412 2413 ,
1441 2359 1578 2403 habe-

194 2440 290 2474 rent
321 2430 487 2484 omnia,
514 2438 556 2473 et
577 2429 650 2472 illa
672 2429 901 2472 finirentur
927 2428 972 2471 in
997 2438 1062 2482 te,
1088 2437 1136 2471 tu
1167 2438 1310 2472 autem
1345 2445 1574 2489 nusquam.

198 2501 316 2546 Sicut
329 2509 472 2545 autem
492 2499 575 2544 luci
593 2499 692 2544 solis
714 2514 803 2544 non
814 2498 1040 2544 obsisteret
1057 2513 1214 2558 corpus
1232 2499 1338 2544 aeris
1357 2500 1485 2560 hujus
1503 2511 1578 2559 qui
