1871 3162
241 234 323 272 192
677 242 710 270 s.
745 241 976 272 Auousrim
1009 242 1188 270 EPISCOPI

241 416 415 433 mmmm
422 415 768 433 mvwmmm
773 411 1616 431 mmm-mmmmmmmwwumfflm

743 547 959 599 CAPUT
987 512 1089 596 XI.

413 707 568 753 Laeta
595 708 787 767 spiritus
816 716 862 751 et
888 706 1051 751 carnis
1078 706 1127 749 in
1154 705 1442 766 Augustino.

297 867 437 910 XXV.
462 867 530 910 S1c
550 865 840 924 aegrotabam,
860 873 904 909 et
925 864 1202 908 excruciabar
1223 877 1426 907 accusans
1440 868 1624 904 memet—

238 937 378 995 ipsum
401 936 526 980 solito
548 936 745 980 acerbius
765 936 913 991 nimis,
936 951 984 980 ac
1004 935 1183 981 volvens
1217 944 1260 978 et
1288 948 1460 979 versans
1488 947 1558 977 me
1579 932 1625 976 in

239 1005 415 1050 vinculo
436 1021 534 1050 meo
552 1039 562 1060 ‚
585 1005 725 1050 donec
747 1005 1081 1064 abrumperetur
1102 1013 1245 1049 totum
1260 1020 1349 1063 quo
1362 1006 1449 1063 jam
1471 1004 1626 1062 exiguo

240 1077 434 1131 tenebar,
449 1074 524 1119 sed
538 1075 718 1119 tenebar
733 1084 892 1119 tamen.
910 1078 965 1119 Et
979 1075 1168 1120 instabas
1183 1075 1289 1119 tuin
1305 1073 1484 1119 occultis
1502 1073 1622 1128 meis,

239 1149 439 1202 Domine,
454 1162 599 1192 severa
614 1146 924 1200 misericordia,
942 1146 1111 1205 flagella
1122 1146 1392 1204 ingeminans
1408 1145 1571 1189 timoris
1584 1152 1627 1188 et

242 1219 438 1279 pudoris,
455 1234 511 1262 ne
528 1234 676 1262 rursus
687 1233 911 1273 cessarem,
930 1228 973 1262 et
985 1234 1073 1262 non
1092 1218 1423 1277 abrumperetur
1437 1215 1625 1275 idipsum

241 1290 443 1347 exiguum
459 1298 503 1332 et
515 1298 647 1333 tenue
662 1289 782 1349 quod
795 1298 1058 1332 remanserat
1075 1309 1085 1345 3
1103 1297 1145 1332 et
1158 1286 1623 1338 revalesceretiterum,

241 1369 286 1404 et
312 1375 383 1405 ane
408 1360 629 1404 robustius
660 1358 868 1418 alligaret.
897 1358 1103 1403 Dicebam
1123 1358 1238 1401 enim
1254 1357 1368 1416 apud
1384 1372 1454 1400 me
1481 1357 1623 1400 intus:

241 1432 354 1474 Ecce
386 1430 518 1474 modo
542 1430 643 1485 fiat,
680 1430 813 1474 modo
836 1430 926 1474 fiat.
953 1432 1010 1474 Et
1038 1445 1136 1473 cum
1159 1429 1294 1473 verbo
1309 1429 1399 1487 jam
1428 1427 1543 1470 ibam
1582 1426 1628 1468 in

241 1500 468 1560 placitum.
484 1504 508 1545 J
511 1517 578 1545 am
592 1516 703 1560 pene
713 1500 942 1555 faciebam,
957 1509 999 1543 et
1012 1515 1099 1543 non
1115 1498 1327 1542 faciebam
1345 1517 1352 1542 :
1367 1513 1447 1542 nec
1463 1496 1627 1541 relabe—

242 1572 322 1615 bar
344 1581 490 1616 tamen
508 1572 554 1615 in
574 1571 771 1629 pristina,
791 1570 867 1614 sed
884 1569 938 1613 de
954 1570 1152 1628 proximo
1174 1568 1341 1613 stabam
1354 1603 1364 1623 ,
1383 1578 1426 1612 et
1444 1568 1626 1627 respira-

244 1641 362 1685 bam.
382 1644 439 1685 Et
460 1642 564 1685 item
585 1640 796 1698 conabar,
822 1649 864 1683 et
881 1639 1012 1699 paulo
1033 1640 1176 1684 minus
1194 1640 1255 1683 ibi
1279 1655 1411 1694 eram,
1439 1648 1480 1682 et
1497 1639 1628 1698 paulo

244 1713 389 1756 minus
398 1713 665 1771 jamjamque
681 1711 946 1769 attingebam
964 1721 1007 1755 et
1022 1711 1220 1755 tenebam
1234 1732 1244 1769 3
1260 1720 1302 1754 et
1315 1726 1403 1754 non
1421 1710 1478 1753 ibi
1492 1725 1624 1765 eram,

243 1798 323 1826 nec
347 1782 638 1840 attingebam,
674 1797 753 1826 nec
775 1782 1000 1836 tenebam,
1033 1782 1234 1826 haesitans
1270 1782 1378 1825 mori
1405 1781 1559 1835 morti,
1586 1789 1629 1823 et

242 1854 343 1898 vitae
358 1853 501 1897 vivere
517 1874 528 1910 3
548 1853 734 1913 plusque
747 1854 791 1896 in
810 1868 877 1896 me
889 1852 1062 1897 valebat
1075 1851 1262 1896 deterius
1278 1852 1479 1895 inolitum
1498 1866 1629 1910 quam

246 1923 399 1967 melius
420 1923 641 1967 insolitum
667 1943 676 1967 ;
697 1932 999 1983 punctumque
1016 1923 1159 1982 ipsum
1182 1924 1385 1981 temporis
1402 1938 1490 1981 quo
1511 1920 1627 1965 aliud

243 1993 419 2038 futurus
450 2009 592 2049 eram,
624 2003 791 2054 quanto
812 1994 988 2053 propius
1022 1993 1357 2047 admovebatur,
1388 2001 1508 2036 tanto
1537 2007 1626 2035 am-
1655 2004 1658 2007 ·

248 2065 434 2124 pliorem
456 2065 698 2109 incutiebat
730 2065 953 2109 horrorem
975 2085 985 2122 3
1015 2063 1089 2108 sed
1112 2079 1200 2108 non
1229 2064 1467 2108 recutiebat
1494 2071 1625 2117 retro,

245 2150 326 2179 nec
348 2135 582 2190 avertebat,
605 2134 681 2179 sed
702 2135 1008 2194 suspendebat.

303 2208 465 2250 XXVI.
492 2206 758 2249 Retinebant
788 2220 913 2264 nugae
936 2220 1147 2264 nugarum
1167 2240 1177 2260 ,
1210 2214 1252 2247 et
1273 2205 1483 2248 vanitates
1504 2205 1628 2248 vani-

248 2285 388 2321 tatum
438 2277 630 2336 antiquae
674 2277 821 2320 amicae
862 2291 998 2333 meae3
1042 2285 1082 2318 et
1123 2276 1420 2319 succutiebant
1465 2283 1626 2318 vestem

249 2363 388 2391 meam
412 2363 628 2403 carneam,
649 2357 691 2391 et
711 2347 1147 2391 submurmurabant:
1165 2346 1434 2390 Dimittis-ne
1458 2362 1561 2403 nos3
1587 2355 1630 2390 et

249 2434 269 2461 a
293 2427 517 2463 momento
540 2418 620 2462 isto
653 2433 742 2462 non
763 2418 920 2462 erimus
943 2428 1088 2462 tecum
1121 2417 1233 2461 ultra
1255 2417 1301 2460 in
1319 2426 1527 2460 aeternum
1542 2452 1552 2471 ‚
1587 2427 1630 2460 et

249 2499 513 2534 amomento
541 2490 623 2534 isto
654 2505 743 2534 non
776 2490 856 2533 tibi
888 2489 1035 2533 licebit
1070 2489 1152 2533 hoc
1194 2497 1235 2531 et
1268 2487 1405 2541 illud,
1444 2487 1557 2531 ultra
1585 2488 1628 2531 in

250 2563 491 2605 aeternum?
513 2564 569 2606 Et
591 2577 688 2621 quae
711 2561 998 2620 suggerebant
1027 2560 1070 2604 in
1099 2574 1147 2604 eo
1177 2558 1295 2619 quod
1330 2557 1437 2612 dixi,
1473 2559 1555 2603 hoc
1588 2567 1630 2603 ct
