1871 3162
566 238 914 278 CONFESSIONUM,
945 240 1028 268 Lus.
1065 240 1142 266 vn.
1449 229 1529 268 157

156 318 254 360 me3
280 313 323 349 et
353 320 433 363 ego
467 304 666 361 inferior,
691 307 794 366 quia
824 305 964 350 factus
999 320 1095 349 sum
1128 303 1183 348 ab
1219 318 1282 347 ea.
1309 304 1393 357 Qui
1413 306 1534 349 novit

154 374 403 429 veritatem,
432 375 556 419 novit
592 391 686 419 eam
711 395 720 421 ε
751 385 795 420 et
829 377 906 436 qui
942 375 1064 420 novit
1095 389 1216 428 eam,
1246 374 1369 419 novit
1406 383 1534 418 aeter-

152 443 348 488 nitatem.
386 444 582 490 Charitas
603 446 724 490 novit
756 461 867 490 eam.
898 447 936 489 O
964 455 1126 490 aeterna
1160 443 1336 499 veritas,
1369 452 1412 488 et
1433 459 1536 488 vera

152 515 336 561 charitas
358 551 369 572 ,
416 526 459 561 et
495 517 626 562 chara
658 517 889 561 aeternitas,
934 519 1001 560 Tu
1038 531 1081 560 es
1114 518 1229 559 Deus
1262 528 1399 558 meus.
1439 513 1536 557 Tibi

151 587 319 645 suspiro
352 587 423 631 die
452 602 500 632 ac
531 597 675 633 nocte.
715 591 772 632 Et
807 602 908 631 cum
932 595 974 631 te
1013 587 1204 646 primum
1237 585 1450 644 cognovi,
1485 592 1536 627 tu

152 657 415 716 assumpsisti
439 673 508 702 me
531 668 581 703 ut
601 658 795 704 viderem
829 673 917 702 esse
947 657 1067 717 quod
1101 657 1322 711 viderem,
1346 665 1389 699 et
1419 669 1536 699 non—

153 727 259 770 dum
295 743 366 772 me
404 743 493 772 esse
529 730 606 789 qui
643 728 851 773 viderem.
892 731 950 772 Et
987 726 1269 772 reverberasti
1306 725 1537 769 infirmita-

153 807 241 842 tem
272 808 468 858 aspectus
489 799 601 855 mei,
639 799 809 844 radians
844 799 889 843 in
924 814 993 843 me
1019 799 1320 852 vehementer,
1357 806 1401 841 et
1432 811 1538 841 con-

154 870 312 913 tremui
332 886 477 915 amore
499 880 542 915 et
568 872 748 916 horrore
764 906 775 927 ,
800 880 844 915 et
870 870 1017 915 inveni
1033 869 1162 927 longe
1183 884 1253 913 me
1273 883 1362 912 esse
1385 883 1409 912 a
1433 876 1476 911 te
1492 867 1539 910 in

152 940 327 999 regione
362 940 722 985 dissimilitudinis
736 976 748 996 ‚
789 950 1000 1001 tanquam
1022 939 1218 984 audirem
1239 953 1393 984 vocem
1416 946 1538 981 tuam

153 1011 208 1054 de
230 1010 395 1055 excelso
416 1030 425 1055 :
450 1011 586 1056 Cibus
606 1026 700 1055 sum
726 1011 984 1070 grandium3
1015 1025 1157 1054 cresce
1189 1018 1232 1052 et
1253 1007 1539 1053 manducabis

152 1095 238 1124 me.
264 1083 351 1126 Nec
369 1090 418 1125 tu
438 1096 509 1125 me
527 1082 574 1125 in
595 1091 638 1126 te
659 1081 850 1125 mutabis
872 1081 982 1124 sicut
1000 1081 1149 1124 cibum
1171 1079 1309 1123 carnis
1326 1087 1438 1131 tuae,
1463 1076 1539 1120 sed

154 1158 203 1193 tu
229 1151 463 1194 mutaberis
490 1151 537 1193 in
558 1165 642 1194 me.
668 1153 725 1194 Et
758 1150 944 1208 cognovi
966 1149 1176 1209 quoniam
1198 1163 1277 1207 pro
1309 1146 1538 1206 iniquitate
1599 1150 1603 1178 ἴ

151 1219 332 1264 erudisti
353 1221 598 1276 hominem,
624 1230 667 1265 et
689 1221 908 1265 tabescere
925 1219 1063 1264 fecisti
1082 1220 1196 1263 sicut
1217 1233 1421 1262 araneam
1445 1217 1539 1261 ani-

152 1306 267 1335 mam
289 1295 457 1336 meam¹
478 1313 489 1349 3
522 1301 565 1336 et
593 1291 682 1335 dixi
710 1311 720 1337 ι
745 1291 972 1350 Numquid
994 1290 1104 1334 nihil
1127 1299 1190 1334 est
1218 1290 1374 1334 veritas
1390 1323 1401 1343 ‚
1426 1303 1537 1348 quo-

152 1362 270 1405 niam
289 1378 432 1422 neque
453 1378 530 1421 per
552 1362 673 1406 finita
690 1397 700 1416 ‚
725 1377 867 1422 neque
887 1377 962 1420 per
984 1361 1155 1405 infinita
1182 1359 1382 1404 locorum
1403 1358 1539 1418 spatia

153 1431 310 1477 diffusa
334 1434 427 1476 est?
454 1435 511 1476 Et
532 1432 727 1476 clamasti
749 1431 803 1475 de
840 1431 1082 1491 longinquo
1105 1450 1113 1475 :
1148 1433 1369 1487 Imovero3
1397 1447 1418 1471 «
1443 1431 1538 1487 Ego

155 1519 176 1542 »
211 1517 306 1545 sum
327 1502 404 1561 qui
432 1517 526 1545 sum
540 1505 572 1545 2.
596 1520 615 1543 »
642 1504 698 1545 Et
721 1501 867 1545 audivi
895 1502 1007 1545 sicut
1026 1501 1201 1544 auditur
1231 1501 1275 1544 in
1309 1499 1470 1556 corde3
1495 1507 1538 1542 et

153 1588 242 1617 non
263 1582 354 1617 erat
376 1588 547 1632 prorsus
569 1572 687 1616 unde
708 1571 959 1616 dubitarem
978 1592 989 1629 3
1013 1570 1270 1631 faciliusque
1290 1570 1538 1614 dubitarem

153 1645 296 1689 vivere
328 1659 424 1700 me,
460 1660 592 1705 quam
625 1659 714 1688 non
742 1659 830 1688 esse
863 1644 1089 1687 veritatem
1122 1658 1220 1703 quae
1249 1657 1326 1702 per
1361 1656 1411 1685 ea
1433 1655 1534 1700 quae

153 1716 266 1761 iacta
288 1726 390 1761 sunt
407 1716 627 1761 intellecta
645 1715 910 1775 conspicitur
925 1717 957 1758 3.

199 1827 212 1844 ¹
225 1825 305 1858 Psal.
322 1836 454 1866 xxxvm,
478 1834 527 1858 12.
553 1842 596 1849 —
611 1832 624 1848 2
639 1824 737 1857 Exod.
754 1835 802 1866 ιιι,
827 1823 878 1866 14.
899 1841 938 1848 -
961 1822 975 1848 3
994 1827 1086 1858 Rom.
1106 1835 1130 1866 1,
1146 1832 1200 1856 20.
