1871 3162
261 228 345 268 570
868 240 1016 267 mnnx.

561 305 701 339 Christus
724 305 848 338 Novum
871 306 1111 338 Testamentum
1133 305 1335 347 sempiternae
1351 305 1544 340 haereditatis

560 361 762 395 manifestans
777 386 787 403 ,
816 365 947 395 terrena
969 365 1182 395 contemnere
1205 361 1354 406 exemplo
1376 363 1486 397 docet.
1507 379 1550 386 -—

559 417 711 450 Nativitas
728 418 809 458 ejus,
829 417 898 450 vita
914 422 949 450 et
963 427 1059 450 morS.
1455 429 1535 461 pag.
1574 420 1639 453 532

282 472 383 505 Cum·
400 481 490 506 xxm.
516 473 650 516 Spiritus
677 477 802 506 sanctus
819 473 871 506 die
897 473 1154 516 quinquagesimo
1185 478 1257 517 post
1282 474 1550 507 resurrectionem

557 528 674 562 Christi
691 529 811 561 missus.
821 531 888 561 —J
892 529 971 562 udaei
986 530 1208 573 praedicatione
1225 530 1451 573 Apostolorum
1464 541 1552 563 con-

557 585 663 628 versi,
686 585 762 618 vitae
787 586 983 628 evangelicae
1009 587 1116 620 studio
1133 587 1322 630 flagrantes.
1340 604 1383 611 —
1401 586 1552 620 Ecclesiae

559 641 645 682 apud
667 646 776 684 gentes
796 653 854 685 per
868 642 999 676 Paulum
1012 644 1208 677 constitutae.
1578 643 1642 675 534

407 705 493 729 mv.
518 696 661 729 Ecclesia
687 698 778 735 quasi
804 698 877 726 vitis
905 697 1058 735 pullulat,
1084 697 1119 727 et
1144 698 1288 736 putatur.
1307 711 1350 718 —
1366 697 1413 727 Ex
1428 693 1468 727 iis
1487 705 1555 737 quae

559 751 707 784 videntur
724 747 872 792 impleta,
899 749 1071 782 credantur
1089 750 1245 792 praedicta
1261 761 1331 794 quae
1350 755 1471 783 restant
1488 750 1555 783 im-

559 804 695 847 plenda,
717 804 896 847 praesertim
913 804 1067 846 judicium
1083 805 1241 840 futurum.
1578 808 1642 840 537

417 870 488 893 xxv.
515 858 606 893 Fides
623 860 867 893 resurrectionis
888 861 1052 893 suadetur.
1075 877 1115 894 —.
1132 863 1225 895 Mors
1249 866 1405 904 perpetua
1430 862 1463 894 in
1480 866 1553 894 tor-

558 917 686 949 mentis.
706 933 750 941 —
771 917 844 949 Vita
860 921 979 950 aeterna
1003 921 1199 950 sanctorum.
1224 934 1266 941 —
1288 919 1471 951 Cavendum
1489 929 1552 950 non

557 974 685 1004 tantum
706 982 726 1004 a
749 971 898 1013 paganis,
924 974 942 1003 J
946 972 1053 1014 udaess,
1079 976 1114 1005 et
1135 972 1309 1013 haereticis,
1338 974 1393 1006 sed
1412 972 1508 1005 etiam
1533 984 1552 1005 a

558 1026 647 1059 malis
663 1026 862 1060 Christianis.
873 1043 915 1050 —
925 1027 1068 1061 Societas
1083 1027 1125 1060 sit
1141 1038 1215 1061 cum
1227 1028 1318 1061 bonis
1335 1041 1343 1061 ι
1361 1039 1423 1061 non
1442 1033 1553 1061 tamen

559 1093 631 1124 spes
643 1082 678 1114 in
693 1083 768 1124 ipsis
785 1087 935 1126 ponatur.
1577 1085 1640 1117 539

397 1146 485 1171 xxvr.
511 1136 654 1171 Initiatio
669 1138 909 1179 catechumeni,
927 1149 1000 1171 cum
1019 1138 1216 1181 expositione
1231 1139 1402 1182 signorum.
1416 1139 1543 1172 —Ser—

555 1203 608 1226 mo
628 1194 820 1238 quandoque
841 1194 972 1226 brevior
991 1194 1202 1228 adhibendus.
1232 1212 1274 1219 —
1297 1194 1415 1238 Incipit
1446 1205 1550 1227 sermo

557 1247 636 1282 alius
650 1249 793 1282 brevior.
803 1266 845 1274 —
858 1249 953 1283 Filius
965 1251 1023 1283 Dei
1038 1251 1164 1292 missus,
1183 1255 1219 1284 ut
1234 1261 1254 1285 a
1273 1255 1392 1293 morte,
1411 1262 1480 1294 quae
1493 1260 1552 1293 per

555 1305 713 1339 Adamum
736 1307 885 1348 intravit,
906 1307 1131 1341 liberaremur.
1576 1309 1639 1339 543

371 1370 484 1394 xxvm.
510 1362 697 1404 prophetias
714 1364 840 1396 Veteris
856 1364 1052 1397 Testamenti
1071 1364 1218 1407 impletas
1236 1363 1326 1397 cerni
1343 1363 1375 1395 in
1388 1362 1544 1396 Ecclesia.

559 1435 601 1441 —-
619 1418 701 1451 Hinc
718 1419 842 1452 firmata
857 1420 933 1452 fides
950 1432 1060 1454 eorum
1077 1433 1146 1464 quae
1159 1424 1298 1453 ventura
1313 1424 1450 1460 restant,
1464 1418 1551 1460 judi-

556 1474 600 1507 cii
619 1474 723 1507 ultimi
744 1480 778 1508 et
799 1477 1053 1510 resurrectionis.
1077 1495 1119 1500 —
1135 1478 1293 1511 Cavendae
1314 1476 1507 1508 tentationes
1530 1484 1549 1506 a

557 1528 647 1562 malis
666 1530 765 1563 etiam
780 1530 814 1563 in
842 1531 985 1565 Ecclesia
1002 1533 1151 1575 repertis.
1172 1547 1214 1555 ·-
1231 1531 1376 1564 Societas
1393 1539 1466 1562 cum
1483 1529 1548 1561 bo-

557 1584 617 1618 nis.
638 1602 681 1609 —
693 1588 774 1629 Spes
789 1588 890 1621 omnis
905 1588 938 1621 in
954 1590 1033 1621 Deo.
1572 1586 1636 1618 545

247 1672 493 1704 Annonnouzs.
1571 1677 1635 1707 549

764 2110 950 2145 EXPLICIT
972 2111 1110 2145 INDEX.
