<?xml version="1.0" encoding="UTF-8"?>
<!DOCTYPE html PUBLIC "-//W3C//DTD XHTML 1.0 Transitional//EN"
    "http://www.w3.org/TR/xhtml1/DTD/xhtml1-transitional.dtd">
<html xmlns="http://www.w3.org/1999/xhtml" xml:lang="en" lang="en">
 <head>
  <title>
</title>
<meta http-equiv="Content-Type" content="text/html;charset=utf-8" />
  <meta name='ocr-system' content='tesseract 3.04.00' />
  <meta name='ocr-capabilities' content='ocr_page ocr_carea ocr_par ocr_line ocrx_word'/>
</head>
<body>
  <div class='ocr_page' id='page_1' title='image "./operaomniaaccura25auguuoft_0510.png"; bbox 0 0 1871 3162; ppageno 0'>
   <div class='ocr_carea' id='block_1_1' title="bbox 343 239 1246 280">
    <p class='ocr_par' dir='ltr' id='par_1_1' title="bbox 343 239 1246 280">
     <span class='ocr_line' id='line_1_1' title="bbox 343 239 1246 280; baseline 0.002 -3"><span class='ocrx_word' id='word_1_1' title='bbox 343 239 428 278; x_wconf 76' lang='lat'>496</span> <span class='ocrx_word' id='word_1_2' title='bbox 725 251 756 278; x_wconf 82' lang='lat' dir='ltr'>s.</span> <span class='ocrx_word' id='word_1_3' title='bbox 805 251 887 279; x_wconf 69' lang='lat' dir='ltr'>Aac</span> <span class='ocrx_word' id='word_1_4' title='bbox 897 254 1034 280; x_wconf 68' lang='lat' dir='ltr'>uaa‘ffli</span> <span class='ocrx_word' id='word_1_5' title='bbox 1067 253 1246 280; x_wconf 73' lang='lat' dir='ltr'><strong>EPJSCOPI</strong></span> 
     </span>
    </p>
   </div>
   <div class='ocr_carea' id='block_1_2' title="bbox 337 316 1786 378">
    <p class='ocr_par' dir='ltr' id='par_1_2' title="bbox 337 316 1786 378">
     <span class='ocr_line' id='line_1_2' title="bbox 337 316 1786 378; baseline 0 -17"><span class='ocrx_word' id='word_1_6' title='bbox 337 317 542 361; x_wconf 88' lang='lat' dir='ltr'>amicum.</span> <span class='ocrx_word' id='word_1_7' title='bbox 555 316 634 361; x_wconf 83' lang='lat' dir='ltr'>Hic</span> <span class='ocrx_word' id='word_1_8' title='bbox 647 318 738 378; x_wconf 90' lang='lat' dir='ltr'>jam</span> <span class='ocrx_word' id='word_1_9' title='bbox 760 334 849 362; x_wconf 91' lang='lat' dir='ltr'>non</span> <span class='ocrx_word' id='word_1_10' title='bbox 864 327 907 362; x_wconf 86' lang='lat' dir='ltr'>te</span> <span class='ocrx_word' id='word_1_11' title='bbox 921 327 1028 377; x_wconf 91' lang='lat' dir='ltr'>puto</span> <span class='ocrx_word' id='word_1_12' title='bbox 1043 327 1310 378; x_wconf 85' lang='lat' dir='ltr'>praeceptore</span> <span class='ocrx_word' id='word_1_13' title='bbox 1326 317 1538 377; x_wconf 83' lang='lat' dir='ltr'>indigere,</span> <span class='ocrx_word' id='word_1_14' title='bbox 1556 327 1605 362; x_wconf 91' lang='lat' dir='ltr'>ut</span> <span class='ocrx_word' id='word_1_15' title='bbox 1617 333 1719 361; x_wconf 90' lang='lat' dir='ltr'>cum</span> <span class='ocrx_word' id='word_1_16' title='bbox 1781 331 1786 337; x_wconf 65' lang='grc'><em>”</em></span> 
     </span>
    </p>
   </div>
   <div class='ocr_carea' id='block_1_3' title="bbox 328 389 1720 658">
    <p class='ocr_par' dir='ltr' id='par_1_3' title="bbox 328 389 1720 658">
     <span class='ocr_line' id='line_1_3' title="bbox 335 389 1720 449; baseline -0.001 -16"><span class='ocrx_word' id='word_1_17' title='bbox 335 397 547 447; x_wconf 86' lang='lat' dir='ltr'>occupata</span> <span class='ocrx_word' id='word_1_18' title='bbox 579 399 682 433; x_wconf 90' lang='lat' dir='ltr'>sunt</span> <span class='ocrx_word' id='word_1_19' title='bbox 709 398 905 448; x_wconf 89' lang='lat' dir='ltr'>tempora</span> <span class='ocrx_word' id='word_1_20' title='bbox 923 424 934 444; x_wconf 84' lang='lat'>,</span> <span class='ocrx_word' id='word_1_21' title='bbox 973 389 1042 434; x_wconf 87' lang='lat' dir='ltr'>vel</span> <span class='ocrx_word' id='word_1_22' title='bbox 1074 399 1175 445; x_wconf 86' lang='lat' dir='ltr'>tua,</span> <span class='ocrx_word' id='word_1_23' title='bbox 1210 389 1280 434; x_wconf 89' lang='lat' dir='ltr'>vel</span> <span class='ocrx_word' id='word_1_24' title='bbox 1303 403 1455 434; x_wconf 87' lang='lat' dir='ltr'>eorum</span> <span class='ocrx_word' id='word_1_25' title='bbox 1477 389 1554 449; x_wconf 90' lang='lat' dir='ltr'>qui</span> <span class='ocrx_word' id='word_1_26' title='bbox 1579 398 1619 433; x_wconf 90' lang='lat' dir='ltr'>te</span> <span class='ocrx_word' id='word_1_27' title='bbox 1641 404 1720 432; x_wconf 90' lang='lat' dir='ltr'>au-</span> 
     </span>
     <span class='ocr_line' id='line_1_4' title="bbox 333 458 1718 518; baseline 0 -16"><span class='ocrx_word' id='word_1_28' title='bbox 333 458 486 514; x_wconf 86' lang='lat' dir='ltr'>diunt,</span> <span class='ocrx_word' id='word_1_29' title='bbox 527 459 716 503; x_wconf 87' lang='lat' dir='ltr'>breviter</span> <span class='ocrx_word' id='word_1_30' title='bbox 753 475 881 517; x_wconf 70' lang='lat' dir='ltr'>agas,</span> <span class='ocrx_word' id='word_1_31' title='bbox 905 474 1006 503; x_wconf 93' lang='lat' dir='ltr'>cum</span> <span class='ocrx_word' id='word_1_32' title='bbox 1029 469 1175 504; x_wconf 85' lang='lat' dir='ltr'>autem</span> <span class='ocrx_word' id='word_1_33' title='bbox 1203 459 1408 518; x_wconf 84' lang='lat' dir='ltr'>largiora,</span> <span class='ocrx_word' id='word_1_34' title='bbox 1434 459 1596 517; x_wconf 82' lang='lat' dir='ltr'>largius</span> <span class='ocrx_word' id='word_1_35' title='bbox 1625 458 1718 502; x_wconf 91' lang='lat' dir='ltr'>elo-</span> 
     </span>
     <span class='ocr_line' id='line_1_5' title="bbox 328 529 1718 589; baseline 0 -17"><span class='ocrx_word' id='word_1_36' title='bbox 328 529 473 588; x_wconf 87' lang='lat' dir='ltr'>quaris</span> <span class='ocrx_word' id='word_1_37' title='bbox 495 548 503 574; x_wconf 92' lang='lat'>:</span> <span class='ocrx_word' id='word_1_38' title='bbox 528 530 612 575; x_wconf 92' lang='lat' dir='ltr'>hoc</span> <span class='ocrx_word' id='word_1_39' title='bbox 642 530 758 574; x_wconf 87' lang='lat' dir='ltr'>enim</span> <span class='ocrx_word' id='word_1_40' title='bbox 782 529 905 574; x_wconf 84' lang='lat' dir='ltr'>nullo</span> <span class='ocrx_word' id='word_1_41' title='bbox 934 529 1198 575; x_wconf 83' lang='lat' dir='ltr'><strong>admonente</strong></span> <span class='ocrx_word' id='word_1_42' title='bbox 1223 531 1314 589; x_wconf 87' lang='lat' dir='ltr'>ipsa</span> <span class='ocrx_word' id='word_1_43' title='bbox 1349 530 1578 574; x_wconf 71' lang='lat' dir='ltr'>necessitas</span> <span class='ocrx_word' id='word_1_44' title='bbox 1601 544 1718 588; x_wconf 84' lang='lat' dir='ltr'>prae-</span> 
     </span>
     <span class='ocr_line' id='line_1_6' title="bbox 332 608 455 658; baseline 0.008 -16"><span class='ocrx_word' id='word_1_45' title='bbox 332 608 455 658; x_wconf 86' lang='lat' dir='ltr'>clplt.</span> 
     </span>
    </p>
   </div>
   <div class='ocr_carea' id='block_1_4' title="bbox 333 777 1719 800">
    <p class='ocr_par' dir='ltr' id='par_1_4' title="bbox 333 777 1719 800">
     <span class='ocr_line' id='line_1_7' title="bbox 333 777 1719 800; baseline 0.005 -7"><span class='ocrx_word' id='word_1_46' title='bbox 333 778 402 794; x_wconf 64' lang='lat' dir='ltr'>m</span> <span class='ocrx_word' id='word_1_47' title='bbox 406 777 474 794; x_wconf 62' lang='lat' dir='ltr'>WU</span> <span class='ocrx_word' id='word_1_48' title='bbox 478 778 974 798; x_wconf 61' lang='lat' dir='ltr'>mmmmmum</span> <span class='ocrx_word' id='word_1_49' title='bbox 978 782 1719 800; x_wconf 60' lang='lat' dir='ltr'>mmmmmmmmmmmmmm</span> 
     </span>
    </p>
   </div>
   <div class='ocr_carea' id='block_1_5' title="bbox 612 902 1442 1116">
    <p class='ocr_par' dir='ltr' id='par_1_5' title="bbox 612 902 1442 1116">
     <span class='ocr_line' id='line_1_8' title="bbox 828 902 1228 952; baseline 0 -1"><span class='ocrx_word' id='word_1_50' title='bbox 828 902 1044 951; x_wconf 76' lang='lat' dir='ltr'><strong>CAPUT</strong></span> <span class='ocrx_word' id='word_1_51' title='bbox 1089 906 1228 952; x_wconf 82' lang='lat' dir='ltr'>Vlll.</span> 
     </span>
     <span class='ocr_line' id='line_1_9' title="bbox 612 1055 1442 1116; baseline 0.001 -14"><span class='ocrx_word' id='word_1_52' title='bbox 612 1056 663 1102; x_wconf 91' lang='lat' dir='ltr'><em>E</em></span> <span class='ocrx_word' id='word_1_53' title='bbox 665 1055 813 1102; x_wconf 70' lang='lat' dir='ltr'>rudici</span> <span class='ocrx_word' id='word_1_54' title='bbox 831 1056 1069 1116; x_wconf 74' lang='lat' dir='ltr'>quomodo</span> <span class='ocrx_word' id='word_1_55' title='bbox 1091 1056 1442 1104; x_wconf 64' lang='lat' dir='ltr'>catechizandi.</span> 
     </span>
    </p>
   </div>
   <div class='ocr_carea' id='block_1_6' title="bbox 319 1217 1720 2624">
    <p class='ocr_par' dir='ltr' id='par_1_6' title="bbox 319 1217 1720 2624">
     <span class='ocr_line' id='line_1_10' title="bbox 389 1217 1720 1280; baseline 0.001 -19"><span class='ocrx_word' id='word_1_56' title='bbox 389 1219 491 1262; x_wconf 92' lang='lat' dir='ltr'>XII.</span> <span class='ocrx_word' id='word_1_57' title='bbox 523 1220 607 1263; x_wconf 72' lang='lat' dir='ltr'>San</span> <span class='ocrx_word' id='word_1_58' title='bbox 636 1217 747 1263; x_wconf 91' lang='lat' dir='ltr'>illud</span> <span class='ocrx_word' id='word_1_59' title='bbox 767 1218 898 1278; x_wconf 87' lang='lat' dir='ltr'>plane</span> <span class='ocrx_word' id='word_1_60' title='bbox 920 1235 1010 1264; x_wconf 92' lang='lat' dir='ltr'>non</span> <span class='ocrx_word' id='word_1_61' title='bbox 1041 1219 1396 1280; x_wconf 81' lang='lat' dir='ltr'>praetereundum</span> <span class='ocrx_word' id='word_1_62' title='bbox 1420 1229 1510 1276; x_wconf 88' lang='lat' dir='ltr'>est,</span> <span class='ocrx_word' id='word_1_63' title='bbox 1535 1230 1584 1264; x_wconf 90' lang='lat' dir='ltr'>ut</span> <span class='ocrx_word' id='word_1_64' title='bbox 1603 1219 1637 1263; x_wconf 89' lang='lat' dir='ltr'>si</span> <span class='ocrx_word' id='word_1_65' title='bbox 1665 1217 1720 1264; x_wconf 87' lang='lat' dir='ltr'>ad</span> 
     </span>
     <span class='ocr_line' id='line_1_11' title="bbox 332 1288 1720 1350; baseline 0.001 -17"><span class='ocrx_word' id='word_1_66' title='bbox 332 1297 373 1333; x_wconf 87' lang='lat' dir='ltr'>te</span> <span class='ocrx_word' id='word_1_67' title='bbox 399 1288 634 1350; x_wconf 87' lang='lat' dir='ltr'>quisquam</span> <span class='ocrx_word' id='word_1_68' title='bbox 669 1290 1002 1335; x_wconf 81' lang='lat' dir='ltr'>catechizandus</span> <span class='ocrx_word' id='word_1_69' title='bbox 1024 1291 1190 1335; x_wconf 88' lang='lat' dir='ltr'>venerit</span> <span class='ocrx_word' id='word_1_70' title='bbox 1219 1290 1474 1334; x_wconf 86' lang='lat' dir='ltr'>liberalibus</span> <span class='ocrx_word' id='word_1_71' title='bbox 1512 1289 1720 1335; x_wconf 83' lang='lat' dir='ltr'>doctrinis</span> 
     </span>
     <span class='ocr_line' id='line_1_12' title="bbox 329 1359 1720 1421; baseline 0.002 -18"><span class='ocrx_word' id='word_1_72' title='bbox 329 1359 548 1415; x_wconf 81' lang='lat' dir='ltr'>excultus,</span> <span class='ocrx_word' id='word_1_73' title='bbox 585 1361 661 1421; x_wconf 91' lang='lat' dir='ltr'>qui</span> <span class='ocrx_word' id='word_1_74' title='bbox 693 1362 784 1421; x_wconf 85' lang='lat' dir='ltr'>jam</span> <span class='ocrx_word' id='word_1_75' title='bbox 820 1361 1061 1405; x_wconf 81' lang='lat' dir='ltr'>decreverit</span> <span class='ocrx_word' id='word_1_76' title='bbox 1093 1376 1182 1405; x_wconf 87' lang='lat' dir='ltr'>esse</span> <span class='ocrx_word' id='word_1_77' title='bbox 1215 1361 1510 1416; x_wconf 84' lang='lat' dir='ltr'>Christianus,</span> <span class='ocrx_word' id='word_1_78' title='bbox 1546 1371 1589 1406; x_wconf 89' lang='lat' dir='ltr'>et</span> <span class='ocrx_word' id='word_1_79' title='bbox 1621 1361 1720 1406; x_wconf 84' lang='lat' dir='ltr'>idco</span> 
     </span>
     <span class='ocr_line' id='line_1_13' title="bbox 324 1431 1720 1488; baseline 0.001 -13"><span class='ocrx_word' id='word_1_80' title='bbox 324 1432 491 1476; x_wconf 87' lang='lat' dir='ltr'>venerit</span> <span class='ocrx_word' id='word_1_81' title='bbox 526 1441 575 1476; x_wconf 89' lang='lat' dir='ltr'>ut</span> <span class='ocrx_word' id='word_1_82' title='bbox 604 1432 706 1488; x_wconf 88' lang='lat' dir='ltr'>fiat,</span> <span class='ocrx_word' id='word_1_83' title='bbox 748 1432 1059 1477; x_wconf 84' lang='lat' dir='ltr'>difficillimum</span> <span class='ocrx_word' id='word_1_84' title='bbox 1095 1432 1275 1477; x_wconf 88' lang='lat' dir='ltr'>omnino</span> <span class='ocrx_word' id='word_1_85' title='bbox 1307 1441 1371 1477; x_wconf 86' lang='lat' dir='ltr'>est</span> <span class='ocrx_word' id='word_1_86' title='bbox 1399 1442 1558 1477; x_wconf 88' lang='lat' dir='ltr'>utnon</span> <span class='ocrx_word' id='word_1_87' title='bbox 1580 1431 1720 1477; x_wconf 86' lang='lat' dir='ltr'>multa</span> 
     </span>
     <span class='ocr_line' id='line_1_14' title="bbox 324 1504 1719 1563; baseline 0.001 -17"><span class='ocrx_word' id='word_1_88' title='bbox 324 1512 571 1547; x_wconf 87' lang='lat' dir='ltr'>nostrarum</span> <span class='ocrx_word' id='word_1_89' title='bbox 588 1505 903 1563; x_wconf 86' lang='lat' dir='ltr'>scripturarum</span> <span class='ocrx_word' id='word_1_90' title='bbox 916 1504 1250 1563; x_wconf 86' lang='lat' dir='ltr'>litterarumque</span> <span class='ocrx_word' id='word_1_91' title='bbox 1269 1504 1539 1562; x_wconf 83' lang='lat' dir='ltr'>cognoverit,</span> <span class='ocrx_word' id='word_1_92' title='bbox 1558 1504 1719 1563; x_wconf 88' lang='lat' dir='ltr'>quibus</span> 
     </span>
     <span class='ocr_line' id='line_1_15' title="bbox 319 1574 1720 1633; baseline 0 -16"><span class='ocrx_word' id='word_1_93' title='bbox 319 1574 410 1633; x_wconf 87' lang='lat' dir='ltr'>jam</span> <span class='ocrx_word' id='word_1_94' title='bbox 424 1574 660 1618; x_wconf 89' lang='lat' dir='ltr'>instructus</span> <span class='ocrx_word' id='word_1_95' title='bbox 675 1575 728 1618; x_wconf 91' lang='lat' dir='ltr'>ad</span> <span class='ocrx_word' id='word_1_96' title='bbox 743 1584 1112 1619; x_wconf 86' lang='lat' dir='ltr'>sacramentorum</span> <span class='ocrx_word' id='word_1_97' title='bbox 1130 1574 1504 1633; x_wconf 81' lang='lat' dir='ltr'>participationem</span> <span class='ocrx_word' id='word_1_98' title='bbox 1524 1583 1720 1618; x_wconf 89' lang='lat' dir='ltr'>tantum-</span> 
     </span>
     <span class='ocr_line' id='line_1_16' title="bbox 324 1644 1720 1704; baseline 0 -16"><span class='ocrx_word' id='word_1_99' title='bbox 324 1644 457 1689; x_wconf 90' lang='lat' dir='ltr'>modo</span> <span class='ocrx_word' id='word_1_100' title='bbox 475 1645 656 1689; x_wconf 88' lang='lat' dir='ltr'>venerit.</span> <span class='ocrx_word' id='word_1_101' title='bbox 681 1644 803 1689; x_wconf 83' lang='lat' dir='ltr'>Tales</span> <span class='ocrx_word' id='word_1_102' title='bbox 825 1645 942 1689; x_wconf 83' lang='lat' dir='ltr'>enim</span> <span class='ocrx_word' id='word_1_103' title='bbox 966 1660 1056 1688; x_wconf 90' lang='lat' dir='ltr'>non</span> <span class='ocrx_word' id='word_1_104' title='bbox 1078 1644 1229 1688; x_wconf 88' lang='lat' dir='ltr'>eadem</span> <span class='ocrx_word' id='word_1_105' title='bbox 1249 1645 1355 1688; x_wconf 92' lang='lat' dir='ltr'>hora</span> <span class='ocrx_word' id='word_1_106' title='bbox 1378 1660 1463 1704; x_wconf 87' lang='lat' dir='ltr'>qua</span> <span class='ocrx_word' id='word_1_107' title='bbox 1485 1645 1720 1689; x_wconf 88' lang='lat' dir='ltr'>Christiani</span> 
     </span>
     <span class='ocr_line' id='line_1_17' title="bbox 325 1713 1715 1775; baseline 0.001 -17"><span class='ocrx_word' id='word_1_108' title='bbox 325 1715 437 1758; x_wconf 84' lang='lat' dir='ltr'>fiunt</span> <span class='ocrx_word' id='word_1_109' title='bbox 452 1749 463 1769; x_wconf 81' lang='lat'>,</span> <span class='ocrx_word' id='word_1_110' title='bbox 483 1716 558 1759; x_wconf 85' lang='lat' dir='ltr'>sed</span> <span class='ocrx_word' id='word_1_111' title='bbox 577 1725 677 1759; x_wconf 87' lang='lat' dir='ltr'>ante</span> <span class='ocrx_word' id='word_1_112' title='bbox 700 1716 841 1759; x_wconf 87' lang='lat' dir='ltr'>solent</span> <span class='ocrx_word' id='word_1_113' title='bbox 864 1714 1010 1758; x_wconf 88' lang='lat' dir='ltr'>omnia</span> <span class='ocrx_word' id='word_1_114' title='bbox 1033 1713 1266 1773; x_wconf 81' lang='lat' dir='ltr'>diligenter</span> <span class='ocrx_word' id='word_1_115' title='bbox 1285 1715 1505 1775; x_wconf 85' lang='lat' dir='ltr'>inquirere</span> <span class='ocrx_word' id='word_1_116' title='bbox 1521 1750 1531 1769; x_wconf 92' lang='lat'>,</span> <span class='ocrx_word' id='word_1_117' title='bbox 1555 1724 1598 1758; x_wconf 87' lang='lat' dir='ltr'>et</span> <span class='ocrx_word' id='word_1_118' title='bbox 1619 1730 1715 1759; x_wconf 91' lang='lat' dir='ltr'>mo-</span> 
     </span>
     <span class='ocr_line' id='line_1_18' title="bbox 326 1785 1718 1846; baseline 0.001 -18"><span class='ocrx_word' id='word_1_119' title='bbox 326 1793 396 1829; x_wconf 86' lang='lat' dir='ltr'>tus</span> <span class='ocrx_word' id='word_1_120' title='bbox 418 1786 551 1829; x_wconf 88' lang='lat' dir='ltr'>animi</span> <span class='ocrx_word' id='word_1_121' title='bbox 574 1786 665 1840; x_wconf 89' lang='lat' dir='ltr'>sui,</span> <span class='ocrx_word' id='word_1_122' title='bbox 692 1801 793 1830; x_wconf 91' lang='lat' dir='ltr'>cum</span> <span class='ocrx_word' id='word_1_123' title='bbox 823 1785 984 1845; x_wconf 90' lang='lat' dir='ltr'>quibus</span> <span class='ocrx_word' id='word_1_124' title='bbox 1007 1795 1216 1844; x_wconf 84' lang='lat' dir='ltr'>possunt,</span> <span class='ocrx_word' id='word_1_125' title='bbox 1241 1786 1564 1830; x_wconf 88' lang='lat' dir='ltr'>communicare</span> <span class='ocrx_word' id='word_1_126' title='bbox 1587 1796 1718 1846; x_wconf 86' lang='lat' dir='ltr'>atque</span> 
     </span>
     <span class='ocr_line' id='line_1_19' title="bbox 325 1855 1715 1916; baseline 0.001 -16"><span class='ocrx_word' id='word_1_127' title='bbox 325 1855 557 1901; x_wconf 88' lang='lat' dir='ltr'>discutere.</span> <span class='ocrx_word' id='word_1_128' title='bbox 588 1859 702 1902; x_wconf 88' lang='lat' dir='ltr'>Cum</span> <span class='ocrx_word' id='word_1_129' title='bbox 723 1858 789 1901; x_wconf 88' lang='lat' dir='ltr'>his</span> <span class='ocrx_word' id='word_1_130' title='bbox 819 1858 968 1916; x_wconf 87' lang='lat' dir='ltr'>itaque</span> <span class='ocrx_word' id='word_1_131' title='bbox 991 1857 1182 1901; x_wconf 87' lang='lat' dir='ltr'>breviter</span> <span class='ocrx_word' id='word_1_132' title='bbox 1213 1856 1431 1915; x_wconf 83' lang='lat' dir='ltr'>agendum</span> <span class='ocrx_word' id='word_1_133' title='bbox 1454 1866 1539 1911; x_wconf 87' lang='lat' dir='ltr'>est,</span> <span class='ocrx_word' id='word_1_134' title='bbox 1565 1866 1608 1901; x_wconf 87' lang='lat' dir='ltr'>et</span> <span class='ocrx_word' id='word_1_135' title='bbox 1629 1873 1715 1902; x_wconf 88' lang='lat' dir='ltr'>non</span> 
     </span>
     <span class='ocr_line' id='line_1_20' title="bbox 326 1927 1719 1988; baseline 0 -16"><span class='ocrx_word' id='word_1_136' title='bbox 326 1927 474 1972; x_wconf 89' lang='lat' dir='ltr'>odiose</span> <span class='ocrx_word' id='word_1_137' title='bbox 495 1927 757 1972; x_wconf 84' lang='lat' dir='ltr'>inculcando</span> <span class='ocrx_word' id='word_1_138' title='bbox 785 1944 884 1988; x_wconf 81' lang='lat' dir='ltr'>quae</span> <span class='ocrx_word' id='word_1_139' title='bbox 907 1937 1094 1983; x_wconf 88' lang='lat' dir='ltr'>norunt,</span> <span class='ocrx_word' id='word_1_140' title='bbox 1115 1927 1189 1971; x_wconf 88' lang='lat' dir='ltr'>sed</span> <span class='ocrx_word' id='word_1_141' title='bbox 1211 1928 1403 1972; x_wconf 82' lang='lat' dir='ltr'>modeste</span> <span class='ocrx_word' id='word_1_142' title='bbox 1426 1929 1719 1987; x_wconf 84' lang='lat' dir='ltr'>perstringen-</span> 
     </span>
     <span class='ocr_line' id='line_1_21' title="bbox 328 1999 1713 2059; baseline 0 -16"><span class='ocrx_word' id='word_1_143' title='bbox 328 2000 409 2057; x_wconf 68' lang='lat' dir='ltr'>do,</span> <span class='ocrx_word' id='word_1_144' title='bbox 433 2000 492 2044; x_wconf 89' lang='lat' dir='ltr'>ita</span> <span class='ocrx_word' id='word_1_145' title='bbox 517 2009 566 2043; x_wconf 93' lang='lat' dir='ltr'>ut</span> <span class='ocrx_word' id='word_1_146' title='bbox 588 1999 782 2044; x_wconf 85' lang='lat' dir='ltr'>dicamus</span> <span class='ocrx_word' id='word_1_147' title='bbox 805 2015 882 2043; x_wconf 90' lang='lat' dir='ltr'>nos</span> <span class='ocrx_word' id='word_1_148' title='bbox 904 1999 1082 2043; x_wconf 86' lang='lat' dir='ltr'>credere</span> <span class='ocrx_word' id='word_1_149' title='bbox 1105 1999 1225 2059; x_wconf 88' lang='lat' dir='ltr'>quod</span> <span class='ocrx_word' id='word_1_150' title='bbox 1243 2000 1334 2059; x_wconf 83' lang='lat' dir='ltr'>jam</span> <span class='ocrx_word' id='word_1_151' title='bbox 1357 2000 1558 2043; x_wconf 83' lang='lat' dir='ltr'>noverint</span> <span class='ocrx_word' id='word_1_152' title='bbox 1587 1999 1713 2054; x_wconf 88' lang='lat' dir='ltr'>illud,</span> 
     </span>
     <span class='ocr_line' id='line_1_22' title="bbox 329 2069 1718 2131; baseline -0.001 -17"><span class='ocrx_word' id='word_1_153' title='bbox 329 2079 461 2131; x_wconf 86' lang='lat' dir='ltr'>atque</span> <span class='ocrx_word' id='word_1_154' title='bbox 488 2069 600 2114; x_wconf 93' lang='lat' dir='ltr'>illud</span> <span class='ocrx_word' id='word_1_155' title='bbox 622 2089 630 2114; x_wconf 93' lang='lat'>:</span> <span class='ocrx_word' id='word_1_156' title='bbox 655 2081 786 2131; x_wconf 88' lang='lat' dir='ltr'>atque</span> <span class='ocrx_word' id='word_1_157' title='bbox 809 2071 893 2114; x_wconf 89' lang='lat' dir='ltr'>hoc</span> <span class='ocrx_word' id='word_1_158' title='bbox 929 2069 1061 2114; x_wconf 90' lang='lat' dir='ltr'>modo</span> <span class='ocrx_word' id='word_1_159' title='bbox 1098 2070 1254 2114; x_wconf 89' lang='lat' dir='ltr'>cursim</span> <span class='ocrx_word' id='word_1_160' title='bbox 1289 2085 1545 2113; x_wconf 84' lang='lat' dir='ltr'>enumerare</span> <span class='ocrx_word' id='word_1_161' title='bbox 1572 2071 1718 2114; x_wconf 83' lang='lat' dir='ltr'>onmia</span> 
     </span>
     <span class='ocr_line' id='line_1_23' title="bbox 331 2139 1718 2201; baseline 0 -17"><span class='ocrx_word' id='word_1_162' title='bbox 331 2156 431 2201; x_wconf 86' lang='lat' dir='ltr'>quae</span> <span class='ocrx_word' id='word_1_163' title='bbox 467 2140 651 2185; x_wconf 87' lang='lat' dir='ltr'>rudibus</span> <span class='ocrx_word' id='word_1_164' title='bbox 679 2139 952 2201; x_wconf 89' lang='lat' dir='ltr'>indoctisque</span> <span class='ocrx_word' id='word_1_165' title='bbox 978 2139 1239 2184; x_wconf 88' lang='lat' dir='ltr'>inculcanda</span> <span class='ocrx_word' id='word_1_166' title='bbox 1262 2149 1364 2183; x_wconf 88' lang='lat' dir='ltr'>sunt</span> <span class='ocrx_word' id='word_1_167' title='bbox 1396 2159 1404 2184; x_wconf 80' lang='lat' dir='ltr'>z</span> <span class='ocrx_word' id='word_1_168' title='bbox 1438 2149 1484 2183; x_wconf 85' lang='lat' dir='ltr'>ut</span> <span class='ocrx_word' id='word_1_169' title='bbox 1509 2140 1586 2184; x_wconf 87' lang='lat' dir='ltr'>etsi</span> <span class='ocrx_word' id='word_1_170' title='bbox 1609 2140 1718 2200; x_wconf 88' lang='lat' dir='ltr'>quid</span> 
     </span>
     <span class='ocr_line' id='line_1_24' title="bbox 331 2209 1717 2271; baseline -0.001 -16"><span class='ocrx_word' id='word_1_171' title='bbox 331 2211 454 2255; x_wconf 89' lang='lat' dir='ltr'>novit</span> <span class='ocrx_word' id='word_1_172' title='bbox 475 2210 672 2255; x_wconf 85' lang='lat' dir='ltr'>eruditus</span> <span class='ocrx_word' id='word_1_173' title='bbox 693 2212 772 2255; x_wconf 88' lang='lat' dir='ltr'>iste</span> <span class='ocrx_word' id='word_1_174' title='bbox 789 2246 800 2266; x_wconf 94' lang='lat'>,</span> <span class='ocrx_word' id='word_1_175' title='bbox 825 2227 914 2256; x_wconf 90' lang='lat' dir='ltr'>non</span> <span class='ocrx_word' id='word_1_176' title='bbox 936 2220 1146 2271; x_wconf 86' lang='lat' dir='ltr'>tanquam</span> <span class='ocrx_word' id='word_1_177' title='bbox 1172 2226 1195 2254; x_wconf 94' lang='lat' dir='ltr'>a</span> <span class='ocrx_word' id='word_1_178' title='bbox 1217 2209 1396 2254; x_wconf 87' lang='lat' dir='ltr'>doctore</span> <span class='ocrx_word' id='word_1_179' title='bbox 1418 2210 1566 2254; x_wconf 85' lang='lat' dir='ltr'>audiat</span> <span class='ocrx_word' id='word_1_180' title='bbox 1590 2230 1600 2266; x_wconf 83' lang='lat'>·,</span> <span class='ocrx_word' id='word_1_181' title='bbox 1623 2220 1667 2254; x_wconf 88' lang='lat' dir='ltr'>et</span> <span class='ocrx_word' id='word_1_182' title='bbox 1684 2210 1717 2254; x_wconf 89' lang='lat' dir='ltr'>si</span> 
     </span>
     <span class='ocr_line' id='line_1_25' title="bbox 331 2279 1716 2340; baseline -0.001 -16"><span class='ocrx_word' id='word_1_183' title='bbox 331 2280 439 2339; x_wconf 90' lang='lat' dir='ltr'>quid</span> <span class='ocrx_word' id='word_1_184' title='bbox 460 2280 605 2325; x_wconf 91' lang='lat' dir='ltr'>adhuc</span> <span class='ocrx_word' id='word_1_185' title='bbox 627 2281 824 2339; x_wconf 87' lang='lat' dir='ltr'>ignorat,</span> <span class='ocrx_word' id='word_1_186' title='bbox 857 2281 963 2325; x_wconf 90' lang='lat' dir='ltr'>dum</span> <span class='ocrx_word' id='word_1_187' title='bbox 986 2296 1036 2325; x_wconf 85' lang='lat' dir='ltr'>ea</span> <span class='ocrx_word' id='word_1_188' title='bbox 1057 2295 1449 2326; x_wconf 87' lang='lat' dir='ltr'>commemoramus</span> <span class='ocrx_word' id='word_1_189' title='bbox 1471 2297 1570 2340; x_wconf 80' lang='lat' dir='ltr'>quae</span> <span class='ocrx_word' id='word_1_190' title='bbox 1592 2279 1716 2323; x_wconf 88' lang='lat' dir='ltr'>illum</span> 
     </span>
     <span class='ocr_line' id='line_1_26' title="bbox 332 2351 1717 2411; baseline 0 -17"><span class='ocrx_word' id='word_1_191' title='bbox 332 2366 457 2395; x_wconf 89' lang='lat' dir='ltr'>nosse</span> <span class='ocrx_word' id='word_1_192' title='bbox 473 2353 564 2411; x_wconf 76' lang='lat' dir='ltr'>jam</span> <span class='ocrx_word' id='word_1_193' title='bbox 586 2351 818 2406; x_wconf 89' lang='lat' dir='ltr'>credimus,</span> <span class='ocrx_word' id='word_1_194' title='bbox 835 2351 985 2396; x_wconf 88' lang='lat' dir='ltr'>discat.</span> <span class='ocrx_word' id='word_1_195' title='bbox 1007 2354 1097 2397; x_wconf 89' lang='lat' dir='ltr'>Nec</span> <span class='ocrx_word' id='word_1_196' title='bbox 1119 2353 1210 2411; x_wconf 91' lang='lat' dir='ltr'>ipse</span> <span class='ocrx_word' id='word_1_197' title='bbox 1231 2366 1332 2394; x_wconf 89' lang='lat' dir='ltr'>sane</span> <span class='ocrx_word' id='word_1_198' title='bbox 1349 2351 1562 2395; x_wconf 82' lang='lat' dir='ltr'>inutiliter</span> <span class='ocrx_word' id='word_1_199' title='bbox 1582 2352 1717 2394; x_wconf 87' lang='lat' dir='ltr'>inter-</span> 
     </span>
     <span class='ocr_line' id='line_1_27' title="bbox 334 2421 1711 2482; baseline 0.002 -19"><span class='ocrx_word' id='word_1_200' title='bbox 334 2431 526 2479; x_wconf 83' lang='lat' dir='ltr'>rogatur,</span> <span class='ocrx_word' id='word_1_201' title='bbox 544 2421 703 2482; x_wconf 90' lang='lat' dir='ltr'>quibus</span> <span class='ocrx_word' id='word_1_202' title='bbox 722 2422 851 2466; x_wconf 83' lang='lat' dir='ltr'>rebus</span> <span class='ocrx_word' id='word_1_203' title='bbox 872 2432 1013 2466; x_wconf 84' lang='lat' dir='ltr'>motus</span> <span class='ocrx_word' id='word_1_204' title='bbox 1031 2423 1100 2473; x_wconf 88' lang='lat' dir='ltr'>sit,</span> <span class='ocrx_word' id='word_1_205' title='bbox 1121 2432 1171 2466; x_wconf 92' lang='lat' dir='ltr'>ut</span> <span class='ocrx_word' id='word_1_206' title='bbox 1191 2421 1295 2466; x_wconf 88' lang='lat' dir='ltr'>velit</span> <span class='ocrx_word' id='word_1_207' title='bbox 1317 2437 1407 2466; x_wconf 85' lang='lat' dir='ltr'>esse</span> <span class='ocrx_word' id='word_1_208' title='bbox 1422 2422 1711 2466; x_wconf 85' lang='lat' dir='ltr'>Christianus:</span> 
     </span>
     <span class='ocr_line' id='line_1_28' title="bbox 334 2492 1715 2553; baseline 0.002 -19"><span class='ocrx_word' id='word_1_209' title='bbox 334 2499 384 2534; x_wconf 92' lang='lat' dir='ltr'>ut</span> <span class='ocrx_word' id='word_1_210' title='bbox 406 2493 439 2534; x_wconf 90' lang='lat' dir='ltr'>si</span> <span class='ocrx_word' id='word_1_211' title='bbox 459 2492 580 2536; x_wconf 87' lang='lat' dir='ltr'>libris</span> <span class='ocrx_word' id='word_1_212' title='bbox 597 2493 636 2536; x_wconf 87' lang='lat' dir='ltr'>ei</span> <span class='ocrx_word' id='word_1_213' title='bbox 664 2508 916 2553; x_wconf 87' lang='lat' dir='ltr'>persuasum</span> <span class='ocrx_word' id='word_1_214' title='bbox 937 2509 1027 2538; x_wconf 88' lang='lat' dir='ltr'>esse</span> <span class='ocrx_word' id='word_1_215' title='bbox 1049 2493 1204 2538; x_wconf 89' lang='lat' dir='ltr'>videris</span> <span class='ocrx_word' id='word_1_216' title='bbox 1220 2528 1230 2548; x_wconf 88' lang='lat'>,</span> <span class='ocrx_word' id='word_1_217' title='bbox 1255 2493 1342 2537; x_wconf 89' lang='lat' dir='ltr'>sive</span> <span class='ocrx_word' id='word_1_218' title='bbox 1364 2493 1580 2538; x_wconf 79' lang='lat' dir='ltr'>canonicis</span> <span class='ocrx_word' id='word_1_219' title='bbox 1596 2528 1606 2547; x_wconf 89' lang='lat'>,</span> <span class='ocrx_word' id='word_1_220' title='bbox 1627 2493 1715 2537; x_wconf 84' lang='lat' dir='ltr'>sive</span> 
     </span>
     <span class='ocr_line' id='line_1_29' title="bbox 335 2560 1712 2624; baseline 0.004 -21"><span class='ocrx_word' id='word_1_221' title='bbox 335 2560 507 2605; x_wconf 83' lang='lat' dir='ltr'>utilium</span> <span class='ocrx_word' id='word_1_222' title='bbox 533 2565 851 2622; x_wconf 84' lang='lat' dir='ltr'>Tractatorum,</span> <span class='ocrx_word' id='word_1_223' title='bbox 865 2564 919 2609; x_wconf 85' lang='lat' dir='ltr'>de</span> <span class='ocrx_word' id='word_1_224' title='bbox 940 2565 1006 2609; x_wconf 87' lang='lat' dir='ltr'>his</span> <span class='ocrx_word' id='word_1_225' title='bbox 1026 2563 1189 2624; x_wconf 84' lang='lat' dir='ltr'>aliquid</span> <span class='ocrx_word' id='word_1_226' title='bbox 1211 2564 1254 2608; x_wconf 86' lang='lat' dir='ltr'>in</span> <span class='ocrx_word' id='word_1_227' title='bbox 1280 2564 1489 2623; x_wconf 83' lang='lat' dir='ltr'>principio</span> <span class='ocrx_word' id='word_1_228' title='bbox 1506 2565 1712 2624; x_wconf 80' lang='lat' dir='ltr'>loquaris,</span> 
     </span>
    </p>
   </div>
   <div class='ocr_carea' id='block_1_7' title="bbox 1799 0 1871 3162">
    <p class='ocr_par' dir='ltr' id='par_1_7' title="bbox 1799 0 1871 3162">
     <span class='ocr_line' id='line_1_30' title="bbox 1799 0 1871 3162; baseline 0 0"><span class='ocrx_word' id='word_1_229' title='bbox 1799 0 1871 3162; x_wconf 95' lang='lat' dir='ltr'> </span> 
     </span>
    </p>
   </div>
  </div>
 </body>
</html>
