1871 3162
519 291 571 317 DE
602 285 928 317 CATEcmzAnms
959 290 1154 317 RUDIBUS.
1439 279 1522 319 529

151 375 171 398 n
197 356 393 401 saecula¹.
416 373 437 397 »
457 355 597 399 Multa
620 356 664 399 in
685 354 756 398 illa
779 363 891 398 terra
912 353 1202 413 promissionis
1223 364 1338 412 gesta
1359 365 1461 400 sunt
1481 356 1526 400 in

147 428 330 486 figuram
359 426 529 470 venturi
550 425 707 470 Christi
735 434 779 469 et
798 424 1018 480 Ecclesiae,
1042 438 1142 484 quae
1165 424 1209 468 in
1231 426 1387 471 sanctis
1408 425 1529 470 libris

147 497 355 557 paulatim
370 496 533 541 discere
546 497 722 556 poteris.

152 666 531 683 ΝΝΙΙἏΝΙΙἏΝΝΜΜΜΜΜ
535 667 674 683 mm
678 664 1458 683 mmmmmmmwmwumww
1463 666 1532 683 ww

644 798 859 846 CAPUT
896 798 1034 845 XXI.

148 965 419 1024 Captz'm'tas
430 964 738 1026 Babylonica
759 975 804 1009 et
822 967 871 1010 ιή
892 981 951 1010 ea
963 974 1103 1028 gesta
1119 962 1528 1027 quidsz'gnzfieent.

201 1062 259 1070 —
284 1036 405 1080 Post
425 1037 756 1096 captivitatem
777 1034 1136 1096 Babylonicum
1159 1034 1356 1080 libertas
1377 1036 1536 1095 qualis

204 1105 411 1152 reddita.

199 1268 431 1311 XXXVII.
484 1270 592 1312 PosT
629 1267 796 1327 aliquot
832 1276 977 1312 tamen
1011 1266 1308 1324 generationes
1343 1265 1534 1311 ostendit

142 1337 274 1382 alium
298 1348 452 1396 typum
471 1337 525 1382 ad
549 1353 638 1381 rem
660 1338 845 1382 maxime
861 1338 1166 1397 pertinentem.
1193 1339 1300 1382 Nam
1319 1338 1532 1396 captivata

139 1417 203 1452 est
224 1407 297 1451 illa
320 1409 484 1463 civitas,
519 1417 560 1451 et
583 1408 720 1452 multa
745 1423 842 1467 pars
864 1409 954 1468 ejus
976 1406 1133 1452 educta
1154 1407 1199 1451 in
1225 1406 1527 1465 Babyloniam.

143 1479 261 1523 Sicut
285 1488 430 1522 autem
454 1479 690 1522 Jerusalem
713 1479 924 1536 significat
946 1478 1165 1523 civitatem
1193 1478 1531 1537 societatemque

139 1558 404 1602 sanctorum,
429 1548 487 1591 sic
510 1547 749 1605 Babylonia
774 1549 983 1605 significat
1007 1548 1226 1592 civitatem
1255 1548 1530 1592 societatem-

136 1635 222 1679 que
242 1619 510 1678 iniquorum,
535 1619 743 1677 quoniam
760 1618 920 1662 dicitur
940 1619 1213 1676 interpretari
1229 1617 1454 1663 Confusio.
1469 1622 1530 1663 De

136 1690 295 1750 quibus
317 1689 490 1732 duabus
511 1687 774 1742 civitatibus,
800 1689 854 1731 ab
869 1687 1046 1732 exordio
1064 1688 1231 1746 generis
1250 1689 1432 1732 humani
1454 1704 1530 1733 us-

136 1775 224 1821 que
245 1760 287 1804 in
310 1760 441 1802 finem
457 1757 604 1802 saeculi
627 1757 836 1816 permixte
859 1766 1106 1816 temporum
1125 1757 1332 1801 varietate
1349 1774 1529 1804 curren-

137 1833 271 1887 tibus,
305 1839 348 1876 et
376 1831 532 1876 ultimo
551 1828 717 1889 judicio
739 1827 1003 1888 separandis,
1033 1827 1165 1887 paulo
1188 1836 1288 1872 ante
1303 1829 1393 1888 jam
1414 1829 1527 1873 dixi-

136 1919 232 1947 mus
251 1906 283 1946 2.
325 1902 404 1946 Illa
442 1917 545 1960 ergo
582 1901 805 1959 captivitas
840 1898 1080 1944 Jerusalem
1116 1899 1300 1944 civitatis
1317 1934 1328 1954 ,
1370 1909 1413 1944 et
1453 1899 1527 1945 ille

136 1973 325 2033 populus
347 1974 391 2017 in
414 1971 703 2030 Babyloniam
725 1970 882 2016 ductus
909 1970 964 2015 ad
991 1971 1243 2015 servitutem
1265 1970 1327 2014 ire
1344 1972 1526 2030 jubetur

137 2062 159 2089 a
182 2047 370 2091 Domino
392 2060 468 2104 per
490 2043 724 2088 Jeremiam
756 2042 872 2087 illius
903 2043 1110 2102 temporis
1143 2043 1441 2102 prophetam³.
1467 2042 1524 2089 Et

136 2117 371 2160 extiterunt
401 2130 522 2174 reges
554 2114 832 2172 Babyloniae,
869 2114 949 2158 sub
986 2113 1144 2174 quibus
1178 2112 1242 2157 illi
1264 2114 1524 2170 serviebant,

135 2189 210 2248 qui
247 2203 297 2230 ex
330 2202 481 2231 eorum
515 2186 741 2231 occasione
773 2186 981 2230 commoti
1014 2185 1278 2245 quibusdam
1308 2186 1526 2232 miraculis

136 2257 449 2317 cognoscerent
479 2266 522 2301 et
556 2256 744 2301 colerent
783 2267 827 2302 et
860 2256 943 2301 coli
969 2257 1175 2317 juberent
1204 2273 1342 2301 unum
1376 2273 1528 2302 verum

137 2333 290 2383 Deum,
314 2329 389 2388 qui
407 2327 603 2372 condidit
622 2328 866 2373 universam
886 2329 1170 2373 creaturam4.
1192 2329 1303 2372 Jussi
1327 2338 1428 2372 sunt
1450 2345 1527 2374 au-

136 2409 224 2443 tem
258 2407 300 2442 et
327 2413 449 2442 orare
481 2414 560 2458 pro
591 2399 651 2442 eis
684 2415 708 2442 a
740 2399 902 2459 quihus
930 2398 1089 2458 captivi
1112 2399 1392 2454 tenebantur,
1418 2413 1461 2443 et
1481 2400 1528 2443 in

136 2485 287 2515 eorum
323 2484 428 2528 pace
450 2484 602 2528 pacem
628 2485 815 2528 sperare,
841 2469 895 2513 ad
919 2468 1157 2529 gignendos
1179 2469 1289 2514 filios
1312 2479 1354 2513 et
1374 2470 1526 2514 domos

185 2573 191 2587 ¹
215 2568 305 2597 Rom.
325 2577 366 2603 xv,
385 2566 414 2596 5.
437 2582 473 2587 —
494 2573 504 2588 2
525 2565 603 2597 Vide
621 2576 713 2607 supra
732 2576 805 2607 cap.
828 2577 943 2597 ‹1x.—
961 2563 1092 2597 3Jere1u
1124 2576 1197 2599 xxv,
1214 2574 1250 2596 Ἡ
1272 2570 1301 2596 et
1323 2576 1405 2605 «ix,
1428 2578 1510 2596 ir—

137 2619 278 2651 41szst
308 2631 316 2649 l
349 2632 378 2655 'l-
