1871 3162
287 208 370 248 466
681 218 715 248 s.
750 218 982 250 Aucus-rm1
1014 221 1195 251 nasoon

285 284 544 343 gentissime.
589 286 642 329 Α.
688 287 887 344 Loquere
917 286 1034 344 jam,
1072 286 1144 331 hic
1176 302 1298 344 sum,
1335 289 1444 349 quid
1479 294 1666 337 enecas?

282 359 335 400 R.
371 357 512 400 Omne
531 356 653 416 quod
682 357 727 400 in
753 357 951 416 subjecto
972 367 1050 414 est,
1074 359 1110 404 si
1130 375 1297 420 semper
1326 372 1490 418 manet,
1521 363 1665 423 ipsum

281 428 409 471 etiam
432 426 678 487 subjectum
700 437 873 471 maneat
890 442 1059 487 semper
1078 445 1251 476 necesse
1271 441 1349 476 est.
1378 434 1435 477 Et
1461 434 1601 478 omnis
1621 435 1666 479 in

279 498 476 556 subjecto
499 507 562 542 est
579 498 724 542 animo
741 497 984 556 disciplina.
1001 501 1183 545 Necesse
1201 511 1267 545 est
1285 502 1416 560 igitur
1427 518 1602 564 semper
1617 514 1667 549 ut

279 568 448 612 animus
482 577 669 622 maneat,
703 567 739 611 si
766 583 935 627 semper
962 579 1110 614 manet
1132 570 1374 630 disciplina.
1411 576 1489 617 Est
1521 584 1668 619 autem

282 638 510 697 disciplina
536 639 708 693 veritas,
735 647 778 682 et
797 653 982 698 semper,
1015 649 1064 684 ut
1089 641 1135 684 in
1156 642 1280 686 initio
1295 641 1397 686 libri
1411 643 1542 703 hujus
1558 645 1669 689 ratio

278 709 502 769 persuasit,
543 710 698 752 veritas
732 718 893 753 manet.
930 713 1107 770 Semper
1144 711 1276 769 igitur
1307 714 1475 758 animus
1505 725 1666 771 manet,

280 795 361 823 nec
384 779 554 822 animus
577 789 774 823 mortuus
796 780 972 825 dicitur.
1004 784 1299 828 Immortalem
1323 784 1456 843 igitur
1476 787 1669 830 animum

280 849 396 894 solus
410 865 499 893 non
516 848 704 893 absurde
722 858 867 908 negat,
884 851 962 910 qui
977 853 1247 911 superiorum
1265 853 1433 915 aliquid
1448 870 1538 900 non
1555 865 1671 901 recte

283 935 538 965 concessum
551 936 641 965 esse
654 929 889 965 convincit.

283 1101 890 1118 wummmmmmmmmmmmmm
894 1102 1531 1119 ΜΝἏΜΛΝΜΜΜΜΜΛΝἋΜΜΜΜΝΜΛ
1536 1103 1674 1120 mm

1664 1194 1683 1206 ἐν·

764 1235 982 1283 CAPUT
1026 1236 1162 1282 XIV.

557 1389 825 1435 Exeatc'mr
850 1389 1067 1448 superior
1098 1387 1413 1452 syllogismus.

353 1553 492 1597 XXV.
530 1553 582 1594 A.
611 1551 701 1592 JAM
723 1563 793 1592 me
814 1547 914 1592 volo
937 1547 983 1590 in
1004 1546 1161 1604 gaudia
1182 1546 1370 1601 mittere,
1407 1545 1482 1590 sed
1514 1546 1684 1593 duabus

295 1624 568 1682 aliquantum
603 1635 782 1664 revocor
802 1619 954 1662 causis.
971 1620 1078 1662 Nam
1098 1619 1286 1677 primum
1307 1633 1377 1661 1116
1399 1627 1545 1662 111ον61
1565 1618 1685 1679 quod

296 1694 481 1738 circuitu
512 1700 635 1735 tanto
664 1690 729 1733 usi
758 1704 928 1742 sumus,
963 1688 1110 1732 nescio
1141 1703 1273 1747 quam
1306 1689 1685 1733 ratiocinationum

296 1775 494 1810 catenam
515 1770 761 1821 sequentes,
787 1774 888 1804 611111
910 1768 998 1803 tam
1018 1759 1207 1803 breviter
1230 1767 1371 1802 totum
1391 1759 1446 1802 de
1467 1775 1556 1818 quo
1579 1775 1686 1819 age-

297 1838 442 1890 batur,
473 1832 757 1877 demonstrari
785 1830 1000 1890 potuerit,
1030 1845 1163 1890 quam
1191 1845 1310 1874 nunc
1342 1831 1687 1875 demonstratum

301 1918 377 1951 est.
415 1909 559 1959 Quare
586 1919 656 1947 me
677 1903 911 1947 sollicitum
934 1900 1054 1957 lacit,
1079 1900 1199 1961 quod
1221 1899 1374 1944 tandiu
1395 1901 1520 1960 quasi
1541 1902 1598 1946 ad
1617 1902 1687 1945 in-

300 1978 545 2023 sidiandum
561 1974 863 2021 obambulavit
876 1974 1027 2018 oratio.
1041 1973 1206 2017 Deinde
1223 1988 1312 2017 non
1326 1971 1453 2017 video
1466 1972 1690 2032 quomodo

302 2051 347 2094 in
363 2049 508 2094 animo
520 2062 689 2107 semper
705 2047 760 2091 sit
771 2044 1014 2104 disciplina,
1035 2044 1274 2103 praesertim
1294 2042 1563 2102 disputandi,
1580 2041 1689 2087 dum

300 2130 344 2165 et
365 2128 454 2164 tam
477 2118 605 2178 pauci
626 2118 717 2177 ejus
740 2116 862 2175 gnari
884 2116 986 2170 sint,
1009 2122 1054 2158 et
1068 2113 1266 2173 quisquis
1287 2128 1383 2157 eam
1404 2113 1543 2168 novit,
1567 2121 1689 2158 tanto

302 2191 357 2236 ab
379 2188 563 2234 infantia
587 2197 780 2246 tempore
801 2184 933 2230 fuerit
953 2184 1171 2229 indoctus.
1202 2185 1301 2230 Non
1322 2183 1439 2227 enim
1461 2198 1690 2243 possumus

303 2261 464 2315 dicere,
496 2268 571 2304 aut
604 2259 908 2317 imperitorum
929 2256 1111 2310 animos,
1144 2269 1235 2299 non
1265 2269 1356 2298 esse
1388 2253 1576 2311 animos,
1614 2263 1691 2298 aut

305 2346 393 2375 esse
426 2331 473 2374 in
507 2329 652 2374 animo
679 2342 773 2371 eam
805 2341 938 2386 quam
970 2325 1166 2370 nesciant
1187 2323 1474 2383 disciplinam.
1506 2322 1637 2376 Quod
1656 2324 1691 2368 si

303 2402 583 2445 vehementer
614 2397 851 2443 absurdum
880 2405 960 2451 est,
996 2404 1128 2440 restat
1160 2404 1210 2439 ut
1236 2403 1312 2439 aut
1344 2409 1434 2439 non
1459 2409 1629 2453 semper
1644 2393 1690 2437 in

303 2471 447 2516 animo
463 2472 518 2515 sit
533 2471 705 2525 veritas,
721 2478 796 2514 aut
814 2467 1040 2527 disciplina
1052 2466 1127 2511 illa
1143 2466 1299 2512 veritas
1310 2480 1402 2510 non
1412 2465 1481 2510 sit.

364 2543 528 2586 XXVI.
575 2544 629 2586 R.
665 2539 796 2586 Vides
829 2553 964 2599 quam
996 2552 1089 2584 non
1119 2536 1280 2583 frustra
1313 2545 1455 2582 tantos
1486 2535 1690 2581 circuitus
