1871 3162
601 223 952 262 CONFESSIONUM,
988 226 1074 251 Lm.
1112 228 1205 253 viu.
1490 221 1570 258 193

188 284 300 329 illud
317 319 328 340 ,
353 301 451 345 quae
477 285 792 344 suggerebant,
819 289 933 331 Deus
955 289 1108 332 meus?
1135 291 1313 334 Avertat
1346 292 1402 334 ab
1431 294 1571 338 anima

189 355 300 399 servi
321 355 386 399 tui
409 354 701 400 misericordia
717 365 808 400 tua.
836 359 951 410 Quas
969 358 1114 402 sordes
1136 359 1454 418 suggerebant?
1476 378 1573 420 quae

188 423 431 469 dedecora?
451 427 509 469 Et
530 424 760 470 audiebam
782 442 851 470 eas
867 428 956 486 jam
978 427 1108 486 longe
1130 428 1272 472 minus
1293 444 1424 488 quam
1448 429 1575 473 dimi-

188 494 302 549 dius,
318 510 408 539 non
423 503 633 555 tanquam
650 495 786 540 libere
799 496 1147 541 contradicentes
1163 498 1308 542 eundo
1323 499 1368 541 in
1385 499 1573 554 obviam,

187 563 262 607 sed
290 564 427 608 veluti
449 580 473 608 a
495 565 623 610 dorso
640 566 915 610 mussitantes
933 601 944 622 ,
965 576 1008 610 et
1030 567 1326 612 discedentem
1349 569 1471 628 quasi
1488 570 1577 613 fur-

188 634 264 678 tim
287 634 558 690 vellicantes,
583 645 634 680 ut
656 637 925 696 respicerem.
952 638 1252 683 Retardabant
1271 648 1417 683 tamen
1439 655 1576 684 cunc-

186 713 352 749 tantem
370 720 440 749 me
457 706 654 765 abripere
674 717 806 767 atque
824 717 1023 752 excutere
1037 709 1092 753 ab
1109 709 1168 753 eis
1186 719 1229 753 01
1252 710 1466 754 transilire
1487 727 1576 770 quo

186 774 390 830 vocabar,
410 790 511 819 cum
533 775 695 821 diceret
711 777 817 821 mihi
835 778 1106 824 consuetudo
1126 779 1313 825 violenta
1335 799 1344 825 2
1365 784 1576 825 Putas-ne

186 845 279 889 sine
300 846 390 890 istis
411 847 572 906 poteris
587 849 606 888 ‘3

244 918 429 960 XXVII.
453 918 536 962 Sed
553 919 644 977 jam
673 919 938 978 tepidissime
966 921 1048 965 hoc
1078 920 1266 965 dicebat.
1287 922 1576 979 Aperiebatur

186 986 301 1029 enim
324 978 381 1029 ab
403 1002 450 1030 ea
477 997 599 1046 parte
620 1005 706 1048 qua
727 989 1001 1032 intenderam
1030 988 1182 1032 faciem
1211 998 1256 1034 et
1277 1006 1365 1048 quo
1395 991 1577 1035 transire

187 1055 459 1113 trepidabam
479 1091 490 1111 ,
522 1066 636 1101 casta
668 1057 855 1116 dignitas
888 1058 1167 1102 continentiae
1184 1093 1195 1113 ,
1233 1074 1383 1104 serena
1409 1069 1452 1104 et
1487 1077 1577 1105 non

187 1123 394 1168 dissolute
426 1125 573 1170 hilaris
591 1161 601 1181 ,
644 1126 825 1170 honeste
860 1126 1087 1171 blandiens
1121 1137 1170 1171 111
1206 1129 1397 1173 venirem
1433 1145 1576 1189 neque

187 1193 452 1250 dubitarem,
464 1204 506 1239 et
519 1194 753 1240 extendens
768 1195 821 1240 ad
834 1211 904 1239 me
919 1197 1244 1255 suscipiendum
1258 1208 1301 1242 et
1313 1199 1576 1258 amplecten-

185 1264 291 1309 dum
312 1265 404 1324 pias
427 1280 582 1309 manus
605 1266 755 1325 plenas
779 1267 981 1325 gregibus
1010 1267 1229 1312 bonorum
1257 1270 1572 1329 exemplorum.

187 1336 255 1379 Ibi
271 1344 336 1380 tot
357 1336 480 1395 pueri
496 1345 539 1380 et
559 1336 744 1396 puellae,
769 1337 828 1380 ibi
845 1338 1052 1396 juventus
1075 1338 1212 1382 multa
1228 1349 1270 1383 et
1293 1341 1433 1384 omnis
1451 1350 1569 1395 aetas,

186 1415 230 1450 et
251 1421 399 1463 graves
420 1406 588 1462 viduae,
607 1417 649 1451 et
664 1407 850 1466 virgines
868 1424 976 1452 anus
994 1429 1003 1465 3
1019 1418 1062 1453 et
1077 1409 1123 1452 in
1141 1410 1343 1454 omnibus
1362 1411 1453 1469 ipsa
1476 1427 1575 1456 con-

184 1477 366 1519 tinentia
382 1492 662 1536 nequaquam
684 1477 864 1534 sterilis,
887 1478 961 1521 sed
989 1478 1199 1523 foecunda
1223 1489 1360 1524 mater
1385 1480 1576 1525 filiorum

187 1546 444 1604 gaudiorum
458 1546 513 1590 de
529 1547 684 1590 marito
698 1556 757 1601 te,
778 1548 976 1591 Domine.
997 1550 1053 1591 Et
1068 1549 1278 1593 irridebat
1293 1565 1362 1593 me
1379 1551 1575 1595 irrisione

186 1617 427 1661 hortatoria
441 1651 452 1671 ,
473 1618 595 1676 quasi
613 1617 776 1660 diceret
796 1635 805 1661 ε
831 1619 896 1660 Tu
911 1632 1000 1660 non
1018 1618 1178 1676 poteris
1199 1619 1318 1676 quod
1336 1619 1428 1674 isti,
1453 1621 1575 1680 quod

187 1687 308 1731 istae?
330 1690 398 1730 An
419 1701 522 1731 vero
545 1686 614 1730 isti
635 1695 678 1730 et
698 1687 790 1730 istae
805 1687 850 1730 in
873 1687 1110 1746 semetipsis
1127 1696 1330 1746 possunt,
1356 1704 1405 1733 ac
1427 1705 1516 1734 non
1530 1691 1576 1734 111

187 1757 374 1802 1)01111110
388 1759 479 1801 Deo
493 1758 598 1801 suo?
614 1757 823 1801 Dominus
841 1760 956 1801 Deus
971 1772 1123 1801 eorum
1138 1773 1207 1802 me
1224 1757 1346 1802 dedit
1363 1759 1437 1803 eis,
1459 1759 1575 1812 Quid

188 1828 234 1870 in
255 1836 297 1871 te
317 1836 422 1881 stas,
458 1836 501 1870 et
517 1842 608 1871 non
627 1829 743 1870 stas?
768 1827 932 1886 Projicc
953 1828 1058 1871 10111
1079 1843 1205 1886 eum3
1236 1827 1326 1872 noli
1349 1839 1543 1873 metuere
1562 1851 1573 1888 3

189 1912 280 1942 non
292 1912 336 1941 se
349 1896 579 1941 subtrahet
593 1905 644 1940 ut
656 1896 782 1940 cadas
800 1915 809 1940 :
824 1897 984 1956 projice
998 1906 1040 1940 te
1053 1912 1245 1953 securus,
1259 1900 1443 1958 excipiet
1456 1910 1499 1944 et
1513 1916 1576 1945 sa-

189 1967 315 2012 nabit
345 1976 402 2012 te.
436 1970 494 2012 Et
522 1967 829 2011 erubescebam
851 1967 1003 2023 nimis,
1029 1969 1129 2028 quia
1161 1969 1334 2014 illarum
1362 1986 1576 2029 nugarum

188 2052 388 2082 murmur
403 2037 545 2081 adhuc
560 2036 809 2092 audiebam,
826 2045 868 2081 01
882 2038 1220 2083 cunctabundus
1234 2039 1495 2099 pendebam.
1518 2045 1576 2086 Et

190 2124 338 2153 rursus
355 2107 443 2163 ina,
459 2108 583 2168 quasi
607 2108 770 2153 diceret
796 2127 805 2152 :
829 2107 1099 2154 Obsurdesce
1119 2109 1321 2154 adversus
1348 2112 1575 2156 immunda

191 2179 265 2224 illa
282 2178 477 2223 membra
497 2187 573 2222 tua
595 2187 955 2238 superterram,
972 2188 1022 2223 ut
1037 2179 1368 2225 mortificentur.
1390 2184 1576 2227 Narrant

191 2250 273 2294 tibi
297 2248 625 2305 delectationes,
651 2248 726 2295 sed
746 2264 836 2294 non
859 2249 970 2293 sicut
996 2249 1065 2293 lex
1077 2251 1251 2295 Domini
1271 2252 1348 2295 Dei
1362 2253 1423 2296 tui
1437 2255 1468 2297 1.
1490 2255 1576 2298 Ista

193 2321 486 2366 controversia
506 2321 553 2365 in
569 2320 700 2365 corde
722 2335 819 2364 meo
835 2355 845 2375 ,
876 2335 967 2365 non
988 2321 1070 2365 nisi
1091 2320 1146 2365 de
1168 2337 1238 2365 me
1259 2321 1353 2381 ipso
1375 2323 1579 2369 adversus

192 2392 438 2451 meipsum.
459 2395 516 2436 At
537 2390 720 2451 Alypius
744 2391 894 2435 affixus
916 2390 1041 2436 lateri
1061 2407 1159 2438 meo
1177 2427 1188 2448 ,
1213 2391 1406 2438 inusitati
1434 2404 1580 2441 motus

192 2464 279 2508 mei
302 2464 465 2507 exitum
486 2463 640 2508 tacitus
662 2461 985 2522 opperiebatur.

243 2553 253 2570 ¹
275 2546 354 2579 Psal.
369 2557 476 2587 cxviii,
492 2546 546 2579 85.

386 2610 560 2641 cxxxix.
1319 2604 1366 2642 13
