1871 3162
314 243 395 282 448
745 256 778 280 s.
815 252 1045 280 Auoos‘nm
1078 253 1258 280 El’lscom

1012 413 1684 430 mmmmm

833 545 910 594 CA
921 548 1050 595 PUT
1088 550 1171 594 iv.

311 706 644 769 Exsiclsc'tatz's
660 723 743 750 ,ςειι
760 706 978 749 ver-itatis
991 704 1316 764 perpetuitate
1335 706 1572 764 possit-ne
1593 703 1691 749 col-

654 774 740 837 'liga'
766 777 942 821 anz'moe
971 774 1327 821 immortalitas.

361 936 409 976 V.
431 936 483 977 Α.
501 934 537 976 O
554 931 812 990 plumbeum
826 930 1088 990 pugionem!
1111 934 1257 975 Posses
1279 932 1396 974 enim
1423 931 1686 975 concludere

296 1005 518 1048 homiuem
537 1018 627 1046 esse
648 1001 956 1056 immortalem,
980 1002 1014 1045 si
1031 1001 1113 1045 tibi
1130 1004 1436 1046 concessissem
1458 1017 1687 1062 nunquam

295 1075 424 1117 istum
444 1072 661 1116 mundum
679 1087 769 1115 esse
786 1087 910 1130 posse
928 1072 1019 1115 sine
1037 1073 1236 1126 homine,
1261 1087 1451 1131 eumque
1468 1071 1686 1116 mundum

293 1159 382 1188 esse
395 1143 722 1202 sempiternum.
746 1144 798 1185 R.
816 1144 934 1185 Bene
948 1140 1124 1201 quidem
1144 1141 1308 1200 vigilas.
1333 1142 1417 1186 Sed
1433 1151 1577 1185 tamen
1596 1157 1685 1187 non

291 1229 448 1274 parum
470 1222 533 1257 est
554 1212 675 1273 quod
700 1212 987 1266 confecimus,
1016 1227 1162 1255 rerum
1187 1222 1388 1256 naturam
1421 1212 1513 1255 sine
1542 1214 1685 1258 anima

293 1300 382 1329 esse
396 1299 485 1329 non
500 1299 638 1342 posse,
657 1282 739 1326 nisi
755 1282 868 1327 forte
880 1283 926 1326 in
940 1297 1086 1326 rerum
1098 1291 1255 1326 natura
1270 1282 1433 1326 falsitas
1446 1282 1683 1342 aliquando

288 1370 379 1400 non
399 1355 493 1399 erit.
521 1358 574 1398 A.
600 1353 725 1397 Istud
747 1353 924 1412 quidem
949 1368 1219 1412 consequens
1237 1369 1326 1398 esse
1343 1354 1568 1398 confiteor.
1597 1353 1683 1398 Sed

283 1428 374 1486 jam
398 1425 583 1484 amplius
606 1423 943 1468 deliberandum
976 1438 1132 1468 censeo
1147 1458 1157 1477 ,
1180 1432 1331 1467 utrum
1353 1424 1550 1482 superius
1572 1439 1681 1467 con-u

287 1512 403 1541 cessa
430 1512 521 1541 non
550 1505 723 1540 nutent.
757 1498 855 1540 Non
879 1495 995 1538 enim
1025 1510 1209 1552 parvum
1233 1493 1418 1553 gradum
1451 1494 1507 1538 ad
1525 1494 1680 1538 animae

286 1566 658 1611 immortalitatem
674 1566 838 1610 factum
852 1580 942 1609 esse
955 1564 1097 1609 video.
1111 1568 1164 1608 R.
1185 1565 1368 1609 Satis-ne
1376 1564 1675 1620 considerasti,

286 1653 341 1681 ne
363 1637 470 1697 quid
491 1645 654 1680 temere
671 1634 870 1679 dederis?
892 1638 945 1679 Α.
964 1635 1074 1679 Satis
1092 1633 1294 1694 quidem,
1320 1633 1396 1678 sed
1419 1635 1530 1678 nihil
1550 1635 1677 1680 video

285 1724 374 1767 quo
395 1723 463 1751 me
481 1722 661 1765 arguam
680 1705 948 1749 temeritatis.
973 1709 1027 1748 R.
1049 1708 1164 1762 Ergo
1180 1704 1433 1749 confectum
1451 1714 1514 1749 est
1531 1721 1676 1749 rerum

283 1787 485 1821 naturam
517 1776 609 1820 sine
631 1775 775 1819 anima
812 1775 909 1819 viva
932 1789 1021 1818 esse
1045 1789 1134 1818 non
1157 1789 1295 1833 posse.
1323 1778 1373 1819 A.
1412 1775 1675 1821 Confectum

282 1850 492 1894 hactenus
510 1883 520 1903 ,
557 1857 606 1891 ut
637 1847 801 1906 possint
827 1845 1015 1890 vicissim
1050 1844 1145 1889 aliae
1167 1847 1305 1901 nasci,
1338 1845 1432 1890 aliae
1463 1848 1588 1892 mori.
1616 1851 1670 1891 R.

283 1919 401 1973 Quid
422 1920 455 1963 si
478 1918 532 1962 de
555 1926 709 1961 natura
732 1931 878 1960 rerum
901 1914 1062 1960 falsitas
1086 1914 1330 1971 auferatur,
1357 1933 1504 1961 noune
1526 1918 1602 1962 fiet
1624 1927 1673 1962 ut

282 2007 380 2035 vera
400 1991 486 2034 sint
507 1989 651 2033 omnia
675 1991 760 2032 ῩΑ.
786 1987 1007 2046 Consequi
1038 1986 1180 2031 video.
1208 1991 1260 2030 R.
1288 1987 1521 2046 Responde
1554 1988 1672 2032 unde

285 2062 362 2107 tibi
382 2062 581 2104 videatur
599 2060 736 2119 paries
753 2059 832 2103 iste
849 2073 976 2102 verus
994 2073 1098 2102 esse.
1118 2061 1170 2101 A.
1192 2059 1301 2111 Quia
1324 2060 1414 2118 ejus
1432 2074 1521 2102 non
1543 2058 1671 2103 fallor

287 2141 479 2192 aspectu.
507 2135 558 2175 R.
587 2133 702 2188 Ergo
730 2130 832 2190 quia
865 2129 923 2172 ita
945 2137 1008 2172 est
1041 2137 1091 2172 ut
1131 2128 1319 2171 videtur.
1347 2133 1397 2172 A.
1431 2130 1588 2173 Etiam.
1611 2132 1664 2173 R.

283 2206 323 2248 Si
345 2203 478 2261 igitur
500 2200 663 2259 aliquid
685 2200 787 2243 inde
808 2198 964 2244 falsum
984 2208 1048 2242 cst
1065 2197 1184 2258 quod
1203 2198 1326 2243 aliter
1343 2199 1516 2243 videtur
1536 2210 1667 2259 atque

279 2284 367 2327 est,
395 2273 496 2316 inde
517 2286 670 2315 verum
698 2270 818 2329 quod
855 2270 914 2313 ita
935 2278 985 2312 ut
1007 2278 1070 2312 est
1102 2269 1298 2323 videtur,
1337 2269 1483 2314 ablato
1516 2285 1567 2314 eo
1596 2271 1666 2314 cui

279 2344 473 2397 videtur,
491 2358 570 2385 nec
587 2341 743 2384 falsum
767 2340 1023 2399 quidquam,
1051 2355 1130 2383 nec
1148 2355 1297 2383 verum
1317 2349 1392 2383 est.
1418 2344 1474 2384 At
1497 2341 1529 2383 si
1547 2340 1665 2384 falsi-

280 2415 403 2457 tasin
423 2428 566 2456 rerum
598 2421 753 2455 natura
772 2426 860 2454 non
884 2410 965 2464 sit,
989 2425 1088 2453 vera
1110 2418 1210 2453 sunt
1232 2410 1391 2453 omnia.
1419 2413 1505 2454 Nec
1527 2410 1663 2454 videri

277 2484 518 2545 quidquam
542 2483 622 2527 nisi
639 2481 801 2526 viventi
825 2481 980 2525 animae
1003 2490 1160 2540 potest.
1188 2483 1335 2525 Manet
1358 2481 1489 2540 igitur
1520 2482 1661 2527 anima

276 2556 320 2598 in
340 2569 483 2597 rerum
506 2562 660 2597 natura
682 2587 693 2606 ,
728 2553 762 2595 si
791 2551 951 2596 auferri
988 2549 1150 2595 falsitas
1176 2566 1265 2595 non
1288 2561 1457 2610 potest,
1484 2562 1656 2607 manet,
