1871 3162
563 245 882 272 conressmnmvr
898 260 910 281 ‚
945 245 1030 270 Lm.
1066 245 1132 270 111.
1477 233 1531 273 47

153 317 202 352 ut
223 316 333 352 esset
356 307 477 367 quod
497 306 712 362 dolerem,
737 306 915 367 quando
937 307 1044 350 mihi
1065 307 1111 350 in
1132 321 1325 350 aerumna
1363 308 1501 352 aliena
1518 344 1529 364 ‚

153 387 196 422 et
216 377 321 422 falsa
337 412 348 432 ,
373 387 416 422 et
437 377 652 422 saltatoria
669 413 680 433 ,
704 393 754 422 ea
775 377 909 435 magis
930 375 1130 435 placebat
1151 375 1263 420 actio
1285 376 1503 421 histrionis
1516 412 1528 432 ‚

152 462 308 507 meque
329 447 546 493 alliciebat
576 448 875 492 vehementius
895 481 906 501 ‚
929 462 1016 506 qua
1041 446 1147 490 mihi
1179 447 1384 502 lacrymae
1405 461 1536 490 excu-

115 570 118 571 ⁷
153 517 390 560 tiebantur.
411 516 528 570 Quid
545 527 690 562 autem
711 518 871 560 mirum
885 531 986 560 cum
1008 514 1156 559 infelix
1177 530 1310 574 pecus
1332 515 1535 559 aberrans

153 601 177 629 a
199 600 328 644 grege
350 596 443 639 tuo,
468 595 510 631 et
545 586 776 645 impatiens
797 585 1005 629 custodiae
1039 594 1128 629 tuae
1149 587 1267 644 turpi
1287 585 1430 631 scabie
1450 585 1536 629 foe-

152 654 308 699 darer?
329 658 385 699 Et
406 655 507 700 inde
528 664 651 700 erant
672 654 872 699 dolorum
896 669 1062 698 amores
1078 689 1089 709 ,
1114 669 1203 698 non
1225 655 1386 714 quibus
1407 654 1536 699 altius

152 734 420 784 penetrarer3
444 741 534 770 non
555 726 669 769 enim
689 725 887 769 amabam
910 725 1012 769 talia
1031 725 1224 783 perpeti,
1250 724 1395 784 qualia
1416 740 1537 784 spec-

152 802 274 851 tare3
298 793 373 838 sed
394 795 553 854 quibus
583 793 741 839 auditis
757 803 800 838 et
821 794 930 838 fictis
947 828 958 848 ‚
982 803 1192 853 tanquam
1230 794 1277 838 in
1309 794 1536 852 superficie

152 863 324 907 raderer
351 882 360 908 :
385 879 495 923 quos
530 873 676 908 tamen
699 865 820 922 quasi
842 878 1007 920 ungues
1029 862 1316 922 scalpentium
1345 863 1536 908 fervidus

152 941 321 988 tumor,
351 942 394 977 et
421 934 564 988 tabes,
591 943 634 977 et
656 934 792 978 sanies
814 933 988 977 horrida
1022 934 1383 992 consequebatur.
1425 933 1536 978 Talis

151 1002 240 1047 vita
267 1018 386 1058 mea,
412 1002 630 1063 numquid
649 1003 738 1048 vita
760 1011 875 1058 erat,
901 1005 1014 1047 Deus
1036 1004 1185 1047 meus?

152 1183 715 1200 mmwwwwwmumwvtmmwu
720 1182 1276 1199 mmmmmxmmwmmm
1287 1183 1535 1200 ΜΛΛΛΛΝΊΜΜῑν

658 1325 873 1375 CAPUT
922 1329 1018 1374 III-

282 1479 347 1525 [η
383 1477 551 1524 schola
586 1478 789 1524 rhetoris
823 1478 886 1524 ab
923 1479 971 1524 E
977 1494 1217 1525 versorum
1237 1480 1400 1543 sczctis

689 1548 1000 1595 abhorrebat.

212 1709 265 1750 V.
284 1709 347 1750 Etr
361 1705 703 1751 circumvolebat
721 1720 851 1765 super
868 1721 938 1748 me
957 1704 1096 1750 fidelis
1114 1721 1136 1749 a
1151 1705 1278 1764 longe
1298 1706 1540 1752 misericor-

155 1777 225 1820 dia
247 1789 336 1821 tua.
358 1780 408 1820 In
428 1786 613 1836 quantas
635 1776 885 1836 iniquitates
906 1775 1112 1831 distabui,
1132 1786 1176 1820 et
1196 1777 1445 1834 sacrilegam
1467 1794 1541 1821 cu-

154 1847 389 1890 riositatem
414 1855 586 1889 secutus
609 1861 705 1889 sum
724 1880 735 1899 ,
761 1854 810 1888 ut
832 1845 1103 1889 deserentem
1126 1855 1191 1901 te,
1217 1846 1451 1890 deduceret
1472 1863 1540 1891 me

156 1915 211 1959 ad
231 1916 315 1959 ima
336 1916 469 1958 infida
501 1924 543 1958 et
566 1915 925 1958 circumventoria
947 1915 1155 1973 obsequia
1187 1917 1504 1960 daemoniorum
1525 1951 1536 1971 ‚

155 1985 313 2044 quibus
334 1983 612 2027 immolabam
633 1983 747 2027 facta
781 1998 876 2026 mea
898 1982 1009 2026 mala
1032 1993 1074 2026 et
1094 1984 1139 2027 in
1161 1985 1363 2028 omnibus
1387 1985 1540 2043 flagel-

154 2054 274 2097 labas
296 2069 363 2097 me
381 2056 398 2095 ῗ
430 2057 572 2097 Ausus
605 2068 701 2096 sum
723 2053 851 2096 etiam
874 2052 921 2095 in
943 2052 1194 2096 celebritate
1217 2053 1540 2098 solemnitatum

155 2133 347 2177 tuarum,
372 2123 485 2166 intra
501 2122 684 2182 parietes
703 2122 894 2166 ecclesiae
916 2130 1004 2165 tuae
1021 2124 1328 2182 concupiscere
1350 2133 1393 2167 et
1414 2140 1540 2183 agere

157 2192 380 2251 negotium
399 2192 664 2251 procurandi
683 2191 853 2235 fructus
876 2191 1027 2235 mortis
1051 2207 1062 2234 .·
1087 2191 1204 2234 unde
1223 2207 1291 2235 me
1309 2193 1541 2237 verberasti

159 2263 361 2321 gravibus
381 2262 550 2321 poenis3
576 2261 651 2306 sed
673 2261 782 2305 nihil
811 2260 867 2305 ad
895 2261 1069 2320 culpam
1102 2277 1243 2306 meam
1263 2297 1274 2317 ‚
1299 2279 1325 2307 o
1346 2272 1395 2307 tu
1426 2278 1540 2322 prae-

160 2331 332 2391 grandis
353 2332 643 2376 misericordia
665 2346 784 2386 mea,
804 2334 919 2377 Deus
939 2346 1083 2387 meus,
1107 2332 1327 2390 refugium
1349 2348 1495 2376 meum
1517 2349 1542 2378 a

159 2402 424 2447 terribilibus
444 2402 704 2447 nocentibus
726 2402 772 2445 in
794 2402 954 2461 quibus
977 2411 1154 2460 vagatus
1174 2418 1269 2446 sum
1295 2403 1542 2462 praefidenti

161 2472 291 2528 collo,
310 2470 366 2516 ad
385 2471 514 2531 longe
533 2471 827 2517 recedendum
849 2488 876 2517 a
894 2480 960 2527 te,
985 2487 1133 2518 amans
1153 2473 1241 2518 vias
1259 2488 1374 2520 meas
1390 2482 1433 2518 et
1452 2488 1542 2518 non

163 2553 255 2589 tuas
270 2578 282 2599 ‚
306 2559 454 2589 amans
477 2542 706 2603 fugitivam
725 2542 987 2588 libertatem.
