1871 3162
321 257 401 294 180
743 265 776 294 s.
813 266 1044 295 mensuum
1076 267 1258 296 Emscom

315 343 422 390 tere,
442 349 542 378 cum
564 334 702 392 gravis
723 343 871 392 torpor
891 334 938 378 in
961 333 1167 378 membris
1189 342 1275 389 est,
1296 346 1485 391 eumque
1501 334 1592 390 jam
1613 330 1703 375 dis-

314 404 546 464 plicentem
564 404 701 463 carpit
717 403 946 459 libentius,
983 403 1179 463 quamvis
1203 401 1409 462 surgendi
1430 410 1602 460 tempus
1626 400 1700 444 ad-

313 474 494 519 venerit.
516 477 582 518 Ita
599 483 766 518 certum
787 473 1005 517 habebam
1024 489 1113 518 esse
1134 473 1289 517 melius
1306 482 1394 517 tuae
1412 470 1612 516 charitati
1634 486 1704 515 me

313 544 472 590 dedere
488 581 498 601 ,
517 561 648 605 quam
671 559 779 589 meae
796 543 1024 604 cupiditati
1046 543 1214 588 cedere.
1244 542 1329 588 Sed
1348 541 1460 586 illud
1483 541 1701 600 placebat,

312 625 355 660 et
370 616 587 672 vincebat,
611 616 695 661 hoc
716 614 884 660 libebat
904 624 948 659 et
965 614 1199 659 vinciebat.
1222 617 1321 660 Non
1335 613 1452 657 enim
1470 621 1562 656 erat
1582 612 1704 672 quod

312 686 393 730 tibi
416 686 723 747 responderem
756 686 920 731 dicenti
942 686 1047 729 mihi
1072 705 1080 730 :
1111 704 1130 727 ι(
1162 688 1319 744 Surge,
1346 684 1422 744 qui
1445 684 1605 728 dormis
1623 717 1634 738 ,
1660 693 1704 729 et

313 775 333 797 »
368 773 527 816 exurge
555 774 578 802 a
613 758 817 812 mortuis,
853 766 897 800 et
925 756 1190 800 illuminabit
1221 766 1265 800 te
1297 755 1518 800 Christus¹
1555 773 1564 798 t
1603 772 1623 794 »
1660 763 1703 798 et

309 826 505 886 undique
528 827 776 871 ostendenti
791 841 891 871 vera
908 835 950 870 te
971 827 1114 870 dicere
1127 861 1138 881 ,
1163 841 1254 870 non
1275 834 1366 869 erat
1387 824 1565 870 omnino
1582 823 1703 883 quod

309 898 616 956 responderem
637 897 820 941 veritate
842 897 1089 952 convictus,
1115 896 1197 940 nisi
1226 905 1398 940 tantum
1420 895 1552 940 verba
1585 893 1703 938 lenta
1766 937 1770 938 ⁷

286 1008 288 1010 ,
309 977 352 1010 et
375 967 648 1012 somnolenta
672 986 681 1011 ε
706 968 863 1021 Modo,
889 982 989 1011 ecce
1009 967 1142 1011 modo
1169 987 1178 1011 ε
1207 969 1305 1012 Sine
1317 966 1560 1026 paululum.
1590 964 1672 1010 Sed
1687 1000 1698 1020 ,

312 1038 460 1093 modo,
482 1048 525 1082 et
547 1038 679 1082 modo
695 1074 705 1093 ,
732 1053 821 1082 non
843 1038 1068 1081 habebant
1090 1037 1270 1082 modum
1297 1057 1305 1081 :
1329 1047 1394 1092 et,
1421 1038 1520 1081 Sine
1543 1036 1701 1095 paulu-

307 1108 399 1152 lum
424 1144 433 1164 ,
460 1109 506 1151 in
527 1108 708 1166 longum
730 1108 837 1152 ibat.
868 1111 1045 1153 Frustra
1067 1107 1401 1152 condelectabar
1421 1108 1506 1166 legi
1528 1116 1615 1151 tuae
1632 1121 1700 1151 se-

306 1178 502 1223 cundum
527 1179 777 1222 interiorem
808 1178 1030 1222 hominem
1051 1213 1060 1233 ,
1086 1194 1187 1222 cum
1216 1177 1285 1221 lex
1321 1177 1400 1221 alia
1425 1178 1469 1221 in
1491 1177 1699 1221 membris

306 1250 410 1293 meis
429 1258 691 1307 repugnaret
713 1248 798 1306 legi
815 1249 971 1292 mentis
986 1264 1109 1302 meae,
1132 1257 1174 1292 et
1192 1249 1411 1307 captivum
1428 1263 1496 1291 me
1520 1247 1701 1292 duceret

305 1321 349 1363 in
376 1319 517 1378 legem
542 1320 706 1379 peccati
723 1354 733 1374 ,
772 1335 870 1379 quae
901 1320 946 1362 in
969 1319 1173 1363 membris
1204 1320 1307 1363 meis
1334 1328 1438 1363 erat.
1472 1322 1559 1362 Lex
1581 1318 1697 1362 enim

305 1395 472 1450 peccati
490 1400 553 1435 est
570 1390 772 1434 violentia
791 1390 1137 1445 consuetudinis,
1158 1406 1244 1450 qua
1264 1391 1452 1433 trahitur
1465 1399 1508 1434 et
1524 1399 1697 1434 tenetur

305 1461 435 1504 etiam
454 1461 613 1504 invitus
635 1460 803 1504 animus
820 1495 830 1515 ,
857 1476 907 1504 eo
931 1461 1085 1504 merito
1099 1495 1109 1515 ‚
1131 1476 1219 1519 quo
1241 1461 1285 1503 in
1308 1476 1403 1504 eam
1423 1460 1577 1504 volens
1600 1460 1696 1504 illa-

306 1532 439 1576 bitur.
463 1532 669 1577 Miserum
692 1547 794 1590 ergo
819 1546 887 1574 me
907 1531 1003 1590 quis
1024 1531 1228 1575 liberaret
1249 1532 1303 1574 de
1339 1547 1520 1590 corpore
1545 1532 1694 1575 mortis

306 1603 434 1662 hujus
449 1637 460 1657 ,
486 1603 565 1646 nisi
589 1602 724 1661 gratia
744 1611 818 1646 tua
837 1617 913 1661 per
928 1604 1076 1645 Jesum
1092 1602 1312 1646 Christum
1332 1602 1568 1646 Dominum
1591 1617 1692 1647 nos-

306 1682 423 1717 trum
437 1676 453 1698 ‘²
466 1674 485 1717 Ρ

305 1817 1689 1835 MWWMSmummmmvmmmm⁴mmmmmmNWRM

834 1941 1052 1989 CAPUT
1098 1943 1182 1989 Vi.

542 2083 852 2128 Pontitz'anus
873 2093 1047 2128 narrat
1067 2085 1270 2128 Antonii
1285 2085 1449 2128 vitam.

362 2233 486 2275 XIII.
513 2233 577 2276 ET
602 2230 657 2275 de
678 2230 854 2275 vinculo
876 2231 1055 2290 quidem
1073 2231 1271 2275 desiderii
1290 2232 1549 2276 concubitus
1565 2267 1576 2287 ,
1596 2248 1686 2292 quo

244 2321 248 2330 ¹
305 2302 540 2347 arctissimo
557 2302 759 2360 tenebar3
784 2311 827 2345 et
854 2302 1126 2346 saecularium
1165 2302 1437 2360 negotiorum
1480 2303 1685 2347 servitute

303 2373 673 2434 quemadmodum
687 2389 756 2417 me
771 2374 975 2418 exemeris
990 2374 1189 2429 narrabo,
1207 2383 1250 2418 et
1262 2374 1504 2419 confitebor
1518 2375 1686 2420 nomini

304 2455 402 2500 tuo,
432 2445 631 2500 Domine,
658 2444 829 2504 adjutor
850 2460 971 2488 meus
994 2453 1036 2488 et
1058 2443 1307 2504 redemptor
1328 2460 1463 2488 meus.
1490 2446 1683 2503 Agebam

304 2516 444 2570 solita,
469 2526 688 2563 crescente
705 2516 1000 2572 anxietudine,
1021 2525 1064 2561 et
1080 2515 1275 2576 quotidie
1295 2516 1564 2576 suspirabam
1577 2517 1680 2576 tibi,

349 2617 357 2635 '
383 2613 495 2655 tiphos.
516 2625 550 2655 v,
568 2611 618 2655 14.
643 2631 680 2635 -—
703 2621 714 2636 ⁷
734 2616 826 2646 Rom.
842 2625 901 2655 vu,
917 2613 1035 2646 22-25.
