1871 3162
208 227 290 265 238
636 239 671 269 s,
706 241 936 272 AUGUSTIM
957 245 1147 274 ,El’lscom

564 799 809 846 [Memoria
831 798 1210 861 diseiplzharum.

277 958 396 1000 XVI.
440 957 525 1001 SED
563 971 655 1001 non
689 971 739 1000 ea
759 957 848 1001 sola
871 966 1007 1015 gestat
1028 958 1237 1004 immensa
1272 960 1352 1005 ista
1372 961 1587 1020 capacitas

201 1027 422 1071 memoriae
454 1041 578 1071 meae.
613 1027 694 1071 Hic
716 1036 819 1071 sunt
840 1036 883 1071 et
909 1027 984 1072 illa
1009 1028 1156 1073 omnia
1189 1045 1288 1089 quae
1309 1029 1364 1074 de
1381 1031 1589 1075 doctrinis

200 1096 454 1141 liberalibus
483 1106 687 1157 percepta
720 1096 919 1141 nondum
953 1098 1236 1143 exciderunt:
1267 1101 1389 1160 quasi
1424 1110 1590 1145 remota

119 1223 135 1236 χ
200 1168 405 1213 interiore
431 1168 554 1224 loco,
595 1184 686 1212 non
723 1167 824 1213 loco
841 1203 852 1224 ‚
877 1183 958 1213 nec
985 1184 1136 1214 eorum
1159 1171 1390 1230 imagines,
1425 1171 1502 1216 sed
1523 1186 1588 1216 res

200 1240 313 1300 ipsas
335 1255 452 1299 gero.
486 1242 595 1284 Nam
618 1239 727 1299 quid
753 1240 809 1283 sit
839 1239 1082 1284 litteratura
1099 1275 1110 1296 ,
1140 1241 1249 1301 quid
1270 1243 1423 1301 peritia
1442 1242 1591 1302 dispu-

202 1310 350 1366 tandi,
382 1319 491 1371 quot
519 1325 680 1368 genera
702 1310 1019 1369 quaestionum,
1045 1311 1263 1370 quidquid
1284 1313 1442 1356 horum
1473 1313 1586 1368 scio,

201 1381 261 1425 sic
278 1391 341 1426 est
362 1381 408 1424 in
428 1381 635 1424 memoria
656 1395 753 1424 mea
767 1415 779 1435 ‚
799 1389 849 1424 ut
872 1395 962 1425 non
984 1389 1152 1426 retenta
1174 1381 1360 1440 imagine
1378 1399 1468 1427 rem
1486 1382 1590 1427 foris

202 1450 481 1511 reliquerim,
524 1460 600 1495 aut
632 1451 827 1494 sonuerit
860 1460 903 1494 et
937 1451 1216 1509 praeterierit,
1246 1452 1357 1496 sicut
1392 1468 1475 1497 vox
1505 1453 1592 1496 im·

201 1538 345 1583 pressa
378 1539 456 1583 per
478 1537 603 1567 aures
633 1522 818 1581 vestigio
853 1537 943 1581 quo
978 1521 1241 1566 recoleretur
1275 1524 1399 1582 quasi
1421 1533 1592 1568 sonaret

202 1609 303 1638 cum
320 1596 411 1654 jam
428 1609 518 1638 non
539 1602 714 1637 sonaret
739 1611 748 1636 :
772 1602 849 1636 aut
870 1593 981 1636 sicut
1003 1591 1112 1636 odor
1127 1591 1233 1636 dum
1253 1594 1407 1637 transit
1424 1603 1467 1638 et
1489 1609 1591 1638 eva-

203 1665 340 1709 nescit
362 1665 409 1708 in
427 1673 581 1709 ventos
613 1661 824 1708 olfactum
849 1662 982 1706 afficit
997 1697 1008 1715 ,
1035 1661 1154 1705 unde
1179 1663 1337 1721 trajicit
1354 1664 1400 1706 in
1421 1679 1590 1708 merno-

202 1736 310 1779 riam
330 1734 564 1793 imaginem
587 1734 654 1776 sui
687 1748 817 1792 quam
859 1730 1177 1776 reminiscendo
1210 1742 1487 1791 repetamus:
1516 1742 1592 1777 aut

202 1806 313 1850 sicut
329 1805 451 1849 cibus
466 1804 545 1863 qui
567 1812 685 1847 certe
701 1803 746 1846 in
769 1810 921 1846 ventre
939 1802 1028 1860 jam
1053 1816 1142 1844 non
1165 1802 1291 1860 sapit,
1313 1811 1357 1846 et
1378 1811 1524 1846 tamen
1545 1803 1592 1845 in

202 1875 410 1920 memoria
430 1875 554 1935 quasi
570 1873 682 1933 sapit
705 1892 713 1916 :
741 1881 817 1916 aut
839 1872 951 1915 sicut
967 1870 1134 1930 aliquid
1156 1871 1277 1930 quod
1293 1887 1473 1932 corpore
1494 1881 1592 1916 tan·

205 1946 347 2006 gendo
366 1947 565 1999 sentitur,
584 1943 705 2004 quod
726 1943 856 1986 etiam
877 1950 1125 2000 separatum
1145 1957 1167 1984 a
1185 1942 1310 1985 nohis
1329 1942 1592 2000 imaginatur

204 2019 428 2061 memoria.
467 2019 565 2060 Istae
587 2014 751 2074 quippe
774 2028 838 2056 res
871 2027 961 2055 non
997 2012 1350 2054 intromittuntur
1383 2010 1439 2054 ad
1464 2026 1557 2054 eam
1576 2046 1588 2066 ,

205 2088 282 2133 sed
317 2081 466 2132 earum
504 2086 607 2131 solae
635 2085 843 2143 imagines
878 2083 986 2126 mira
1007 2082 1227 2125 celeritate
1259 2081 1514 2141 capiuntur,
1548 2089 1591 2125 et

206 2159 324 2203 miris
361 2167 572 2218 tanquam
603 2156 721 2200 cellis
743 2161 1042 2214 reponuntur,
1077 2161 1120 2196 et
1157 2151 1413 2196 mirabiliter
1442 2165 1589 2197 recor-

207 2229 353 2276 dando
373 2228 671 2290 proteruntur.
