1871 3162
575 230 946 268 ¹³0L1L0Qb10nui=a½
984 231 1066 257 ΜΒ.
1105 232 1150 256 u.
1470 217 1553 259 4713

176 306 255 335 nor
284 307 410 350 ergo,
444 291 669 336 veritatem
691 309 847 352 corpus
875 308 965 337 esse
986 292 1165 352 aliquod
1181 294 1332 338 credis.
1356 298 1407 337 Α.
1427 296 1557 340 Nullo

174 360 320 405 modo.
347 363 399 405 R.
425 361 541 414 Quid
561 362 605 405 in
623 365 827 422 corpore?
852 367 902 406 A.
923 363 1075 408 Nescio
1102 381 1111 403 ε
1137 361 1245 404 nihil
1263 362 1316 405 ad
1340 356 1428 407 rem
1456 384 1464 408 :
1487 380 1556 407 ar-

175 431 312 474 bitror
335 432 446 474 enim
466 431 531 474 vel
555 431 666 476 illud
688 442 730 476 te
752 433 873 487 scire,
895 434 928 476 si
951 442 1011 475 est
1027 430 1171 485 inane,
1192 431 1324 489 magis
1345 433 1454 476 illud
1468 449 1557 479 esse

174 500 250 543 uhi
277 500 449 544 nullum
469 502 523 546 sit
545 517 717 560 corpus.
742 506 795 546 R.
825 506 916 547 Hoc
938 518 1040 547 sane
1062 501 1242 561 planum
1264 511 1342 545 est.
1367 506 1419 546 A.
1451 505 1555 563 quid

172 571 303 627 igitur
323 571 636 615 immoramur?
659 575 713 616 R.
739 576 808 616 An
830 572 911 616 tibi
933 582 1008 616 aut
1030 573 1187 615 veritas
1216 571 1388 615 videtur
1410 572 1558 617 fecisse

172 640 300 683 inane
313 675 324 693 ,
351 651 425 685 aut
441 641 606 700 aliquid
624 657 776 685 verum
791 657 880 685 esse
902 642 980 685 ubi
1001 642 1156 685 veritas
1177 656 1268 686 non
1289 641 1366 685 sit?
1383 645 1434 686 A.
1462 645 1557 688 Non

173 711 360 755 videtur.
386 716 437 756 R.
469 715 564 757 Non
588 722 651 756 est
674 728 776 770 ergo
805 713 932 756 inane
951 728 1122 768 verum,
1148 714 1248 773 quia
1271 727 1412 772 neque
1435 714 1489 758 ab
1507 730 1558 758 eo

172 782 292 841 quod
314 782 443 826 inane
466 798 554 826 non
576 792 639 826 est
653 817 663 836 ,
694 783 823 826 inane
845 783 938 826 fieri
960 793 1103 843 potest
1129 803 1138 828 :
1171 793 1214 827 et
1236 783 1355 843 quod
1377 785 1557 829 veritate

171 862 308 905 caret,
333 868 483 895 verum
504 868 593 896 non
616 867 705 896 esse
728 851 1002 897 manifestum
1018 863 1082 898 est
1107 874 1116 899 ;
1142 864 1185 898 et
1207 855 1386 898 omnino
1414 855 1556 914 ipsum

172 922 293 981 quod
310 922 438 965 inane
455 921 628 977 dicitur,
654 937 705 966 ex
722 937 773 966 eo
793 922 914 982 quod
936 923 1044 967 nihil
1058 924 1112 968 sit
1129 925 1301 970 dicitur.
1325 925 1559 978 Quomodo

170 992 301 1050 igitur
312 1002 453 1051 potest
472 1008 624 1036 verum
640 1008 728 1037 esse
744 994 866 1052 quod
884 1009 972 1038 non
987 1004 1066 1049 est,
1086 1005 1160 1039 aut
1170 996 1393 1055 quomodo
1416 1005 1559 1055 potest

171 1078 260 1107 esse
280 1063 401 1123 quod
424 1064 597 1122 penitus
617 1063 727 1108 nihil
750 1066 838 1108 est?
870 1068 921 1108 A.
951 1069 1044 1123 Age
1062 1081 1181 1110 nunc
1198 1066 1327 1111 inane
1347 1075 1559 1126 tanquam

170 1133 300 1177 inane
322 1132 584 1178 deseramus.

171 1289 1556 1311 WQNMNUQWQMN!WUWNXNWJWW¹VWUWUWWUKM1MM=WUUNWVUWUUMRQ

634 1414 851 1462 {APUT
890 1416 962 1461 XX
983 1417 1073 1461 ill.

613 1560 695 1603 An
712 1574 821 1603 vet-e
842 1560 902 1602 sit
924 1574 1110 1617 corpas.

226 1697 409 1739 XXXII.
429 1697 482 1737 R.
494 1698 610 1747 Qum
620 1693 674 1737 de
688 1696 853 1737 caeteris
866 1694 1054 1738 diciSPA.
1067 1695 1210 1748 Quid?
1227 1699 1281 1741 R.
1297 1698 1424 1751 Quod
1440 1698 1559 1744 vides

166 1766 272 1809 mihi
294 1765 529 1823 plurimum
556 1764 798 1822 suflragari.
835 1768 983 1808 Restat
1013 1765 1130 1808 enim
1153 1767 1322 1810 animus
1345 1777 1388 1812 et
1410 1772 1523 1814 Deus
1544 1805 1555 1824 ‚

166 1852 265 1895 quae
282 1837 370 1879 duo
385 1836 421 1879 si
436 1844 664 1894 propterea
686 1850 786 1880 vera
811 1843 912 1878 sunt
935 1835 1054 1895 quod
1075 1836 1120 1879 in
1141 1837 1206 1880 his
1228 1846 1291 1881 est
1304 1839 1460 1883 veritas
1477 1875 1487 1894 ‚
1503 1839 1557 1884 de

168 1907 492 1951 immortalitate
511 1907 587 1949 Dei
604 1921 731 1949 nemo
746 1906 934 1950 dubitat.
961 1906 1144 1950 Animus
1165 1917 1311 1952 autem
1329 1910 1556 1955 immorta-

167 1977 218 2020 lis
242 1977 448 2030 creditur,
477 1978 509 2020 si
539 1976 695 2019 veritas
726 1992 824 2035 quae
848 1976 1022 2020 interire
1059 1993 1146 2021 non
1170 1987 1335 2036 potest,
1361 1981 1489 2025 etiam
1513 1982 1558 2026 in

166 2045 242 2090 illo
276 2062 364 2090 esse
392 2047 615 2105 probatur.
644 2048 787 2098 Quare
813 2048 901 2105 jam
936 2046 1046 2089 illud
1077 2046 1279 2091 ultimum
1307 2050 1554 2107 videamus,

168 2125 315 2160 utrum
341 2132 500 2176 corpus
532 2132 619 2160 non
649 2117 703 2160 sit
738 2132 836 2159 vere
861 2132 1034 2170 verum,
1061 2116 1104 2160 id
1139 2127 1223 2170 est,
1251 2134 1340 2163 non
1362 2121 1406 2162 in
1431 2136 1481 2164 eo
1504 2122 1558 2166 sit
1591 2145 1594 2147 ·

170 2188 355 2242 veritas,
381 2188 455 2231 sed
480 2188 600 2246 quasi
625 2186 826 2246 quaedam
864 2187 1005 2246 imago
1035 2189 1239 2232 veritatis.
1262 2192 1370 2233 Nam
1393 2192 1426 2234 si
1449 2201 1492 2235 et
1511 2193 1555 2236 in

168 2274 348 2317 corpore
366 2294 376 2312 ,
401 2257 520 2318 quod
536 2258 633 2302 satis
646 2267 812 2301 certum
827 2267 890 2302 est
906 2259 1092 2317 recipere
1105 2259 1344 2314 interitum,
1372 2261 1456 2305 tale
1478 2278 1554 2306 ve·-

169 2344 265 2372 rum
288 2329 606 2382 invenerimus,
633 2326 762 2387 quale
784 2338 846 2371 est
880 2328 924 2370 in
947 2327 1207 2387 disciplinis,
1235 2345 1323 2374 non
1346 2333 1553 2377 continuo

169 2401 250 2443 erit
282 2399 527 2457 disputandi
556 2398 783 2457 disciplina
821 2399 975 2442 veritas
993 2434 1004 2454 ‚
1033 2416 1118 2459 qua
1146 2416 1295 2445 omnes
1318 2417 1431 2446 verae
1452 2414 1549 2447 sum

169 2469 420 2529 disciplinae.
447 2472 610 2513 Verum
635 2478 697 2513 est
726 2470 839 2513 enim
867 2479 910 2513 et
940 2486 1096 2529 corpus
1127 2471 1248 2531 quod
1266 2488 1354 2517 non
1381 2474 1564 2519 videtur·

172 2538 419 2598 disputandi
445 2540 610 2585 ratione
631 2555 720 2586 esse
745 2539 992 2584 formatum.
1023 2542 1063 2585 Si
1088 2557 1188 2586 vero
1220 2552 1262 2586 et
1284 2558 1439 2602 corpus
1462 2544 1561 2589 imisv
