1871 3162
515 228 570 255 nn
599 224 932 256 cunemannus
963 228 1158 258 nunnius.
1441 220 1526 260 499

148 293 232 337 illis
251 293 368 338 libris
388 292 713 352 leguntur‚non
730 291 971 338 evolvenda
992 301 1124 352 atque
1139 294 1371 352 aperienda
1391 305 1441 341 ut
1460 297 1529 341 in-

148 362 426 423 telligantur,
449 363 526 408 sed
547 365 605 407 sic
627 364 881 423 accipienda
913 373 964 408 ut
983 363 1141 408 litterae
1177 375 1333 410 sonant
1352 386 1364 423 3
1387 364 1529 426 deque

90 428 98 431 i
146 434 238 492 ipsa
259 434 448 478 utilitate
470 435 636 489 secreti,
662 434 781 478 unde
802 433 931 478 etiam
948 433 1153 491 mysteria
1176 443 1405 490 vocantur,
1421 436 1530 495 quid

145 503 318 548 valeant
345 504 624 563 aenigmatum
658 503 836 548 latebrae
857 505 912 550 ad
944 519 1135 550 amorem
1158 504 1348 550 veritatis
1371 521 1528 551 acuen-

147 574 270 627 dum,
294 573 699 634 decutiendumque
721 573 884 619 fastidii
900 584 1139 635 torporem,
1155 576 1247 635 ipsa
1269 577 1532 634 experientia

145 643 425 702 probandum
446 653 510 687 est
533 644 708 699 talibus,
727 659 826 688 cum
853 644 1018 704 aliquid
1042 646 1101 688 eis
1124 645 1245 705 quod
1265 645 1310 688 in
1325 655 1534 705 promptu

143 713 333 772 positum
354 729 444 758 non
471 714 531 757 ita
557 714 787 769 movebat,
823 713 1086 758 enodatione
1109 713 1328 774 allegoriae
1350 715 1532 776 alicujus

143 783 326 827 eruitur.
349 784 424 827 His
447 784 562 827 enim
580 784 765 828 maxime
784 783 892 828 utile
913 792 976 828 est
998 800 1122 830 nosse
1138 820 1150 841 ,
1175 786 1235 830 ita
1255 800 1346 830 esse
1364 800 1530 846 praepo-

144 853 309 897 nendas
332 854 709 900 verbissententias
729 888 740 908 ‚
774 863 823 898 ut
846 855 1115 914 praeponitur
1146 856 1316 900 animus
1337 857 1523 916 corpori.

140 925 204 966 Ex
223 938 311 983 quo
333 924 398 978 fit,
423 933 472 967 ut
489 923 548 967 ita
566 923 695 967 malle
717 924 906 968 debeant
923 926 1110 970 veriores
1127 941 1260 986 quam
1280 925 1526 972 disertiores

141 992 289 1036 audire
310 1008 529 1038 sermones
544 1028 555 1048 ,
580 994 690 1037 sicut
713 994 843 1038 malle
876 995 1040 1039 debent
1065 996 1371 1056 prudentiores
1392 1013 1526 1057 quam

138 1061 411 1108 formosiores
444 1065 605 1108 habere
628 1065 802 1109 amieos.
828 1066 1038 1110 Noverint
1061 1067 1192 1111 etiam
1224 1083 1314 1111 non
1340 1083 1431 1112 esse
1452 1084 1529 1113 vo-

137 1148 231 1178 cem
256 1133 309 1178 ad
332 1150 454 1179 aures
474 1135 565 1189 Dei,
583 1136 662 1178 nisi
686 1136 817 1179 animi
841 1136 1046 1180 affectum
1073 1155 1084 1182 ·.
1105 1137 1166 1182 ita
1184 1137 1301 1181 enim
1322 1153 1412 1182 non
1433 1138 1526 1183 irri-

137 1205 332 1258 debunt,
358 1206 392 1249 si
426 1205 593 1266 aliquos
632 1207 844 1251 antistites
879 1216 921 1251 et
942 1208 1162 1253 ministros
1184 1208 1391 1253 Ecclesiae
1412 1207 1526 1254 forte

136 1276 533 1330 animadverterint,
552 1275 621 1320 vel
635 1292 733 1320 cum
758 1277 1032 1322 barbarismis
1049 1288 1092 1322 et
1114 1278 1367 1323 soloecismis
1382 1282 1523 1324 Deum

134 1345 357 1401 invocare,
395 1346 463 1390 vel
487 1346 638 1390 eadem
660 1348 792 1391 verba
814 1363 912 1406 quae
936 1349 1224 1407 pronuntiant
1246 1364 1336 1394 non
1357 1349 1523 1394 intelli-

135 1431 264 1474 gere,
301 1417 637 1476 perturbateque
668 1417 949 1475 distinguere.
986 1422 1084 1464 Non
1107 1420 1208 1479 quia
1238 1421 1318 1464 ista
1342 1421 1523 1465 minime

133 1486 390 1546 corrigenda
411 1496 513 1531 sunt
531 1522 541 1541 ‚
573 1497 621 1530 ut
643 1489 833 1546 populus
849 1489 903 1532 ad
925 1490 971 1533 id
992 1490 1113 1550 quod
1134 1490 1264 1550 plane
1286 1491 1492 1551 intelligit
1506 1527 1518 1548 ,

133 1556 249 1601 dicat
270 1561 410 1601 Amen
439 1576 448 1602 ε
482 1557 557 1602 sed
581 1568 725 1602 tamen
763 1559 834 1617 pie
864 1559 1089 1603 toleranda
1117 1570 1218 1604 sunt
1242 1562 1298 1604 ab
1321 1562 1407 1616 eis,
1445 1563 1521 1622 qui

132 1625 380 1681 didicerint,
407 1636 457 1671 ut
478 1642 585 1671 sono
606 1627 651 1670 in
673 1627 787 1682 foro,
814 1629 873 1673 sic
896 1639 997 1673 voto
1018 1630 1065 1672 in
1085 1630 1278 1674 Ecclesia
1299 1630 1515 1676 benedici.

134 1700 283 1758 Itaque
304 1696 485 1742 forensis
508 1697 580 1741 illa
601 1713 919 1758 nonnunquam
946 1686 1061 1744 forte
1079 1701 1196 1745 bona
1218 1702 1351 1746 dictio
1368 1736 1380 1757 ,
1400 1718 1518 1747 nun-

130 1783 263 1827 quam
285 1776 430 1812 tamen
453 1767 701 1812 benedictio
722 1766 808 1812 dici
830 1771 1061 1827 potest.De
1083 1780 1354 1816 sacramento
1371 1781 1518 1817 autem

130 1837 252 1898 quod
272 1838 491 1897 accepturi
518 1847 642 1892 sunt,
666 1838 828 1883 sufficit
857 1838 1214 1898 prudentioribus
1234 1840 1384 1886 audire
1408 1842 1518 1902 quid

129 1923 195 1952 res
214 1907 289 1953 illa
307 1909 540 1966 significet:
557 1923 657 1952 cum
680 1907 941 1954 tardioribus
960 1918 1106 1954 autem
1130 1910 1355 1972 aliquanto
1375 1912 1515 1971 pluri-

129 1979 212 2023 bus
228 1978 371 2023 verbis
388 1987 432 2023 et
448 1978 804 2025 similitudinibus
823 1982 1042 2039 agendum
1059 1992 1138 2040 est,
1156 1999 1210 2029 ne
1231 1980 1516 2031 contemnant

128 2048 251 2109 quod
267 2049 432 2097 vident.
