1871 3162
219 211 302 249 190
646 217 680 250 s.
715 217 946 249 Aucusnm
978 218 1157 249 Emscori

216 285 385 330 bitabat
406 285 451 328 in
478 299 548 328 me
572 293 799 344 peccatum
819 285 832 309 1
851 283 906 327 de
927 281 1141 341 supplicio
1167 279 1379 325 liberioris
1400 279 1565 338 peccati
1578 313 1589 333 ,

215 356 317 416 quia
337 370 455 399 eram
476 355 589 398 filius
607 353 761 398 Adam.

273 427 440 469 XXIII.
465 427 574 470 Nam
592 424 624 468 si
642 432 709 467 tot
729 430 831 466 sunt
852 421 1078 466 contrariae
1100 430 1289 475 naturae,
1314 428 1423 480 quot
1442 417 1595 462 volun-

215 505 322 540 tates
337 495 417 538 sibi
434 495 637 538 resistunt
654 513 665 551 3
684 507 772 536 non
792 493 881 551 jam
898 491 1020 545 duae,
1037 490 1112 535 sed
1131 491 1276 550 plures
1293 499 1437 533 erunt.
1459 489 1502 533 Si
1516 487 1596 531 de-

213 565 370 608 liberet
394 565 623 624 quisquam
645 571 794 606 utrum
815 560 870 605 ad
887 560 1242 605 conventiculum
1259 574 1409 603 eorum
1427 567 1594 618 pergat,

213 650 268 679 an
287 634 342 678 ad
358 634 577 677 theatrum
596 651 604 676 :
623 632 813 676 clamant
829 631 910 675 isti.
929 633 1042 675 Ecce
1056 630 1154 675 duae
1170 639 1354 683 naturae,
1374 644 1463 672 una
1482 629 1596 671 bona

212 705 292 749 hac
313 704 434 748 ducit
448 738 459 758 ,
484 702 618 747 altera
639 701 752 747 mala
780 701 879 745 illac
909 701 1092 745 reducit.
1110 703 1219 745 Nam
1235 699 1354 743 unde
1369 700 1448 742 ista
1463 714 1597 742 cunc-

211 776 316 820 tatio
337 774 509 819 sibimet
537 773 858 818 adversantium
881 771 1191 816 voluntatum?
1213 767 1307 830 Ego
1330 778 1474 814 autem
1499 768 1597 812 dico

213 845 361 889 ambas
391 844 552 899 malas,
585 852 628 887 et
663 858 762 902 quae
795 842 852 885 ad
872 841 969 886 illos
989 841 1138 896 ducit,
1171 856 1267 900 quae
1298 839 1353 884 ad
1380 840 1599 884 theatrum

212 915 398 958 reducit.
426 914 511 958 Sed
533 929 623 957 non
644 912 831 957 credunt
847 912 927 955 nisi
943 912 1107 956 bonam
1124 926 1214 955 esse
1229 927 1316 970 qua
1332 911 1420 954 itur
1436 909 1492 954 ad
1509 924 1596 953 eos.

213 983 331 1038 Quid
351 984 386 1027 si
408 998 511 1041 ergo
528 983 758 1041 quisquam
778 990 975 1024 nostrum
993 981 1221 1034 deliberet,
1246 989 1289 1023 et
1310 995 1456 1023 secum
1471 978 1602 1022 alter-

212 1055 413 1100 cantibus
444 1052 615 1097 duabus
648 1050 948 1095 voluntatibus
970 1050 1155 1094 fluctuet
1172 1085 1183 1105 ‚
1212 1058 1362 1093 utrum
1395 1049 1449 1093 ad
1477 1049 1601 1093 thea-

212 1136 329 1171 trum
343 1133 517 1185 pergat,
544 1139 600 1167 an
621 1121 676 1167 ad
698 1121 922 1166 ecclesiam
944 1129 1152 1175 nostram,
1177 1136 1323 1165 nonne
1344 1129 1388 1164 et
1408 1120 1478 1164 isti
1494 1121 1601 1180 quid

212 1195 504 1256 respondeant
538 1193 850 1238 fluctuabunt?
883 1195 973 1236 Aut
1006 1192 1123 1235 enim
1159 1191 1417 1235 fatebuntur
1434 1226 1445 1246 ,
1481 1190 1601 1250 quod

212 1268 370 1313 nolunt
389 1301 401 1322 ,
427 1267 543 1310 bona
565 1263 792 1309 voluntate
807 1263 928 1322 pergi
952 1263 996 1306 in
1016 1261 1238 1307 ecclesiam
1260 1271 1469 1317 nostram,
1489 1263 1602 1307 sicut

211 1339 256 1383 in
283 1352 378 1382 eam
400 1345 588 1396 pergunt
617 1335 694 1396 qui
716 1334 995 1379 sacramentis
1024 1334 1115 1393 ejus
1147 1333 1306 1377 imbuti
1339 1342 1441 1377 sunt
1469 1343 1600 1393 atque

211 1409 462 1453 detinentur
489 1426 497 1452 ι
523 1415 599 1450 aut
621 1406 730 1450 duas
753 1404 887 1449 malas
909 1413 1107 1459 naturas,
1127 1412 1171 1447 et
1192 1403 1298 1447 duas
1318 1403 1452 1448 malas
1473 1419 1602 1447 men-

211 1490 274 1525 tes
295 1480 341 1523 in
358 1494 448 1523 uno
469 1477 649 1522 homine
670 1477 906 1535 confligere
926 1475 1169 1534 putabunt,
1190 1483 1233 1517 et
1250 1490 1338 1518 non
1357 1475 1436 1518 erit
1450 1490 1600 1518 verum

209 1550 330 1612 quod
351 1550 491 1594 solent
513 1549 678 1602 dicere,
704 1561 837 1590 unam
860 1546 1024 1589 bonam
1046 1553 1090 1588 et
1111 1544 1293 1588 alteram
1314 1544 1472 1589 malam
1493 1565 1500 1589 :
1525 1555 1600 1591 aut

211 1628 521 1667 convertentur
543 1616 599 1661 ad
626 1631 801 1669 verum,
836 1624 880 1658 et
913 1630 1002 1658 non
1034 1614 1259 1672 negabunt
1282 1629 1381 1658 cum
1415 1615 1599 1676 quisque

210 1692 422 1737 deliberat
444 1690 631 1734 animam
654 1701 787 1731 unam
810 1686 988 1730 diversis
1009 1684 1309 1730 voluntatibus
1337 1695 1534 1730 aestuare.

268 1763 430 1807 XXIV.
459 1763 557 1804 Jam
578 1774 682 1817 ergo
705 1773 794 1801 non
821 1756 968 1800 dicant
983 1792 993 1811 ,
1028 1771 1128 1800 cum
1151 1756 1258 1800 duas
1284 1756 1529 1802 voluntates
1551 1758 1598 1802 in

210 1832 386 1878 homine
407 1846 495 1875 uno
513 1828 730 1873 adversari
751 1827 833 1871 sibi
852 1827 1047 1871 sentiunt
1066 1861 1077 1880 ,
1097 1825 1204 1870 duas
1219 1828 1452 1871 contrarias
1470 1842 1596 1872 men-

210 1914 272 1949 tes
291 1903 346 1947 de
365 1902 537 1947 duabus
558 1897 782 1944 contrariis
811 1897 1058 1942 substantiis
1085 1905 1127 1940 et
1148 1896 1202 1940 de
1224 1896 1396 1941 duobus
1419 1908 1595 1942 contra·

210 1976 280 2019 riis
302 1971 523 2033 principiis
540 1969 825 2023 contendere,
851 1983 982 2011 unam
1012 1967 1194 2021 bonam,
1216 1966 1394 2011 alteram
1417 1968 1589 2012 malam.

208 2048 318 2092 Nam
335 2054 401 2098 tu,
418 2046 531 2088 Deus
545 2056 690 2095 verax,
711 2038 929 2098 improbas
946 2052 1034 2092 eOS,
1049 2046 1093 2081 et
1108 2036 1329 2096 redarguis
1344 2048 1476 2098 atque
1489 2053 1596 2083 con-

209 2115 344 2161 vincis
367 2129 439 2159 eos
454 2149 465 2169 ,
484 2113 595 2157 sicut
615 2112 660 2154 in
682 2119 867 2169 utraque
888 2109 1000 2153 mala
1022 2107 1270 2163 voluntate,
1290 2124 1389 2152 cum
1408 2110 1593 2170 quisque

209 2187 421 2232 deliberat
433 2194 582 2228 utrum
592 2183 813 2226 hominem
822 2195 991 2224 veneno
1001 2180 1219 2224 interimat
1230 2195 1284 2223 an
1297 2178 1411 2224 ferro
1425 2190 1594 2225 :utrum

211 2257 401 2302 fundum
415 2255 607 2299 alienum
621 2252 768 2306 illum,
791 2266 845 2294 an
863 2249 987 2293 illum
1010 2249 1210 2305 invadat,
1231 2251 1410 2310 quando
1428 2261 1596 2295 utrum-

211 2344 297 2389 que
319 2343 407 2372 non
430 2334 571 2385 potest
600 2343 608 2368 :
633 2332 782 2366 utrum
794 2330 907 2365 emat
930 2319 1200 2380 voluptatem
1222 2320 1394 2365 luxuria
1412 2357 1422 2376 ,
1440 2338 1495 2366 an
1517 2338 1595 2381 pe-

212 2399 385 2444 cuniam
412 2405 551 2441 servet
572 2394 747 2439 avaritia
776 2412 784 2436 :
810 2402 955 2436 utrum
989 2391 1044 2436 ad
1072 2392 1235 2435 circum
1257 2402 1434 2451 pergat,
1461 2409 1516 2437 an
1539 2393 1594 2437 ad

213 2471 428 2515 theatrum
444 2502 455 2522 ,
474 2467 509 2510 si
526 2481 616 2510 uno
645 2464 715 2509 die
736 2472 972 2523 utrumque
1005 2462 1259 2507 exhibeatur
1286 2482 1294 2507 z
1321 2462 1436 2508 addo
1464 2463 1593 2509 etiam

258 2557 269 2578 ¹
288 2557 380 2588 Rom.
397 2564 452 2595 vn,
471 2564 521 2595 17.
