1871 3162
349 216 406 256 34
782 230 817 260 s.
854 230 1083 259 :mensum
1116 232 1297 259 nmscom

345 293 449 337 cisse
470 293 590 353 quod
624 310 715 340 non
736 295 924 340 feceram
940 331 951 346 ,
985 311 1040 339 ne
1074 296 1242 339 viderer
1265 295 1470 355 abjectior
1497 310 1587 355 quo
1607 310 1728 340 eram

346 364 620 410 innocentior
634 401 644 420 ,
665 375 707 409 et
724 381 779 409 ne
800 366 924 410 vilior
942 365 1126 409 haberer
1142 382 1230 425 quo
1248 381 1365 410 eram
1386 366 1555 410 castior.

403 437 525 479 VIII.
553 438 665 480 Ecce
687 451 788 480 cum
810 435 971 495 quibus
993 436 1226 480 comitibus
1248 437 1329 480 iter
1357 436 1537 494 agebam
1562 435 1730 494 platea-

345 519 440 548 rum
464 505 716 563 Babyloniae
732 541 743 561 ‚
774 515 817 550 et
839 505 1069 551 volutabar
1090 506 1134 549 in
1159 521 1288 550 coeno
1310 507 1400 565 ejus
1421 541 1431 560 ,
1457 491 1664 564 tanquam
1683 504 1731 547 in

347 574 557 619 cinnamis
579 585 622 620 et
640 577 873 635 unguentis
896 576 1106 635 pretiosis.
1133 578 1190 619 Et
1209 577 1255 619 in
1279 575 1489 620 umbilico
1511 575 1624 634 ejus,
1642 588 1731 633 quo

348 645 543 689 tenacius
559 646 792 701 haererem,
818 646 1012 691 calcabat
1034 661 1101 689 me
1118 646 1317 690 inimicus
1336 644 1576 697 invisibilis,
1602 653 1643 687 et
1665 658 1733 687 se-

345 715 535 760 ducebat
551 732 621 760 me
637 751 647 771 ,
673 717 775 777 quia
799 733 878 775 ego
906 715 1126 762 seductilis
1157 732 1288 761 eram.
1314 719 1408 762 Non
1429 716 1544 760 enim
1569 724 1612 759 et
1629 714 1728 769 illa,

345 800 443 843 quae
454 786 544 844 jam
569 786 624 830 de
647 786 790 833 medio
811 786 1046 845 Babylonis
1069 786 1265 844 fugerat,
1286 786 1360 830 sed
1386 787 1477 830 ibat
1500 787 1545 829 in
1566 777 1745 830 caeteris'

345 854 436 912 ejus
459 854 619 900 tardior
646 866 785 900 mater
807 857 945 902 carnis
967 872 1076 900 meae
1094 892 1105 911 ,
1131 857 1243 900 sicut
1274 857 1444 900 monuit
1466 872 1536 900 me
1557 855 1732 914 pudici-

345 923 465 978 tiam,
487 926 545 968 ita
563 927 730 970 curavit
746 927 867 986 quod
885 926 939 971 de
962 942 1032 970 me
1056 943 1079 971 a
1097 927 1189 971 viro
1212 942 1291 971 suo
1312 927 1535 982 audierat,
1555 927 1732 986 jamque

344 995 688 1053 pestilentiosum
724 1007 767 1041 et
805 998 850 1041 in
890 1007 1113 1056 posterum
1156 996 1454 1056 periculosum
1491 995 1704 1040 sentiebat
1719 1030 1730 1050 ,

343 1068 542 1110 coercere
558 1068 744 1112 termino
762 1069 1002 1128 conjugalis
1024 1069 1230 1126 affectus,
1251 1068 1285 1112 si
1309 1067 1490 1112 resecari
1512 1065 1567 1111 ad
1587 1067 1735 1110 vivum

344 1150 434 1179 non
450 1146 634 1196 poterat.
661 1140 758 1184 Non
779 1139 945 1182 curavit
973 1139 1057 1183 hoc
1075 1173 1086 1193 ,
1113 1139 1215 1198 quia
1239 1147 1380 1182 metus
1403 1146 1494 1181 erat
1513 1152 1568 1180 ne
1597 1136 1735 1196 impe-

344 1205 510 1250 diretur
531 1222 626 1267 spes
644 1222 740 1252 mea
758 1209 968 1267 compede
986 1209 1159 1265 uxoria,
1184 1223 1274 1252 non
1291 1223 1386 1267 spes
1404 1206 1479 1250 illa
1495 1241 1507 1260 ,
1532 1222 1664 1266 quam
1687 1206 1734 1250 in

343 1284 387 1320 te
402 1275 542 1321 futuri
557 1277 702 1322 saeculi
722 1278 914 1323 habebat
935 1288 1073 1322 mater
1089 1299 1101 1336 3
1121 1278 1196 1322 sed
1217 1293 1313 1337 spes
1337 1277 1580 1321 litterarum
1597 1311 1609 1330 ,
1627 1291 1736 1336 quas

344 1355 394 1390 ut
420 1363 589 1392 nossem
613 1349 739 1392 nimis
769 1348 946 1393 volebat
967 1364 1122 1408 parens
1145 1357 1331 1408 uterque
1356 1367 1364 1393 ε
1390 1346 1464 1390 ille
1488 1347 1589 1406 quia
1613 1346 1668 1390 de
1693 1355 1735 1390 te

344 1431 480 1476 prope
515 1417 626 1461 nihil
647 1418 895 1477 cogitabat,
922 1419 977 1463 de
1009 1434 1079 1462 me
1102 1427 1248 1462 autem
1277 1417 1449 1474 inania,
1482 1416 1556 1461 illa
1589 1425 1736 1460 autem

345 1488 448 1547 quia
480 1503 570 1532 non
599 1488 742 1532 solum
771 1489 894 1533 nullo
927 1487 1218 1542 detrimento,
1250 1488 1326 1532 sed
1359 1488 1490 1532 etiam
1521 1486 1737 1532 nonnullo

348 1556 600 1616 adjumento
621 1558 677 1602 ad
698 1567 741 1602 te
762 1558 1088 1618 adipiscendum
1107 1558 1255 1602 futura
1286 1558 1558 1601 existimabat
1581 1557 1737 1601 usitata

348 1627 421 1671 illa
450 1626 595 1672 studia
628 1628 853 1672 doctrinae.
882 1631 946 1672 Ita
969 1629 1085 1672 enim
1107 1628 1291 1687 conjicio
1308 1662 1318 1682 ,
1346 1626 1540 1671 recolens
1563 1636 1612 1670 ut
1634 1642 1739 1685 pos-
1781 1669 1789 1673 ,
1840 1636 1848 1640 “

351 1712 448 1741 sum
471 1713 613 1741 mores
634 1707 864 1756 parentum
887 1713 1101 1741 meorum.
1129 1697 1455 1741 Relaxabantur
1479 1698 1606 1740 etiam
1632 1696 1739 1740 mihi

351 1767 407 1811 ad
427 1767 670 1811 ludendum
688 1768 873 1811 habenae
892 1767 1006 1811 ultra
1023 1777 1414 1827 temperamentum
1438 1767 1674 1811 severitatis
1695 1767 1740 1810 in

353 1837 681 1882 dissolutionem
704 1838 986 1883 affectionum
1010 1839 1255 1895 variarum,
1281 1847 1324 1881 et
1345 1838 1391 1880 in
1417 1838 1620 1882 omnibus
1649 1845 1741 1882 erat

356 1907 494 1967 caligo
527 1907 820 1952 intercludens
856 1908 990 1963 mihi,
1015 1911 1129 1951 Deus
1158 1923 1305 1961 meus,
1332 1908 1605 1951 serenitatem
1625 1906 1741 1951 veri-

361 1979 455 2023 tatis
477 1988 563 2023 tuae
575 2000 586 2037 3
600 1989 643 2023 et
664 1979 894 2039 prodiebat
910 1988 1118 2039 tanquam
1132 1994 1183 2022 ex
1199 1978 1323 2037 adipe
1340 1978 1545 2038 iniquitas
1565 1980 1700 2022 mea1.

405 2092 417 2109 ¹
437 2087 516 2120 Psal.
537 2097 633 2127 Lxxu,
653 2094 684 2128 7.
