1871 3162
259 181 342 220 256
696 190 729 220 s.
765 192 994 223 mausum
1027 195 1206 224 Emscom

256 259 444 302 tenuiter
474 258 780 303 meminerunt.
807 261 963 305 Adhuc
1001 261 1118 305 enim
1149 260 1371 305 modicum
1392 260 1540 304 lumen
1570 270 1633 305 est

255 329 302 373 in
334 328 584 373 hominibus
622 349 630 374 :
662 330 915 386 ambulent,
947 332 1196 387 ambulent,
1234 347 1288 376 ne
1325 346 1395 376 eos
1442 331 1633 375 tenebrae

258 399 632 458 comprehendant
647 403 676 442 ¹.

315 472 520 513 XXXIV.
544 471 633 514 Cur
655 479 801 514 autem
833 471 987 515 veritas
1012 472 1124 530 parit
1159 471 1309 516 odium
1326 506 1336 525 ,
1363 481 1405 515 et
1436 471 1636 516 inimicus

259 540 317 583 eis
339 538 478 583 factus
505 549 569 583 est
589 541 720 585 homo
748 550 849 585 tuus
878 556 1029 585 verum
1051 541 1316 601 praedicans‚
1347 557 1446 585 cum
1470 551 1637 586 ametur

258 610 385 654 beata
421 611 510 655 vita
525 646 536 666 ‚
568 627 668 671 quae
701 628 790 658 non
813 621 877 657 est
908 613 989 656 nisi
1011 612 1217 670 gaudium
1240 612 1294 657 de
1321 614 1500 658 veritate
1522 632 1532 657 ι
1557 613 1637 656 nisi

257 681 359 741 quia
382 682 439 725 sic
462 691 632 726 amatur
653 683 808 727 veritas
825 719 835 738 ,
862 693 910 727 ut
932 683 1199 743 quicumque
1223 681 1339 727 aliud
1367 693 1528 734 amant,
1554 684 1638 727 hoc

257 751 377 809 quod
400 761 546 796 amant
568 752 703 797 velint
727 768 815 797 esse
845 754 1070 798 veritatem
1098 772 1106 797 :
1132 763 1174 797 et
1196 753 1297 813 quia
1327 752 1418 796 falli
1451 752 1608 797 nolunt
1625 788 1635 807 ‚

257 821 416 864 nolunt
438 822 638 866 convinci
660 823 779 882 quod
803 822 901 867 falsi
923 823 1038 867 sint?
1061 826 1213 882 Itaque
1233 832 1409 882 propter
1433 837 1526 867 eam
1549 838 1639 866 rem

259 890 446 935 oderunt
467 893 695 936 veritatem
714 908 844 953 quam
874 909 953 952 pro
976 894 1154 937 veritate
1176 903 1336 937 amant.
1364 898 1522 937 Amant
1543 908 1640 937 eam

257 961 503 1016 lucentem,
529 964 718 1007 oderunt
747 979 843 1007 eam
879 963 1228 1022 redarguentem.
1263 965 1372 1016 Quia
1404 965 1517 1007 enim
1551 963 1642 1007 falli

259 1032 417 1076 nolunt
434 1042 475 1076 et
500 1032 649 1077 fallere
670 1033 858 1088 volunt,
884 1043 1029 1077 amant
1051 1049 1143 1078 eam
1163 1050 1262 1078 cum
1280 1050 1324 1077 se
1344 1035 1435 1092 ipsa
1453 1033 1639 1088 indicat,

259 1111 302 1146 et
324 1101 513 1146 oderunt
535 1119 629 1146 eam
654 1119 753 1147 cum
778 1119 849 1148 eos
874 1104 985 1163 ipsos
1003 1103 1179 1149 indicat.
1208 1104 1316 1147 Inde
1339 1104 1550 1147 reuibuet
1566 1103 1639 1154 eis

259 1181 309 1216 ut
331 1174 407 1232 qui
425 1189 468 1216 se
492 1174 547 1216 ab
571 1190 618 1217 ea
642 1174 911 1218 manifestari
934 1173 1111 1228 nolunt,
1140 1183 1181 1218 et
1205 1190 1274 1219 eos
1293 1174 1488 1219 nolentes
1506 1173 1644 1217 mani-

259 1243 405 1296 festet,
421 1252 464 1286 et
487 1243 546 1286 eis
567 1243 655 1303 ipsa
679 1260 768 1288 non
791 1246 843 1288 sit
866 1244 1106 1288 manifesta.
1133 1245 1199 1289 Sic
1220 1245 1277 1288 sic
1300 1245 1454 1299 etiam,
1477 1244 1535 1288 sic
1559 1243 1642 1287 ani

259 1327 356 1356 mus
378 1313 595 1357 humanus
617 1315 746 1357 etiam
766 1350 776 1369 ‚
810 1315 868 1358 sic
893 1330 1033 1358 caecus
1067 1324 1108 1358 et
1130 1314 1361 1372 languidus
1380 1350 1390 1369 ‚
1416 1315 1552 1373 turpis
1576 1323 1643 1357 at-

259 1399 345 1442 que
369 1383 571 1428 indecens
601 1385 734 1428 latere
755 1385 851 1429 vult
867 1420 877 1439 ,
909 1401 953 1429 se
978 1395 1120 1429 autem
1146 1395 1195 1429 ut
1213 1385 1343 1429 lateat
1366 1384 1531 1444 aliquid
1554 1400 1641 1427 non

261 1454 369 1499 vult.
397 1457 559 1499 Contra
588 1455 651 1499 illi
688 1456 886 1500 redditur
918 1465 968 1499 ut
989 1458 1078 1514 ipsc
1102 1472 1190 1500 non
1223 1456 1353 1499 lateat
1390 1456 1613 1500 veritatem
1631 1490 1641 1509 ,

261 1525 401 1584 ipsum
425 1535 569 1569 autem
592 1527 744 1570 veritas
771 1526 917 1570 lateat.
957 1530 1117 1569 Tamen
1149 1527 1275 1571 etiam
1301 1527 1358 1570 sic
1384 1526 1489 1569 dum
1520 1526 1645 1569 miser

262 1605 346 1650 est,
372 1597 482 1639 veris
506 1596 672 1640 mavult
701 1597 889 1653 gaudere
911 1613 1041 1656 qumi
1066 1595 1198 1640 falsis.
1225 1600 1381 1640 Beatus
1405 1612 1506 1655 ergo
1539 1597 1640 1650 erit,

262 1667 295 1709 si
331 1667 451 1711 nulla
484 1667 787 1727 interpellante
820 1668 1013 1712 molestia
1036 1703 1045 1721 ‚
1079 1667 1133 1711 de
1155 1669 1243 1727 ipsa
1266 1684 1341 1727 per
1374 1683 1504 1728 quam
1544 1683 1641 1711 vera

263 1745 365 1781 sunt
388 1738 531 1781 omnia
549 1773 559 1791 ‚
585 1737 673 1782 sola
699 1739 876 1782 veritate
900 1737 1123 1797 gaudebit.

312 1854 321 1869 ¹
342 1850 434 1881 Joan.
457 1860 511 1890 ευ,
534 1849 587 1882 35.
