1871 3162
223 205 305 245 344
648 218 679 248 s.
718 219 943 249 AUGUSTINJ
981 221 1159 249 EPISCOPI

219 403 1273 423 mmmmmwunnmmmmwwwmmwumsmmm
1279 406 1344 422 vvvl
1351 406 1414 422 ΧΊΛΊ
1420 406 1555 422 §avum
1563 407 1591 422 Vh

714 550 929 599 CAPUT
968 553 1107 599 XIX.

680 718 803 779 Quoe
826 717 1004 776 liquido
1022 734 1152 763 vera.

278 879 484 921 XXVIII.
513 880 697 937 Vsu-nim
727 888 789 923 est
815 880 947 932 enim,
974 879 1172 933 Domine,
1205 877 1352 922 secisse
1379 888 1419 923 te
1441 878 1600 922 cwlum

219 957 261 991 et
280 957 460 1004 terram3
485 957 528 992 et
548 964 697 992 verum
717 958 778 993 est
802 950 1065 1009 Principium
1084 965 1173 993 esse
1200 950 1458 1008 Sapientiam
1487 960 1603 993 tuam

219 1020 263 1062 in
280 1034 365 1078 qua
387 1018 521 1062 fecisti
543 1019 689 1063 omnia
713 1022 743 1063 ¹.
770 1023 880 1064 Item
903 1035 1051 1063 verum
1076 1029 1154 1074 est,
1176 1021 1295 1080 quod
1318 1020 1509 1063 mundus
1527 1020 1604 1063 iste

221 1088 398 1133 visibilis
418 1090 552 1134 habet
573 1104 750 1147 magnas
775 1100 914 1149 partes
932 1106 1028 1134 suas
1041 1090 1202 1135 coelum
1224 1101 1266 1135 et
1287 1101 1460 1146 terram,
1486 1091 1604 1135 brevi

221 1159 522 1218 complexione
552 1158 762 1204 factarum
794 1162 989 1205 omnium
1029 1161 1392 1221 conditarumque
1428 1170 1609 1204 natura-

220 1245 333 1273 rum.
359 1232 415 1273 Et
438 1244 589 1274 verum
612 1240 690 1284 est,
709 1231 829 1290 quod
852 1246 980 1274 omne
1002 1230 1211 1275 mutabile
1228 1232 1417 1275 insinuat
1438 1231 1604 1274 notitiae

222 1309 381 1344 nostrae
399 1300 633 1360 quamdam
653 1299 982 1356 informitatem,
1000 1318 1085 1361 qua
1104 1301 1285 1345 formam
1304 1301 1506 1361 capit,vel
1520 1317 1605 1360 qua

222 1380 416 1415 mutatur
449 1380 491 1415 et
523 1372 719 1416 vertitur.
754 1374 915 1415 Verum
949 1382 1028 1427 est,
1066 1372 1183 1416 nulla
1214 1382 1408 1431 tempora
1441 1372 1608 1431 perpeti

223 1442 345 1502 quod
372 1443 430 1487 ita
461 1443 651 1486 cohaeret
682 1442 836 1486 formae
865 1442 1229 1496 incommutabili,
1263 1452 1312 1485 ut
1340 1443 1536 1502 quamvis
1559 1443 1612 1485 sit

225 1513 453 1567 mutabile,
488 1529 576 1557 non
607 1523 815 1557 mutetur.
843 1516 1004 1557 Verum
1040 1523 1118 1567 est,
1155 1513 1483 1567 informitatem,
1514 1528 1613 1572 quae

226 1598 360 1644 prope
381 1583 491 1626 nihil
512 1593 590 1637 est,
616 1584 729 1627 vices
744 1593 989 1642 temporum
1009 1584 1168 1627 habere
1190 1599 1277 1627 non
1294 1599 1429 1642 posse.
1448 1585 1612 1626 Verum

226 1664 306 1708 est,
332 1653 452 1713 quod
470 1655 587 1698 unde
611 1655 658 1699 fit
680 1655 861 1714 aliquid,
880 1664 1020 1714 potest
1039 1654 1229 1714 quodam
1253 1669 1407 1712 genere
1428 1654 1614 1698 locutio-

227 1725 293 1768 nis
320 1724 480 1767 habere
496 1726 584 1784 jam
606 1740 766 1769 nomen
789 1727 878 1784 ejus
902 1725 960 1768 rei
984 1741 1082 1784 quae
1106 1724 1206 1768 inde
1235 1725 1306 1781 fit,
1330 1725 1446 1769 unde
1473 1726 1615 1784 potuit

227 1797 370 1840 vocari
394 1795 555 1840 coelum
587 1806 629 1839 et
652 1805 762 1839 terra
782 1796 990 1856 quaelibet
1020 1795 1276 1851 informitas,
1305 1797 1423 1841 unde
1451 1795 1615 1841 factum

227 1876 289 1910 est
303 1865 465 1910 coelum
483 1875 526 1910 et
537 1868 674 1910 terra.
697 1868 859 1910 Verum
881 1877 960 1921 est,
983 1868 1178 1910 omnium
1202 1866 1487 1911 formatorum
1508 1867 1617 1910 nihil

228 1952 316 1980 esse
349 1935 528 1981 informi
559 1936 741 1981 vicinius
769 1952 900 1997 quam
930 1946 1088 1981 terram
1123 1946 1165 1980 et
1203 1938 1421 1994 abyssum.
1454 1940 1614 1981 Verum

228 2018 306 2063 est,
334 2008 453 2068 quod
473 2024 559 2053 non
583 2008 722 2053 solum
742 2017 932 2052 creatum
954 2018 1084 2068 atque
1107 2008 1340 2052 formatum
1355 2044 1365 2062 ,
1390 2008 1464 2052 sed
1484 2009 1613 2052 etiam

228 2078 445 2138 quidquid
472 2078 658 2123 creabile
687 2088 816 2137 atque
839 2078 1067 2122 formabile
1095 2087 1184 2132 est,
1217 2088 1263 2122 tu
1289 2077 1425 2122 fecisti
1448 2094 1499 2122 ex
1527 2094 1615 2137 quo

227 2159 328 2193 sunt
348 2150 507 2193 omnia.
533 2152 694 2193 Verum
719 2159 797 2204 est,
827 2165 956 2194 omne
979 2149 1100 2208 quod
1117 2165 1166 2192 ex
1189 2150 1361 2194 informi
1386 2150 1612 2204 formatur,

230 2221 346 2278 prius
360 2235 448 2264 esse
464 2220 666 2274 informe,
694 2219 850 2265 deinde
873 2220 1122 2264 formatum.

283 2324 287 2337 ‘
313 2317 392 2347 Perit.
410 2328 473 2350 ε’·ιιῐ,
497 2317 547 2357 24.
