1871 3162
565 234 911 272 εοΝΕΕεειοὶῑυΜ,
947 235 1028 261 Lm.
1065 235 1124 260 xr.
1445 225 1526 263 307

211 302 372 345 XXIV.
404 303 591 360 Quoquo
613 301 745 344 modo
763 315 806 344 se
827 300 976 359 itaque
999 300 1157 342 habeat
1179 313 1331 342 arcana
1349 314 1530 356 praesen-

153 370 215 415 sio
231 370 496 426 futurorum‚
512 371 648 415 videri
661 370 738 414 nisi
753 369 872 430 quod
890 378 953 413 est
970 384 1058 413 non
1072 377 1228 427 potest.
1245 368 1374 421 Quod
1387 378 1532 412 autem

147 442 236 500 jam
258 451 336 496 est,
357 457 446 486 non
460 440 660 486 futurum
682 439 758 484 sed
778 455 966 499 praesens
1000 449 1078 483 est.
1115 441 1227 484 Cum
1263 453 1366 496 ergo
1397 438 1534 482 videri

152 512 356 556 dicuntur
377 511 541 566 futura,
566 527 656 556 non
672 512 762 570 ipsa
779 527 877 570 quae
902 510 1101 555 nondum
1119 518 1236 564 sunt,
1259 509 1305 553 id
1322 517 1401 564 est,
1433 524 1532 568 quae

151 581 299 626 futura
323 592 439 637 sunt,
475 582 550 627 sed
583 597 732 627 eorum
764 597 919 636 causae,
940 581 1008 625 vel
1022 581 1143 640 signa
1173 580 1355 626 forsitan
1376 578 1532 624 viden-

150 662 238 708 tur,
264 669 363 712 quae
381 656 471 713 jam
488 663 588 698 sunt
608 671 619 705 ;
642 653 741 698 ideo
757 669 846 698 non
878 652 1044 708 futura,
1073 652 1150 696 sed
1180 651 1408 711 praesentia
1430 659 1532 694 sunt

143 723 234 783 jam
255 723 521 779 videntibus,
546 740 597 768 ex
618 724 775 783 quibus
792 723 941 788 futura
958 723 1251 782 praedicantur
1269 723 1412 766 animo
1432 736 1534 765 con-

150 803 288 853 cepta.
317 799 421 847 Quae
443 811 588 839 rursus
609 795 912 854 conceptiones
931 795 1019 853 jam
1040 803 1157 849 sunt,
1182 803 1225 838 et
1247 809 1316 838 eas
1337 808 1528 852 praesen-

82 884 100 889 ’·
149 874 212 909 tes
234 865 349 924 apud
373 881 416 910 se
437 866 662 910 intuentur
683 866 760 925 qui
781 865 855 909 illa
878 864 1137 924 praedicunt.
1174 868 1400 924 Loquatur
1421 864 1526 907 mihi

150 934 328 994 aliquod
367 936 614 995 exemplum
658 945 777 980 tanta
819 951 963 979 rerum
1007 936 1291 980 numerositas
1307 970 1318 990 ‚
1356 937 1535 978 Intueor

149 1019 366 1059 auroram,
391 1006 606 1049 oriturum
624 1004 758 1049 solem
778 1005 1024 1064 praenuntio
1043 1026 1054 1063 3
1074 1006 1195 1065 quod
1208 1005 1395 1058 intueor,
1421 1019 1535 1062 prae-

148 1088 243 1118 sens
265 1084 349 1132 est3
367 1074 488 1135 quod
516 1075 779 1135 praenuntio,
805 1074 1005 1119 futurum
1032 1094 1040 1119 :
1066 1090 1156 1119 non
1185 1073 1249 1118 sol
1263 1072 1438 1117 futurus
1456 1073 1533 1132 qui

143 1146 232 1204 jam
257 1155 336 1200 est,
361 1146 437 1190 sed
455 1156 574 1191 ortus
591 1148 682 1206 ejus
704 1147 776 1206 qui
802 1147 1001 1190 nondum
1023 1155 1108 1202 est3
1134 1155 1280 1189 tamen
1312 1145 1439 1188 etiam
1457 1160 1528 1188 or-

147 1223 243 1258 tum
261 1215 404 1274 ipsum
426 1215 507 1259 nisi
533 1216 678 1260 animo
699 1216 973 1273 imaginarer,
993 1216 1105 1260 sicut
1127 1214 1258 1260 modo
1277 1230 1378 1259 cum
1396 1213 1442 1257 id
1466 1213 1534 1259 lo-

148 1300 274 1345 quor,
306 1301 395 1330 non
428 1301 527 1329 eum
563 1301 731 1345 possem
765 1286 1016 1346 praedicere.
1051 1285 1135 1331 Sed
1164 1301 1245 1330 nec
1265 1285 1339 1329 illa
1362 1300 1532 1340 aurora,

146 1371 279 1414 quam
302 1356 346 1399 in
367 1355 481 1400 coelo
497 1356 624 1401 video
640 1391 651 1412 ‚
676 1356 774 1401 solis
797 1367 917 1402 ortus
939 1366 1018 1412 est,
1041 1358 1238 1418 quamvis
1251 1372 1350 1401 eum
1374 1372 1537 1417 praece-

147 1424 245 1484 dat3
266 1441 345 1470 nec
361 1425 438 1469 illa
452 1427 702 1485 imaginatio
723 1427 768 1470 in
790 1428 934 1472 animo
956 1443 1069 1482 meo,
1091 1443 1190 1487 quae
1207 1427 1295 1472 duo
1307 1427 1536 1487 praesentia

147 1506 402 1552 cernuntur,
429 1507 480 1542 ut
501 1497 675 1542 futurus
697 1497 770 1542 ille
793 1507 894 1542 ante
912 1499 1097 1549 dicatur.
1120 1501 1286 1542 Futura
1304 1513 1405 1556 ergo
1428 1514 1537 1542 non-

149 1566 256 1610 dum
277 1576 376 1612 sunt
401 1586 410 1612 :
433 1577 476 1612 et
497 1568 531 1612 si
552 1568 748 1612 nondum
768 1577 886 1623 sunt,
911 1558 999 1613 non
1021 1578 1149 1613 sunt:
1176 1579 1220 1613 et
1241 1569 1276 1613 si
1297 1584 1386 1613 non
1409 1578 1534 1623 sunt,

147 1637 283 1680 videri
301 1638 480 1682 omnino
494 1653 583 1682 non
594 1647 775 1697 possunt
787 1659 797 1695 3
816 1637 891 1682 sed
902 1637 1079 1697 praedici
1095 1647 1276 1698 possunt
1290 1654 1341 1683 ex
1354 1653 1540 1698 praesen-

149 1706 281 1762 tibus,
307 1722 406 1767 quae
423 1708 512 1767 jam
538 1717 662 1764 sunt,
687 1717 732 1753 et
747 1707 967 1753 videntur,

1254 2612 1320 2654 20.
