1871 3162
250 237 331 274 390
684 246 717 275 s.
754 248 981 275 AUGUSTINI
1014 248 1194 276 Emscom

250 322 337 357 tem
365 331 372 356 :
418 312 463 355 in
486 311 620 356 verbo
642 321 718 357 tuo
739 328 816 372 per
849 312 1144 370 Evangelistas
1162 322 1259 357 tuos
1281 313 1465 356 animam
1485 314 1626 357 eonti-

252 392 446 437 nentem,
476 382 688 427 imit'ando
715 383 951 426 imitatores
988 384 1146 428 Christi
1180 384 1273 434 tui„
1299 387 1392 427 Hoc
1423 393 1485 426 est
1514 384 1629 427 enim

250 453 491 498 secundum
529 469 685 511 genus,
721 453 926 512 quoniam
965 452 1185 498 aemulatio
1211 455 1292 498 viri
1313 454 1368 497 ab
1387 453 1525 497 amico
1547 462 1624 497 est.

251 547 272 572 «
296 531 447 572 Estote
464 559 475 579 ,
509 525 668 584 inquit,
707 523 817 567 sicut
839 538 948 582 ego3
974 524 1076 583 quia
1101 533 1144 567 et
1173 540 1253 582 ego
1276 525 1387 568 sicut
1407 540 1484 568 vos
1507 526 1538 567 ¹.
1564 527 1630 568 lta

248 607 377 643 erunt
403 597 450 640 in
478 596 619 639 anima
654 594 753 638 viva
786 594 934 638 bestiae
968 593 1096 643 bonae
1123 594 1168 637 in
1200 594 1534 638 mansuetudine
1555 609 1630 638 ac-

250 670 392 715 tionis.
424 665 641 712 Mandasti
667 666 801 721 enim,
831 665 978 710 dicens
1007 684 1015 709 :
1036 684 1056 706 «
1075 668 1125 709 In
1142 666 1476 710 mansuetudine
1502 681 1632 725 opera

253 749 365 783 »tua
389 738 550 797 perfice
566 771 576 790 ,
601 745 644 780 et
667 736 722 779 ab
757 736 876 780 omni
898 736 1074 780 homine
1107 735 1337 794 diligeris&
1359 739 1453 780 »Et
1478 751 1633 796 pecora

251 810 368 854 bona
390 823 534 867 neque
551 807 585 851 si
606 805 982 861 manducaverint,
1007 806 1299 863 abundantia,
1323 822 1466 866 neque
1487 807 1520 850 si
1542 822 1632 851 non

252 878 643 932 manducaverint,
680 877 876 935 egentia,
907 887 951 921 et
988 887 1207 936 serpentes
1237 877 1341 921 boni
1360 913 1370 932 ,
1409 893 1497 922 non
1531 893 1633 936 per-

251 950 403 995 niciosi
435 949 489 993 ad
517 948 788 1003 nocendum,
813 947 886 991 sed
924 949 1054 992 astuti
1096 949 1149 992 ad
1169 948 1428 1002 cavendum,
1468 957 1511 992 et
1539 957 1633 993 tan-

255 1031 350 1066 tum
368 1020 638 1079 explorantes
661 1018 946 1077 temporalem
968 1027 1166 1063 naturam
1180 1054 1191 1073 ,
1213 1028 1426 1078 quantum
1448 1019 1629 1074 sufficit,

252 1101 303 1137 ut
314 1106 390 1150 per
403 1106 452 1134 ea
465 1106 563 1150 quae
579 1088 689 1134 facta
703 1098 820 1144 sunt,
836 1088 1056 1132 intellecta
1069 1090 1357 1148 conspiciatur
1369 1089 1586 1133 aeternitas
1599 1090 1631 1132 3.

257 1162 461 1209 Serviunt
491 1162 606 1204 enim
646 1161 801 1205 rationi
841 1161 935 1204 haec
963 1159 1186 1215 animalia,
1217 1175 1317 1205 cum
1350 1176 1372 1204 a
1409 1175 1634 1219 progressu

254 1226 480 1278 mortifero
501 1231 692 1276 cohibita
713 1232 867 1276 vivunt
889 1239 932 1274 et
952 1230 1066 1275 bona
1083 1240 1198 1275 sunt,

254 1425 1627 1444 ΜΜΜΛὌΜΛΝΜΜνΜΜΜΛΝἋΝᾺἜΜΜΜΜΜΜΜΛἮΜΜΜΜΜΜΜΜΜΜΜΜ

732 1583 950 1631 CAPUT
992 1583 1156 1631 XXII.

294 1741 563 1786 Faciamus
588 1742 826 1786 hominem
848 1739 919 1785 ad
933 1740 1191 1802 imaginem
1216 1749 1298 1785 etc.
1325 1742 1432 1785 Gen.
1460 1760 1497 1795 1,
1520 1746 1589 1784 26.

722 1813 961 1857 Renovatio
989 1812 1158 1857 mentis.

308 1985 496 2028 XXXII.
515 1986 624 2027 Ecca
637 1983 769 2035 enim,
784 1983 966 2028 Domine
983 1986 1097 2027 Deus
1110 1992 1270 2036 noster,
1288 1992 1456 2027 creator
1467 1992 1628 2037 noster,

249 2069 348 2098 cum
370 2055 574 2097 cohibitae
595 2053 759 2097 fuerint
778 2054 1027 2097 affectiones
1046 2053 1099 2097 ab
1119 2068 1263 2096 amore
1281 2053 1450 2107 saeculi,
1473 2053 1632 2112 quibus

245 2126 540 2169 moriebamur
568 2125 679 2168 male
710 2124 913 2178 vivendo,
941 2134 983 2168 et
1007 2125 1189 2184 coeperit
1211 2139 1300 2168 esse
1325 2125 1466 2168 anima
1487 2125 1633 2168 vivens

247 2197 360 2240 bene
382 2195 569 2239 vivendo
585 2230 596 2249 ,
623 2195 977 2254 completumque
999 2193 1131 2238 fuerit
1146 2196 1330 2239 verbum
1347 2204 1488 2249 tunm,
1512 2196 1631 2254 quod

247 2282 324 2326 per
339 2265 596 2326 Apostolum
622 2275 744 2309 tuum
764 2266 905 2310 dixisti
924 2286 932 2310 ε
957 2284 976 2306 »
996 2266 1137 2311 Nolite
1152 2265 1412 2310 conformari
1434 2267 1536 2310 huic
1557 2282 1631 2310 sae-

248 2355 268 2378 »
305 2337 432 2380 culo4
455 2356 464 2381 2
495 2355 513 2377 »
539 2337 819 2395 consequitur
832 2346 872 2379 et
892 2336 1002 2379 illud
1023 2337 1142 2396 quod
1164 2336 1393 2396 adjunxisti
1408 2337 1569 2391 statim,
1587 2346 1630 2380 et

243 2407 385 2450 dixisti
404 2427 412 2451 2
433 2426 453 2448 «
475 2407 558 2451 Sed
597 2405 890 2450 reformamini
912 2407 957 2449 in
990 2407 1179 2450 novitate
1215 2407 1370 2450 mentis
1391 2416 1544 2451 vestrae
1566 2426 1575 2451 ε
1606 2425 1624 2447 »

240 2492 329 2520 non
347 2478 434 2535 jam
456 2478 698 2520 secundum
722 2492 859 2536 genus
890 2486 1101 2536 tanquam
1128 2477 1346 2521 imitantes
1371 2476 1627 2537 praeceden-

287 2580 296 2594 1
317 2572 408 2604 Galat
446 2584 492 2613 iv,
519 2582 567 2603 1¹2.
588 2591 626 2594 —
649 2581 660 2594 ⁹
678 2573 848 2615 Eccliqn,
875 2584 922 2614 ¹9-
946 2590 985 2595 —-
1010 2572 1126 2604 3Βοιῃ.
1148 2584 1170 2614 1,
1187 2582 1227 2604 ‘20
1260 2573 1326 2602 -ίι
1347 2573 1393 2604 m.
1415 2585 1468 2614 κη,
1489 2581 1518 2604 2.
