1871 3162
610 213 956 268 coinEssmmm,
992 230 1074 257 Lm.
1109 229 1149 255 x.
1471 219 1554 256 279

181 299 326 355 gloriae
345 298 565 356 gloriatur.
591 299 686 341 Non
704 296 817 338 enim
836 309 926 338 eam
949 294 1203 345 contemnit,
1228 308 1324 335 cum
1350 293 1555 348 gloriatur

184 379 312 411 inlus.

626 682 840 728 <sipili
877 682 963 727 x&
980 682 1011 725 'x'
1027 682 1111 725 ΗΧ.

482 839 676 883 Amoris
693 836 881 897 proprii
893 837 964 880 vis
987 844 1033 880 et
1050 843 1243 880 natura.

238 999 393 1057 LXIV,
429 999 573 1040 ΕΤιΑΜ
597 997 712 1039 intus
731 1004 794 1038 est
815 992 934 1038 aliud
951 994 997 1036 in
1013 993 1165 1036 eodem
1187 1005 1344 1049 genere
1363 990 1562 1034 tentatio-2

181 1068 245 1111 nis
268 1067 446 1121 malum,
470 1082 558 1127 quo
574 1068 827 1109 inanescunt
844 1065 919 1123 qui
932 1063 1104 1123 placent
1121 1062 1202 1106 sibi
1219 1062 1346 1115 dese,
1365 1061 1560 1120 quamvis

175 1139 265 1182 aliis
293 1137 360 1181 vel
384 1153 469 1181 non
493 1138 704 1196 placeant,
731 1135 798 1179 vel
820 1133 1092 1192 displiceant,
1118 1148 1199 1176 nec
1223 1131 1396 1191 placere
1419 1132 1557 1174 affec-

183 1218 272 1252 tent
304 1209 483 1252 caeteris.
526 1208 609 1252 Sed
642 1207 724 1250 sibi
758 1205 975 1265 placentes
999 1205 1187 1248 multum
1210 1204 1288 1248 tibi
1311 1202 1557 1264 displicent,

180 1294 269 1321 non
299 1287 468 1321 tantum
490 1278 545 1321 de
573 1293 660 1321 non
686 1277 808 1320 bonis
838 1276 959 1336 quasi
989 1275 1136 1332 bonis,
1169 1288 1319 1318 verum
1348 1274 1477 1317 etiam
1506 1273 1562 1317 de

183 1349 303 1393 bonis
324 1350 407 1392 tuis
429 1349 549 1409 quasi
566 1349 651 1391 suis
670 1368 678 1392 :
699 1357 774 1391 aut
795 1346 923 1390 etiam
944 1346 1054 1390 sicut
1068 1345 1123 1389 de
1140 1346 1240 1400 tuis,
1261 1344 1336 1389 sed
1353 1353 1560 1403 tanquam

180 1435 229 1463 ex
253 1420 414 1463 meritis
434 1420 520 1463 suis
542 1439 550 1463 z
577 1429 650 1463 aut
674 1419 802 1462 etiam
825 1419 936 1463 sicut
958 1433 1008 1461 ex
1030 1426 1103 1461 tua
1127 1417 1277 1475 gratia,
1303 1431 1392 1459 non
1414 1424 1561 1459 tamen

180 1490 390 1534 socialiter
421 1488 673 1548 gaudentes,
699 1488 774 1532 sed
791 1489 882 1532 aliis
903 1488 1146 1532 invidentes
1169 1503 1233 1531 ea.
1260 1489 1310 1530 In
1331 1486 1398 1530 his
1417 1485 1560 1530 omni-

183 1562 261 1605 bus
283 1570 414 1620 atque
440 1560 741 1621 hujuscemodi
772 1559 972 1618 periculis
1005 1568 1047 1602 et
1079 1558 1304 1602 laboribus
1327 1556 1446 1601 vides
1470 1565 1559 1600 tre-

180 1646 343 1675 morem
375 1630 512 1675 cordis
547 1631 655 1687 mei,
695 1640 737 1674 vt
767 1630 949 1674 vulnera
980 1644 1077 1673 mea
1105 1630 1240 1687 magis
1267 1626 1452 1672 subinde
1474 1634 1562 1670 ate

181 1702 335 1756 sanari,
353 1716 482 1761 quam
499 1700 606 1745 mihi
623 1716 712 1746 non
724 1699 862 1758 infligi
877 1699 1031 1744 sentio.
