1871 3162
280 177 334 216 48
699 187 732 216 s.
768 187 996 217 Aucusnm
1030 190 1208 217 EPISCOPI

338 257 413 299 VI.
441 255 672 299 Habebant
692 264 736 299 et
755 255 829 299 illa
857 255 999 300 studia
1019 271 1117 315 quae
1145 256 1325 299 honesta
1353 253 1623 298 vocabantur
1641 286 1652 308 ,

277 325 459 370 ductum
480 341 608 369 suum
629 326 872 369 intuentem
904 325 997 370 fora
1023 325 1208 383 litigiosa
1223 359 1234 379 ,
1259 333 1309 368 ut
1336 323 1586 368 excellerem
1610 323 1657 365 in

275 396 334 440 eis
351 431 362 450 ,
387 397 470 453 hoc
491 395 763 451 laudabilior,
786 412 873 456 quo
895 395 1227 440 fraudulentior.
1251 398 1388 439 Tanta
1407 404 1471 438 est
1487 395 1656 438 caecitas

275 466 527 521 hominum,
555 467 610 511 de
632 467 825 510 caecitate
851 467 980 510 etiam
1007 466 1299 525 gloriantium.
1331 468 1389 509 Et
1413 466 1549 524 major
1567 466 1657 524 jam

276 552 394 581 eram
406 538 452 580 in
465 536 611 581 schola
625 537 831 594 rhetoris3
846 546 890 581 et
903 535 1143 594 gaudebam
1159 536 1360 595 superbe,
1379 545 1420 579 et
1435 535 1657 585 tumebam

275 607 436 665 typho,
460 622 712 666 quanquam
744 606 873 665 longe
907 605 1117 661 sedatior,
1153 606 1363 660 Domine,
1393 614 1442 649 tu
1476 605 1582 660 scis,
1615 613 1659 648 et

277 685 466 720 remotus
480 676 660 720 omnino
677 677 732 720 ab
745 676 1039 721 eversionibus
1054 691 1161 736 quas
1178 674 1396 720 faciebant
1408 678 1654 728 Eversores,

276 746 389 802 (hoc
411 747 526 789 enim
547 762 709 791 nomen
741 762 928 791 scaevum
952 756 994 790 et
1017 746 1280 791 diabolicum
1296 781 1307 800 ,
1347 745 1468 790 velut
1494 746 1659 802 insigne

276 817 532 861 urbanitatis
553 820 672 875 est,)
700 818 812 861 inter
834 833 944 878 quos
965 818 1164 862 vivebam
1198 817 1365 877 pudore
1395 815 1655 876 impudenti,

276 887 378 946 quia
396 885 491 930 talis
513 902 602 930 non
619 901 735 930 eram
760 903 770 930 :
797 897 839 931 et
860 903 959 932 cum
981 888 1040 931 eis
1062 903 1176 931 eram
1190 923 1201 942 ,
1227 897 1268 932 et
1292 887 1486 931 amicitiis
1508 900 1659 930 eorum

277 955 524 1000 delectabar
537 955 789 1016 aliquando,
801 973 824 1001 a
837 972 1023 1016 quorum
1036 972 1202 1016 semper
1216 956 1339 1001 factis
1352 956 1656 1009 abhorrebam,

277 1027 359 1071 hoc
382 1035 468 1080 est,
494 1026 549 1070 ab
571 1027 881 1082 eversionibus,
907 1028 1067 1086 quibus
1101 1036 1301 1086 proterve
1337 1027 1661 1070 insectabantur

276 1097 526 1155 ignotorum
557 1097 885 1152 verecundiam,
916 1112 1048 1156 quam
1071 1097 1376 1156 perturbarent
1401 1097 1531 1154 gratis
1559 1094 1663 1138 illu-

277 1166 422 1225 dendo
445 1176 576 1227 atque
598 1167 700 1212 inde
724 1169 938 1226 pascendo
961 1167 1192 1213 malevolas
1218 1166 1388 1211 laetitias
1409 1182 1520 1211 suas.
1543 1166 1662 1211 Nihil
1691 1224 1695 1227 χ

276 1248 340 1282 est
370 1237 446 1282 illo
468 1247 569 1282 actu
604 1239 782 1282 similius
814 1239 982 1283 actibus
1005 1238 1338 1283 daemoniorum.
1365 1238 1479 1290 Quid
1515 1239 1662 1296 itaque

276 1309 417 1353 verius
449 1324 582 1369 quam
613 1312 842 1354 Eversores
874 1311 1169 1354 vocarentur?
1202 1309 1350 1353 Eversi
1383 1307 1511 1366 plane
1543 1307 1661 1369 prius

275 1378 355 1436 ipsi
378 1388 508 1438 atque
531 1380 745 1438 perversi,
771 1378 1069 1423 deridentibus
1091 1394 1162 1423 eos
1185 1387 1224 1423 et
1245 1378 1553 1423 seducentibus
1574 1377 1660 1421 fal-

275 1448 441 1493 lacibus
470 1449 641 1494 occulte
673 1450 895 1510 spiritibus
913 1485 924 1506 ,
948 1450 995 1494 in
1022 1465 1074 1495 eo
1092 1450 1184 1510 ipso
1219 1465 1308 1510 quo
1344 1448 1448 1494 alios
1480 1448 1660 1493 irridere

277 1529 422 1564 amant
444 1529 487 1565 et
503 1520 668 1564 fallere.

281 1697 804 1713 mmmmmxwmmmmm
812 1697 1591 1713 mmmmxmmmwmsvmm
1597 1698 1661 1712 ννὶνὶ

784 1830 1000 1879 CAPUT
1058 1832 1142 1878 Π-

306 1984 596 2030 Hortensius
627 1985 872 2030 Ciceronis
896 1985 1125 2030 excitavit
1151 1984 1283 2028 illum
1305 1984 1376 2028 cccl
1405 1984 1631 2030 ardorem

790 2054 1124 2116 philosophice.

338 2217 435 2258 Vll.
465 2218 596 2258 INTER
618 2215 695 2257 hos
719 2229 820 2272 ogo,
846 2213 1059 2258 imbecilla
1085 2223 1189 2257 tunc
1217 2223 1343 2257 aetatc
1365 2214 1580 2259 discebam
1605 2215 1659 2258 li-

277 2285 378 2328 bros
400 2285 683 2344 eloquentiae,
701 2286 744 2327 in
764 2301 846 2343 qua
868 2285 1055 2328 eminere
1072 2285 1298 2344 cupiebam
1320 2285 1405 2327 fine
1423 2285 1661 2329 damnabili

278 2364 319 2398 et
344 2365 521 2398 ventoso
543 2370 619 2413 per
642 2354 799 2413 gaudia
822 2355 1021 2398 vanitatis
1057 2355 1258 2398 humanae
1286 2374 1294 2398 ε
1326 2364 1369 2398 et
1391 2356 1547 2399 usitato
1570 2357 1659 2415 jam

277 2424 471 2468 discendi
492 2425 644 2469 ordine
678 2440 959 2484 perveneram
993 2426 1039 2468 in
1070 2425 1232 2469 librum
1259 2426 1491 2485 quemdam
1512 2428 1659 2486 cujus-

278 2494 378 2539 dam
400 2495 640 2551 Ciceronis,
666 2496 788 2554 cujus
807 2495 1000 2553 linguam
1023 2495 1113 2540 fere
1135 2511 1283 2540 omnes
1307 2497 1532 2551 mirantur,
1560 2512 1661 2556 pec-
