1871 3162
550 268 606 295 DE
635 263 962 296 cAmcmzAnms
994 266 1049 293 Ru
1056 267 1188 294 mnus.
1470 253 1556 295 487

238 336 315 378 VI.
346 335 399 377 In
425 332 628 377 omnibus
656 346 759 377 sane
779 346 871 376 non
901 339 1074 375 tantum
1097 343 1176 372 nos
1205 337 1377 388 oportet
1397 329 1559 373 intueri

180 403 385 462 praecepti
406 402 536 446 finem
549 432 561 448 ‚
589 401 711 462 quod
731 410 794 446 est
828 401 1012 446 charitas
1029 398 1085 444 de
1104 398 1236 443 corde
1256 414 1370 457 puro
1391 408 1436 444 et
1460 414 1559 444 con-

178 473 356 519 scientia
382 471 521 528 bona,
545 481 590 516 et
613 472 700 516 fide
721 487 813 516 non
843 472 945 517 ficta
960 474 973 496 ¹
995 506 1007 526 ,
1031 484 1121 531 quo
1142 484 1193 514 ea
1214 483 1314 527 quae
1335 469 1560 528 loquimur

178 553 335 589 cuncta
366 541 601 587 referamus
627 562 636 588 ε
662 542 738 587 sed
769 543 901 587 etiam
920 541 1035 586 illius
1068 555 1199 601 quem
1222 538 1447 598 loquendo
1469 540 1559 583 ins-

177 615 363 659 truimus
376 648 388 669 ,
412 613 468 658 ad
486 613 532 658 id
554 614 795 660 movendus
813 622 944 673 atque
962 611 1068 656 illuc
1084 608 1340 669 dirigendus
1362 616 1562 668 aspectus

176 694 255 729 est.
285 688 437 745 Neque
458 685 574 729 enim
595 686 652 730 ob
674 685 794 729 aliud
815 693 917 729 ante
946 681 1186 727 adventum
1207 680 1384 725 Domini
1404 680 1562 740 scripta

176 764 279 799 sunt
315 756 462 799 omnia
499 771 599 814 quae
628 755 674 798 in
704 754 860 798 sanctis
897 752 1127 812 Scripturis
1156 751 1369 809 legimus,
1405 750 1488 794 nisi
1512 760 1563 795 ut

175 823 291 868 illius
317 823 697 868 commendaretur
715 823 930 868 adventus
946 858 958 878 ‚
997 831 1041 866 et
1058 821 1206 865 futura
1229 820 1563 880 praesignaretur

174 894 366 938 Ecclesia
380 928 391 948 ‚
415 893 462 937 id
483 903 567 947 est,
588 893 776 953 populus
799 894 877 938 Dei
898 908 975 952 per
993 907 1144 937 omnes
1167 900 1332 949 genteS,
1358 890 1479 950 quod
1500 899 1563 935 est

174 978 332 1022 corpus
352 964 468 1022 ejus,
492 963 711 1023 adjunctis
734 973 866 1023 atque
882 964 1175 1007 annumeratis
1191 961 1394 1005 omnibus
1409 961 1563 1005 sanctis

177 1035 253 1093 qui
270 1034 399 1078 etiam
422 1043 522 1078 ante
543 1033 780 1079 adventum
802 1035 892 1093 ejus
914 1034 958 1078 in
981 1035 1064 1078 hoc
1081 1033 1242 1077 saeculo
1257 1033 1480 1086 vixerunt,
1504 1032 1563 1076 ita

174 1118 276 1148 eum
311 1103 535 1147 credentes
569 1112 804 1148 venturum
843 1118 961 1158 esse,
984 1104 1094 1147 sicut
1120 1117 1199 1146 nos
1235 1101 1417 1146 venisse.
1445 1101 1564 1146 Sicut

175 1173 292 1217 enim
319 1174 454 1218 Jacob
486 1189 664 1217 manum
686 1174 806 1233 prius
829 1173 935 1218 dum
962 1182 1210 1218 nasceretur
1232 1171 1374 1215 emisit
1395 1187 1446 1215 ex
1466 1181 1565 1215 ute-

175 1259 224 1288 ro
242 1279 254 1298 ,
271 1259 358 1303 qua
376 1245 505 1288 etiam
525 1244 683 1303 pedem
704 1245 1008 1305 praenascentis
1029 1242 1171 1288 fratris
1193 1242 1390 1297 tenebat,
1406 1241 1564 1287 deinde

175 1313 329 1374 utique
352 1323 548 1358 secutum
573 1324 635 1358 est
658 1327 789 1374 caput
807 1349 819 1368 ‚
843 1324 936 1359 tum
959 1313 1136 1358 demum
1165 1312 1405 1358 necessario
1427 1327 1564 1356 mem—

176 1383 256 1427 bra
290 1387 477 1428 caetera²
504 1402 513 1428 ε
539 1383 613 1427 sed
650 1393 796 1428 tamen
824 1394 957 1443 caput
985 1399 1074 1428 non
1106 1392 1274 1427 tantum
1299 1398 1348 1425 ea
1370 1382 1563 1426 membra

177 1468 277 1513 quae
306 1463 453 1498 secuta
491 1463 593 1497 sunt
610 1489 622 1508 ,
661 1455 737 1498 sed
762 1456 891 1498 etiam
924 1455 1059 1514 ipsam
1080 1468 1261 1497 manum
1282 1468 1380 1512 quae
1403 1453 1448 1495 in
1471 1467 1565 1496 nas·

177 1521 317 1567 cendo
355 1523 569 1581 praecessit
585 1558 596 1577 ,
644 1523 854 1580 dignitate
893 1540 942 1568 ac
982 1532 1194 1582 potestate
1241 1521 1449 1582 praecedit
1471 1543 1482 1579 3
1522 1531 1565 1566 et

177 1592 375 1652 quamvis
406 1607 494 1636 non
525 1601 721 1651 tempore
753 1593 1016 1652 apparendi,
1041 1602 1188 1636 tamen
1220 1602 1388 1636 naturae
1411 1591 1564 1635 ordine

176 1662 296 1720 prius
325 1670 387 1705 est
415 1680 423 1705 :
447 1662 505 1705 ita
539 1670 582 1705 et
603 1662 814 1706 Dominus
850 1665 973 1707 Jesus
996 1662 1194 1706 Christus
1216 1662 1294 1705 etsi
1330 1670 1565 1721 antequam

178 1739 403 1789 appareret
425 1730 469 1772 in
492 1745 642 1784 carne,
663 1740 706 1773 et
734 1730 926 1790 quodam
954 1731 1087 1774 modo
1105 1747 1156 1774 ex
1175 1740 1301 1775 utero
1325 1731 1477 1774 secreti
1499 1731 1565 1774 sui

178 1802 231 1845 ad
254 1800 483 1844 hominum
505 1799 653 1844 oculos
675 1800 891 1845 Mediator
907 1801 986 1844 Dei
1003 1809 1046 1844 et
1060 1801 1289 1844 hominum
1307 1801 1440 1844 homo
1461 1816 1565 1860 pro—

178 1870 367 1924 cederet,
383 1871 459 1930 qui
484 1879 548 1913 est
569 1885 698 1928 super
716 1885 866 1914 omnes
884 1874 997 1915 Deus
1014 1870 1272 1915 benedictus
1288 1871 1334 1914 in
1357 1870 1514 1915 saecula
1529 1873 1562 1927 ³,

178 1939 383 2000 praemisit
420 1941 466 1982 in
498 1940 656 1983 sanctis
689 1940 947 1986 Patriarchis
981 1950 1024 1985 et
1065 1940 1291 2000 Prophetis
1328 1940 1565 1999 quamdam

180 2019 347 2071 partem
370 2011 560 2068 corporis
589 2010 676 2064 sui,
702 2027 789 2070 qua
810 2010 932 2055 velut
958 2026 1092 2054 manu
1118 2026 1162 2054 se
1184 2010 1453 2054 nasciturum
1474 2026 1565 2055 esse

179 2080 479 2140 praenuntians
492 2115 504 2134 ,
532 2081 661 2124 etiam
683 2080 896 2140 populum
916 2080 1235 2140 praecedentem
1252 2083 1454 2140 superbe,
1470 2083 1565 2126 vin-

182 2151 291 2197 culis
310 2150 417 2209 legis
444 2159 655 2211 tanquam
683 2151 826 2210 digitis
856 2152 1053 2211 quinque
1073 2151 1370 2211 supplantavit
1395 2172 1404 2197 :
1434 2153 1567 2212 (quia

183 2232 226 2266 et
242 2237 318 2280 per
339 2222 537 2281 quinque
557 2231 806 2280 temporum
825 2222 1028 2267 articulos
1049 2223 1333 2282 praenuntiari
1356 2232 1567 2268 venturus

184 2291 522 2351 prophetarique
533 2307 621 2335 non
635 2290 820 2348 destitit,
835 2302 877 2336 et
893 2293 995 2337 huic
1010 2293 1071 2336 rei
1088 2308 1328 2338 consonans
1345 2308 1422 2352 per
1435 2308 1566 2353 quem

183 2362 253 2406 lex
274 2361 374 2405 data
403 2371 488 2417 est,
521 2363 718 2422 quinque
738 2362 871 2407 libros
901 2364 1184 2422 conscripsit:
1210 2372 1254 2407 et
1274 2363 1450 2422 superbi
1472 2379 1568 2407 car-

184 2431 338 2475 naliter
351 2431 598 2487 sentientes,
621 2441 664 2476 et
678 2447 798 2476 suam
812 2433 1025 2492 justitiam
1043 2432 1235 2477 volentes
1256 2433 1518 2478 constituere
1531 2435 1565 2489 4,

247 2529 258 2547 ¹
283 2538 297 2560 1
318 2527 398 2559 Tim.
425 2539 451 2569 1,
470 2528 503 2561 5.
531 2545 571 2552 -
591 2530 698 2562 ’Gen
725 2539 802 2570 xxv,
825 2528 878 2561 25.
899 2545 940 2552 -
963 2526 976 2552 3
1002 2540 1015 2561 1
1035 2528 1116 2562 Tim,
1132 2539 1169 2569 11,
1188 2528 1224 2570 5,
1249 2534 1281 2561 et
1297 2530 1388 2562 Rom.
1407 2539 1453 2569 xx,
1475 2529 1506 2560 5.
1526 2544 1565 2551 -

191 2580 206 2611 4
224 2583 315 2615 Rom.
340 2593 374 2623 x,
397 2582 427 2614 3.
