1871 3162
234 214 318 255 214
668 230 700 257 s.
737 226 966 258 Aucusnm
998 230 1180 257 131²1sc01²1

231 307 460 352 nunquam
479 291 609 336 fuisse
641 293 838 337 auditum
857 328 868 349 ,
905 303 982 338 aut
1014 293 1160 354 aliquo
1186 292 1346 338 indicio
1380 292 1581 338 claruisse
1600 328 1611 348 ,

233 361 352 420 quod
389 363 598 406 Patricius
620 362 824 406 ceciderit
845 378 1048 417 uxorem,
1073 373 1149 407 aut
1169 362 1289 423 quod
1315 380 1338 408 a
1364 378 1408 407 se
1430 363 1616 408 invicem

233 432 303 476 vel
325 448 463 476 unum
501 433 614 476 diem
653 432 888 476 domestica
924 432 1000 476 lite
1031 434 1332 489 dissenserint,
1367 443 1410 477 et
1443 448 1615 477 causam

234 501 501 546 familiariter
538 511 782 561 quaererent
803 537 813 556 ,
850 501 1035 546 docebat
1074 503 1147 547 illa
1183 504 1427 547 institutum
1462 518 1613 556 suum,

234 572 352 632 quod
376 587 503 630 supra
530 572 780 615 memoravi.
806 576 911 624 Quae
932 572 1244 628 observabant,
1268 582 1443 631 experte
1467 581 1617 630 gratu-

231 641 437 685 labantur
455 662 466 698 3
491 656 590 700 quae
612 656 702 684 non
719 641 1028 696 observabant,
1049 643 1255 701 subjectae
1273 643 1555 686 vexabantur.

290 714 388 754 XX.
418 713 597 755 Socrum
621 712 747 754 etiam
773 727 893 755 suam
916 712 1056 770 primo
1082 713 1265 755 susurris
1295 712 1507 755 malarum
1537 726 1617 754 an-

231 782 429 826 cillarum
453 781 656 824 adversus
678 796 721 824 se
739 782 949 825 irritatam
969 818 979 837 ,
1002 783 1061 826 sic
1078 774 1181 826 vicit
1205 782 1420 841 obsequiis
1436 817 1446 835 ‚
1472 795 1619 840 perse-

228 868 381 895 verans
404 852 632 895 tolerantia
659 860 701 894 et
730 852 1086 906 mansuetudine,
1112 862 1161 896 ut
1186 851 1260 895 illa
1290 852 1405 895 ultro
1428 851 1519 896 filio
1541 868 1620 896 suo

230 922 393 966 medias
421 922 592 980 linguas
624 920 888 964 famularum
918 922 1123 980 proderet
1142 957 1153 976 ,
1186 921 1347 981 quibus
1370 923 1483 966 inter
1512 938 1556 965 se
1578 931 1621 966 et

227 1009 389 1037 nurum
420 1009 505 1052 pax
530 993 765 1036 domestica
797 993 1076 1049 turbabatur,
1109 1002 1417 1052 expeteretque
1449 992 1621 1036 vindic-

229 1075 333 1109 tam.
364 1067 516 1122 Itaque
534 1073 816 1122 posteaquam
836 1063 909 1106 ille
931 1073 974 1106 et
997 1064 1119 1106 matri
1144 1063 1465 1121 obtemperans,
1483 1072 1525 1106 et
1543 1077 1621 1106 cu-

229 1150 329 1178 rans
348 1134 521 1177 familiae
539 1133 827 1192 disciplinam,
847 1143 890 1176 et
909 1133 1155 1177 concordiae
1173 1148 1350 1178 suorum
1373 1131 1618 1184 consulens,

231 1205 427 1264 proditas
444 1203 498 1246 ad
515 1202 734 1261 prodentis
758 1203 983 1246 arbitrium
1008 1203 1261 1246 verberibus
1283 1203 1498 1252 coercuit,
1519 1218 1622 1261 pro-

230 1275 346 1318 misit
368 1273 441 1317 illa
459 1274 557 1316 talia
580 1272 634 1316 de
655 1289 699 1316 se
722 1273 899 1332 praemia
923 1288 1094 1331 sperare
1116 1272 1275 1315 debere
1293 1307 1303 1326 ,
1329 1287 1622 1332 quaecumque

230 1345 284 1388 de
307 1360 380 1388 sua
404 1359 518 1387 nuru
541 1344 649 1396 sibi,
678 1359 766 1403 quo
790 1342 978 1402 placeret
995 1378 1005 1397 ,
1024 1342 1126 1385 mali
1149 1341 1310 1402 aliquid
1337 1342 1618 1401 loqueretur3

226 1415 540 1474 nullaquejam
568 1413 779 1468 audente,
804 1413 1077 1457 memorabili
1100 1413 1212 1456 inter
1234 1428 1278 1456 se
1305 1412 1622 1457 benevolentiae

231 1485 442 1529 suavitate
460 1484 673 1527 vixerunt.
756 1476 759 1477 ⁷

284 1557 406 1599 XXI.
426 1557 519 1598 Hoc
537 1569 713 1614 quoque
732 1553 794 1597 illi
813 1554 930 1597 bono
948 1553 1161 1611 mancipio
1178 1563 1270 1606 tuo,
1292 1553 1336 1595 in
1353 1553 1474 1612 cujus
1493 1562 1621 1598 utero

233 1640 300 1668 me
322 1625 497 1678 creasti,
524 1627 637 1667 Deus
661 1639 797 1677 meus,
825 1622 1117 1666 misericordia
1140 1637 1251 1673 mea,
1278 1638 1438 1665 munus
1459 1623 1624 1680 grande

232 1694 494 1747 donaveras,
519 1692 638 1752 quod
653 1693 763 1736 inter
788 1691 1041 1735 dissidentes
1066 1701 1197 1751 atque
1219 1691 1435 1735 discordes
1458 1692 1624 1752 quasli-

234 1768 309 1809 bet
331 1765 515 1816 animas‚
543 1763 623 1805 ubi
641 1772 832 1820 poterat,
861 1771 946 1804 tam
975 1776 1018 1803 se
1045 1761 1549 1820 praebebatrpacificam,
1579 1772 1625 1806 ut

232 1849 332 1878 cum
356 1834 410 1877 ab
450 1841 635 1891 utraque
658 1830 795 1873 multa
820 1829 874 1873 de
915 1830 1099 1877 invicem
1134 1830 1303 1875 audiret
1333 1831 1621 1887 amarissima,

233 1904 377 1965 qualia
400 1902 508 1946 solet
535 1910 730 1944 eructare
765 1910 938 1958 turgens
971 1910 1103 1959 atque
1138 1900 1346 1957 indigesta
1380 1900 1621 1956 discordia,

232 1973 411 2034 quando
429 1971 631 2032 praesenti
653 1971 801 2014 amicae
819 1970 874 2013 de
896 1970 1075 2012 absente
1096 1970 1270 2013 inimica
1292 1985 1369 2028 per
1391 1970 1511 2014 acida
1535 1971 1623 2014 col-

230 2045 379 2104 loquia
403 2042 592 2087 cruditas
617 2040 842 2084 exhalatur
864 2039 1062 2083 odiorum
1079 2074 1090 2093 ,
1116 2038 1225 2082 nihil
1248 2049 1394 2082 tamen
1422 2039 1546 2084 alteri
1567 2041 1623 2084 de

233 2115 367 2159 altera
390 2112 593 2172 proderet
608 2146 618 2165 ,
657 2111 738 2154 nisi
761 2109 881 2169 quod
911 2109 966 2153 ad
988 2124 1058 2153 eas
1079 2109 1419 2154 reconciliandas
1441 2110 1618 2155 valeret.

234 2190 422 2230 Parvum
438 2184 522 2227 hoc
545 2183 708 2226 bonum
733 2180 840 2224 mihi
856 2179 1079 2225 videretur
1094 2215 1105 2234 ,
1130 2180 1210 2223 nisi
1233 2180 1384 2224 turbas
1418 2181 1622 2226 innume-

233 2255 391 2299 rabiles
414 2253 543 2297 tristis
565 2252 779 2311 experirer
794 2285 805 2305 ,
843 2250 989 2293 nescio
1015 2265 1103 2309 qua
1128 2249 1347 2294 horrenda
1376 2250 1621 2309 pestilentia

233 2334 511 2385 peccatorum
554 2322 757 2366 latissime
792 2330 1054 2380 pervagante
1073 2355 1083 2373 ,
1116 2335 1206 2364 non
1238 2319 1379 2363 solum
1410 2321 1619 2364 iratorum

232 2396 506 2439 inimicorum
523 2393 641 2436 iratis
673 2392 856 2435 inimicis
878 2391 992 2434 dicta
1026 2389 1210 2449 prodere
1226 2425 1237 2442 ,
1262 2388 1336 2433 sed
1368 2390 1497 2433 etiam
1519 2406 1618 2451 quae

233 2480 323 2508 non
345 2464 461 2507 dicta
481 2472 584 2507 sunt
604 2462 790 2518 addere3
820 2476 920 2505 eum
943 2469 1094 2504 contra
1118 2459 1286 2503 homini
1313 2460 1509 2504 humano
1538 2476 1617 2520 pa-

228 2550 327 2578 rum
357 2549 450 2578 esse
483 2533 639 2577 debeat
667 2532 912 2576 inimicitias
946 2530 1173 2574 hominum
1207 2545 1286 2573 nec
1322 2531 1505 2574 excitare
1538 2546 1618 2574 nec
