<?xml version="1.0" encoding="UTF-8"?>
<!DOCTYPE html PUBLIC "-//W3C//DTD XHTML 1.0 Transitional//EN"
    "http://www.w3.org/TR/xhtml1/DTD/xhtml1-transitional.dtd">
<html xmlns="http://www.w3.org/1999/xhtml" xml:lang="en" lang="en">
 <head>
  <title>
</title>
<meta http-equiv="Content-Type" content="text/html;charset=utf-8" />
  <meta name='ocr-system' content='tesseract 3.04.00' />
  <meta name='ocr-capabilities' content='ocr_page ocr_carea ocr_par ocr_line ocrx_word'/>
</head>
<body>
  <div class='ocr_page' id='page_1' title='image "./operaomniaaccura25auguuoft_0128.png"; bbox 0 0 1871 3162; ppageno 0'>
   <div class='ocr_carea' id='block_1_1' title="bbox 315 330 1246 369">
    <p class='ocr_par' dir='ltr' id='par_1_1' title="bbox 315 330 1246 369">
     <span class='ocr_line' id='line_1_1' title="bbox 315 330 1246 369; baseline 0.001 -2"><span class='ocrx_word' id='word_1_1' title='bbox 315 330 395 368; x_wconf 90' lang='lat'>118</span> <span class='ocrx_word' id='word_1_2' title='bbox 734 340 767 369; x_wconf 90' lang='lat' dir='ltr'>s.</span> <span class='ocrx_word' id='word_1_3' title='bbox 804 340 1034 368; x_wconf 67' lang='lat' dir='ltr'>Anausnm</span> <span class='ocrx_word' id='word_1_4' title='bbox 1067 341 1246 368; x_wconf 70' lang='lat' dir='ltr'>nmscom</span> 
     </span>
    </p>
   </div>
   <div class='ocr_carea' id='block_1_2' title="bbox 307 402 1688 606">
    <p class='ocr_par' dir='ltr' id='par_1_2' title="bbox 307 402 1688 606">
     <span class='ocr_line' id='line_1_2' title="bbox 307 402 1686 466; baseline -0.001 -16"><span class='ocrx_word' id='word_1_5' title='bbox 307 421 410 450; x_wconf 89' lang='lat' dir='ltr'>vero</span> <span class='ocrx_word' id='word_1_6' title='bbox 425 407 551 450; x_wconf 87' lang='lat' dir='ltr'>etiam</span> <span class='ocrx_word' id='word_1_7' title='bbox 565 407 755 466; x_wconf 84' lang='lat' dir='ltr'>comperi</span> <span class='ocrx_word' id='word_1_8' title='bbox 777 406 831 450; x_wconf 87' lang='lat' dir='ltr'>ad</span> <span class='ocrx_word' id='word_1_9' title='bbox 853 407 1084 464; x_wconf 83' lang='lat' dir='ltr'>imaginem</span> <span class='ocrx_word' id='word_1_10' title='bbox 1106 415 1226 450; x_wconf 89' lang='lat' dir='ltr'>tuam</span> <span class='ocrx_word' id='word_1_11' title='bbox 1247 406 1466 450; x_wconf 87' lang='lat' dir='ltr'>hominem</span> <span class='ocrx_word' id='word_1_12' title='bbox 1489 420 1512 448; x_wconf 91' lang='lat' dir='ltr'>a</span> <span class='ocrx_word' id='word_1_13' title='bbox 1533 413 1576 448; x_wconf 90' lang='lat' dir='ltr'>te</span> <span class='ocrx_word' id='word_1_14' title='bbox 1598 402 1686 448; x_wconf 86' lang='lat' dir='ltr'>sac-</span> 
     </span>
     <span class='ocr_line' id='line_1_3' title="bbox 307 475 1688 537; baseline -0.001 -16"><span class='ocrx_word' id='word_1_15' title='bbox 307 486 425 531; x_wconf 84' lang='lat' dir='ltr'>tum,</span> <span class='ocrx_word' id='word_1_16' title='bbox 449 494 471 521; x_wconf 89' lang='lat' dir='ltr'>a</span> <span class='ocrx_word' id='word_1_17' title='bbox 501 477 760 536; x_wconf 73' lang='lat' dir='ltr'>spiritalibus</span> <span class='ocrx_word' id='word_1_18' title='bbox 782 476 878 521; x_wconf 71' lang='lat' dir='ltr'>filiis</span> <span class='ocrx_word' id='word_1_19' title='bbox 905 477 988 521; x_wconf 82' lang='lat' dir='ltr'>tuis</span> <span class='ocrx_word' id='word_1_20' title='bbox 1014 493 1122 537; x_wconf 90' lang='lat' dir='ltr'>quos</span> <span class='ocrx_word' id='word_1_21' title='bbox 1146 477 1200 521; x_wconf 89' lang='lat' dir='ltr'>de</span> <span class='ocrx_word' id='word_1_22' title='bbox 1222 486 1357 520; x_wconf 88' lang='lat' dir='ltr'>matre</span> <span class='ocrx_word' id='word_1_23' title='bbox 1379 475 1587 520; x_wconf 82' lang='lat' dir='ltr'>catholica</span> <span class='ocrx_word' id='word_1_24' title='bbox 1611 490 1688 534; x_wconf 89' lang='lat' dir='ltr'>per</span> 
     </span>
     <span class='ocr_line' id='line_1_4' title="bbox 308 545 1688 606; baseline -0.001 -16"><span class='ocrx_word' id='word_1_25' title='bbox 308 547 486 606; x_wconf 78' lang='lat' dir='ltr'>gratiam</span> <span class='ocrx_word' id='word_1_26' title='bbox 516 548 789 605; x_wconf 80' lang='lat' dir='ltr'>regenerasti,</span> <span class='ocrx_word' id='word_1_27' title='bbox 819 562 908 592; x_wconf 91' lang='lat' dir='ltr'>non</span> <span class='ocrx_word' id='word_1_28' title='bbox 929 548 988 591; x_wconf 90' lang='lat' dir='ltr'>sic</span> <span class='ocrx_word' id='word_1_29' title='bbox 1011 547 1193 605; x_wconf 82' lang='lat' dir='ltr'>intelligi</span> <span class='ocrx_word' id='word_1_30' title='bbox 1214 557 1263 591; x_wconf 93' lang='lat' dir='ltr'>ut</span> <span class='ocrx_word' id='word_1_31' title='bbox 1285 547 1466 590; x_wconf 88' lang='lat' dir='ltr'>humani</span> <span class='ocrx_word' id='word_1_32' title='bbox 1499 545 1688 605; x_wconf 87' lang='lat' dir='ltr'>corporis</span> 
     </span>
    </p>
   </div>
   <div class='ocr_carea' id='block_1_3' title="bbox 305 616 1710 676">
    <p class='ocr_par' dir='ltr' id='par_1_3' title="bbox 305 616 1710 676">
     <span class='ocr_line' id='line_1_5' title="bbox 305 616 1710 676; baseline -0.001 -15"><span class='ocrx_word' id='word_1_33' title='bbox 305 616 444 661; x_wconf 86' lang='lat' dir='ltr'>forma</span> <span class='ocrx_word' id='word_1_34' title='bbox 466 627 508 661; x_wconf 90' lang='lat' dir='ltr'>te</span> <span class='ocrx_word' id='word_1_35' title='bbox 535 618 814 661; x_wconf 88' lang='lat' dir='ltr'>terminatum</span> <span class='ocrx_word' id='word_1_36' title='bbox 847 616 1073 662; x_wconf 81' lang='lat' dir='ltr'>crederent</span> <span class='ocrx_word' id='word_1_37' title='bbox 1100 626 1230 676; x_wconf 87' lang='lat' dir='ltr'>atque</span> <span class='ocrx_word' id='word_1_38' title='bbox 1251 617 1514 674; x_wconf 84' lang='lat' dir='ltr'>cogitarent:</span> <span class='ocrx_word' id='word_1_39' title='bbox 1545 630 1710 675; x_wconf 58' lang='lat' dir='ltr'>quan-&#39;</span> 
     </span>
    </p>
   </div>
   <div class='ocr_carea' id='block_1_4' title="bbox 246 685 1692 1449">
    <p class='ocr_par' dir='ltr' id='par_1_4' title="bbox 246 685 1692 1449">
     <span class='ocr_line' id='line_1_6' title="bbox 305 685 1689 747; baseline -0.002 -16"><span class='ocrx_word' id='word_1_40' title='bbox 305 703 436 747; x_wconf 86' lang='lat' dir='ltr'>quarn</span> <span class='ocrx_word' id='word_1_41' title='bbox 454 686 675 747; x_wconf 91' lang='lat' dir='ltr'>quomodo</span> <span class='ocrx_word' id='word_1_42' title='bbox 691 703 735 731; x_wconf 90' lang='lat' dir='ltr'>se</span> <span class='ocrx_word' id='word_1_43' title='bbox 752 688 933 732; x_wconf 85' lang='lat' dir='ltr'>haberet</span> <span class='ocrx_word' id='word_1_44' title='bbox 950 687 1151 747; x_wconf 88' lang='lat' dir='ltr'>spiritalis</span> <span class='ocrx_word' id='word_1_45' title='bbox 1166 687 1422 741; x_wconf 88' lang='lat' dir='ltr'>substantia,</span> <span class='ocrx_word' id='word_1_46' title='bbox 1439 701 1494 730; x_wconf 92' lang='lat' dir='ltr'>ne</span> <span class='ocrx_word' id='word_1_47' title='bbox 1511 685 1689 745; x_wconf 91' lang='lat' dir='ltr'>quidem</span> 
     </span>
     <span class='ocr_line' id='line_1_7' title="bbox 304 755 1689 817; baseline -0.002 -16"><span class='ocrx_word' id='word_1_48' title='bbox 304 758 493 801; x_wconf 86' lang='lat' dir='ltr'>tenuiter</span> <span class='ocrx_word' id='word_1_49' title='bbox 523 767 653 817; x_wconf 89' lang='lat' dir='ltr'>atque</span> <span class='ocrx_word' id='word_1_50' title='bbox 679 758 724 802; x_wconf 91' lang='lat' dir='ltr'>in</span> <span class='ocrx_word' id='word_1_51' title='bbox 751 758 978 816; x_wconf 75' lang='lat' dir='ltr'>aenigmate</span> <span class='ocrx_word' id='word_1_52' title='bbox 1007 757 1282 817; x_wconf 72' lang='lat' dir='ltr'>suspicabar,</span> <span class='ocrx_word' id='word_1_53' title='bbox 1318 765 1463 800; x_wconf 85' lang='lat' dir='ltr'>tamen</span> <span class='ocrx_word' id='word_1_54' title='bbox 1497 755 1689 814; x_wconf 88' lang='lat' dir='ltr'>gaudens</span> 
     </span>
     <span class='ocr_line' id='line_1_8' title="bbox 305 824 1690 881; baseline -0.002 -10"><span class='ocrx_word' id='word_1_55' title='bbox 305 828 462 871; x_wconf 90' lang='lat' dir='ltr'>erubui</span> <span class='ocrx_word' id='word_1_56' title='bbox 484 843 573 872; x_wconf 90' lang='lat' dir='ltr'>non</span> <span class='ocrx_word' id='word_1_57' title='bbox 601 843 671 872; x_wconf 91' lang='lat' dir='ltr'>me</span> <span class='ocrx_word' id='word_1_58' title='bbox 693 837 758 872; x_wconf 88' lang='lat' dir='ltr'>tot</span> <span class='ocrx_word' id='word_1_59' title='bbox 780 843 915 872; x_wconf 88' lang='lat' dir='ltr'>annos</span> <span class='ocrx_word' id='word_1_60' title='bbox 934 827 1136 872; x_wconf 89' lang='lat' dir='ltr'>adversus</span> <span class='ocrx_word' id='word_1_61' title='bbox 1153 827 1410 872; x_wconf 85' lang='lat' dir='ltr'>catholicam</span> <span class='ocrx_word' id='word_1_62' title='bbox 1431 825 1587 881; x_wconf 89' lang='lat' dir='ltr'>fidem,</span> <span class='ocrx_word' id='word_1_63' title='bbox 1615 824 1690 869; x_wconf 86' lang='lat' dir='ltr'>sed</span> 
     </span>
     <span class='ocr_line' id='line_1_9' title="bbox 305 897 1690 958; baseline -0.003 -16"><span class='ocrx_word' id='word_1_64' title='bbox 305 908 454 942; x_wconf 87' lang='lat' dir='ltr'>contra</span> <span class='ocrx_word' id='word_1_65' title='bbox 462 898 700 943; x_wconf 89' lang='lat' dir='ltr'>carnalium</span> <span class='ocrx_word' id='word_1_66' title='bbox 715 899 1025 957; x_wconf 84' lang='lat' dir='ltr'>cogitationum</span> <span class='ocrx_word' id='word_1_67' title='bbox 1038 900 1245 958; x_wconf 86' lang='lat' dir='ltr'>figmenta</span> <span class='ocrx_word' id='word_1_68' title='bbox 1253 899 1442 943; x_wconf 85' lang='lat' dir='ltr'>latrasse.</span> <span class='ocrx_word' id='word_1_69' title='bbox 1455 900 1518 941; x_wconf 90' lang='lat' dir='ltr'>Eo</span> <span class='ocrx_word' id='word_1_70' title='bbox 1528 897 1690 956; x_wconf 89' lang='lat' dir='ltr'>quippe</span> 
     </span>
     <span class='ocr_line' id='line_1_10' title="bbox 304 968 1692 1029; baseline -0.001 -17"><span class='ocrx_word' id='word_1_71' title='bbox 304 970 556 1013; x_wconf 85' lang='lat' dir='ltr'>temerarius</span> <span class='ocrx_word' id='word_1_72' title='bbox 573 980 615 1013; x_wconf 91' lang='lat' dir='ltr'>et</span> <span class='ocrx_word' id='word_1_73' title='bbox 636 970 794 1029; x_wconf 87' lang='lat' dir='ltr'>impius</span> <span class='ocrx_word' id='word_1_74' title='bbox 812 968 997 1024; x_wconf 88' lang='lat' dir='ltr'>fueram,</span> <span class='ocrx_word' id='word_1_75' title='bbox 1018 969 1138 1028; x_wconf 89' lang='lat' dir='ltr'>quod</span> <span class='ocrx_word' id='word_1_76' title='bbox 1155 985 1203 1013; x_wconf 88' lang='lat' dir='ltr'>ea</span> <span class='ocrx_word' id='word_1_77' title='bbox 1223 985 1321 1029; x_wconf 82' lang='lat' dir='ltr'>quae</span> <span class='ocrx_word' id='word_1_78' title='bbox 1340 968 1556 1013; x_wconf 83' lang='lat' dir='ltr'>debebam</span> <span class='ocrx_word' id='word_1_79' title='bbox 1573 982 1692 1027; x_wconf 87' lang='lat' dir='ltr'>quae-</span> 
     </span>
     <span class='ocr_line' id='line_1_11' title="bbox 303 1037 1689 1093; baseline -0.001 -12"><span class='ocrx_word' id='word_1_80' title='bbox 303 1039 440 1082; x_wconf 86' lang='lat' dir='ltr'>rendo</span> <span class='ocrx_word' id='word_1_81' title='bbox 472 1039 650 1093; x_wconf 84' lang='lat' dir='ltr'>discere,</span> <span class='ocrx_word' id='word_1_82' title='bbox 687 1038 931 1083; x_wconf 85' lang='lat' dir='ltr'>accusando</span> <span class='ocrx_word' id='word_1_83' title='bbox 959 1039 1164 1082; x_wconf 79' lang='lat' dir='ltr'>dixeram.</span> <span class='ocrx_word' id='word_1_84' title='bbox 1192 1042 1258 1082; x_wconf 90' lang='lat' dir='ltr'>Tu</span> <span class='ocrx_word' id='word_1_85' title='bbox 1279 1039 1395 1081; x_wconf 91' lang='lat' dir='ltr'>enim</span> <span class='ocrx_word' id='word_1_86' title='bbox 1419 1037 1620 1080; x_wconf 86' lang='lat' dir='ltr'>altissime</span> <span class='ocrx_word' id='word_1_87' title='bbox 1646 1045 1689 1080; x_wconf 92' lang='lat' dir='ltr'>et</span> 
     </span>
     <span class='ocr_line' id='line_1_12' title="bbox 303 1106 1690 1167; baseline -0.001 -16"><span class='ocrx_word' id='word_1_88' title='bbox 303 1108 515 1167; x_wconf 75' lang='lat' dir='ltr'>proxime,</span> <span class='ocrx_word' id='word_1_89' title='bbox 551 1109 830 1152; x_wconf 87' lang='lat' dir='ltr'>secretissime</span> <span class='ocrx_word' id='word_1_90' title='bbox 853 1118 896 1151; x_wconf 92' lang='lat' dir='ltr'>et</span> <span class='ocrx_word' id='word_1_91' title='bbox 916 1108 1262 1166; x_wconf 84' lang='lat' dir='ltr'>praesentissime,</span> <span class='ocrx_word' id='word_1_92' title='bbox 1289 1107 1359 1152; x_wconf 92' lang='lat' dir='ltr'>cui</span> <span class='ocrx_word' id='word_1_93' title='bbox 1382 1106 1576 1149; x_wconf 88' lang='lat' dir='ltr'>membra</span> <span class='ocrx_word' id='word_1_94' title='bbox 1601 1121 1690 1150; x_wconf 89' lang='lat' dir='ltr'>non</span> 
     </span>
     <span class='ocr_line' id='line_1_13' title="bbox 304 1177 1692 1238; baseline -0.002 -15"><span class='ocrx_word' id='word_1_95' title='bbox 304 1188 405 1223; x_wconf 85' lang='lat' dir='ltr'>sunt</span> <span class='ocrx_word' id='word_1_96' title='bbox 433 1178 514 1222; x_wconf 88' lang='lat' dir='ltr'>alia</span> <span class='ocrx_word' id='word_1_97' title='bbox 548 1180 708 1238; x_wconf 85' lang='lat' dir='ltr'>majora</span> <span class='ocrx_word' id='word_1_98' title='bbox 736 1188 778 1222; x_wconf 84' lang='lat' dir='ltr'>et</span> <span class='ocrx_word' id='word_1_99' title='bbox 809 1177 889 1221; x_wconf 90' lang='lat' dir='ltr'>alia</span> <span class='ocrx_word' id='word_1_100' title='bbox 917 1179 1100 1232; x_wconf 85' lang='lat' dir='ltr'>minora,</span> <span class='ocrx_word' id='word_1_101' title='bbox 1124 1177 1199 1221; x_wconf 89' lang='lat' dir='ltr'>sed</span> <span class='ocrx_word' id='word_1_102' title='bbox 1221 1178 1387 1237; x_wconf 84' lang='lat' dir='ltr'>ubique</span> <span class='ocrx_word' id='word_1_103' title='bbox 1406 1186 1523 1221; x_wconf 84' lang='lat' dir='ltr'>totus</span> <span class='ocrx_word' id='word_1_104' title='bbox 1552 1192 1611 1230; x_wconf 91' lang='lat' dir='ltr'>es,</span> <span class='ocrx_word' id='word_1_105' title='bbox 1649 1185 1692 1220; x_wconf 88' lang='lat' dir='ltr'>et</span> 
     </span>
     <span class='ocr_line' id='line_1_14' title="bbox 303 1247 1689 1309; baseline -0.003 -16"><span class='ocrx_word' id='word_1_106' title='bbox 303 1264 520 1309; x_wconf 89' lang='lat' dir='ltr'>nusquam</span> <span class='ocrx_word' id='word_1_107' title='bbox 542 1247 739 1292; x_wconf 87' lang='lat' dir='ltr'>locorum</span> <span class='ocrx_word' id='word_1_108' title='bbox 762 1263 822 1301; x_wconf 89' lang='lat' dir='ltr'>es,</span> <span class='ocrx_word' id='word_1_109' title='bbox 847 1263 935 1291; x_wconf 91' lang='lat' dir='ltr'>non</span> <span class='ocrx_word' id='word_1_110' title='bbox 959 1262 1001 1290; x_wconf 90' lang='lat' dir='ltr'>es</span> <span class='ocrx_word' id='word_1_111' title='bbox 1023 1247 1175 1306; x_wconf 89' lang='lat' dir='ltr'>utique</span> <span class='ocrx_word' id='word_1_112' title='bbox 1198 1247 1336 1290; x_wconf 87' lang='lat' dir='ltr'>forma</span> <span class='ocrx_word' id='word_1_113' title='bbox 1358 1248 1436 1290; x_wconf 88' lang='lat' dir='ltr'>ista</span> <span class='ocrx_word' id='word_1_114' title='bbox 1459 1262 1689 1305; x_wconf 88' lang='lat' dir='ltr'>corporea,</span> 
     </span>
     <span class='ocr_line' id='line_1_15' title="bbox 246 1317 1691 1376; baseline -0.002 -13"><span class='ocrx_word' id='word_1_115' title='bbox 246 1355 248 1357; x_wconf 44' lang='lat'>&gt;</span> <span class='ocrx_word' id='word_1_116' title='bbox 303 1328 450 1363; x_wconf 86' lang='lat' dir='ltr'>tamen</span> <span class='ocrx_word' id='word_1_117' title='bbox 474 1317 611 1362; x_wconf 87' lang='lat' dir='ltr'>fecisti</span> <span class='ocrx_word' id='word_1_118' title='bbox 636 1318 856 1362; x_wconf 90' lang='lat' dir='ltr'>hominem</span> <span class='ocrx_word' id='word_1_119' title='bbox 879 1317 933 1361; x_wconf 90' lang='lat' dir='ltr'>ad</span> <span class='ocrx_word' id='word_1_120' title='bbox 952 1318 1184 1376; x_wconf 86' lang='lat' dir='ltr'>imaginem</span> <span class='ocrx_word' id='word_1_121' title='bbox 1208 1327 1327 1362; x_wconf 88' lang='lat' dir='ltr'>tuam</span> <span class='ocrx_word' id='word_1_122' title='bbox 1347 1337 1355 1362; x_wconf 74' lang='grc' dir='ltr'><strong>ε</strong></span> <span class='ocrx_word' id='word_1_123' title='bbox 1382 1326 1423 1361; x_wconf 87' lang='lat' dir='ltr'>et</span> <span class='ocrx_word' id='word_1_124' title='bbox 1442 1333 1540 1361; x_wconf 81' lang='lat' dir='ltr'>ecce</span> <span class='ocrx_word' id='word_1_125' title='bbox 1558 1317 1649 1376; x_wconf 87' lang='lat' dir='ltr'>ipse</span> <span class='ocrx_word' id='word_1_126' title='bbox 1669 1332 1691 1360; x_wconf 92' lang='lat' dir='ltr'>a</span> 
     </span>
     <span class='ocr_line' id='line_1_16' title="bbox 306 1387 1086 1449; baseline -0.003 -16"><span class='ocrx_word' id='word_1_127' title='bbox 306 1390 445 1449; x_wconf 88' lang='lat' dir='ltr'>capite</span> <span class='ocrx_word' id='word_1_128' title='bbox 461 1404 598 1449; x_wconf 87' lang='lat' dir='ltr'>usque</span> <span class='ocrx_word' id='word_1_129' title='bbox 617 1388 671 1432; x_wconf 87' lang='lat' dir='ltr'>ad</span> <span class='ocrx_word' id='word_1_130' title='bbox 687 1387 815 1447; x_wconf 88' lang='lat' dir='ltr'>pedes</span> <span class='ocrx_word' id='word_1_131' title='bbox 833 1389 878 1432; x_wconf 91' lang='lat' dir='ltr'>in</span> <span class='ocrx_word' id='word_1_132' title='bbox 894 1387 991 1432; x_wconf 87' lang='lat' dir='ltr'>loco</span> <span class='ocrx_word' id='word_1_133' title='bbox 1009 1397 1086 1432; x_wconf 88' lang='lat' dir='ltr'>est.</span> 
     </span>
    </p>
   </div>
   <div class='ocr_carea' id='block_1_5' title="bbox 309 1566 1692 1583">
    <p class='ocr_par' dir='ltr' id='par_1_5' title="bbox 309 1566 1692 1583">
     <span class='ocr_line' id='line_1_17' title="bbox 309 1566 1692 1583; baseline -0.002 0"><span class='ocrx_word' id='word_1_134' title='bbox 309 1566 1367 1583; x_wconf 47' lang='lat' dir='ltr'>mmumwuwwmwmmmmMMMMMKMva</span> <span class='ocrx_word' id='word_1_135' title='bbox 1373 1566 1692 1581; x_wconf 61' lang='lat' dir='ltr'>mmmmm</span> 
     </span>
    </p>
   </div>
   <div class='ocr_carea' id='block_1_6' title="bbox 790 1700 1135 1747">
    <p class='ocr_par' dir='ltr' id='par_1_6' title="bbox 790 1700 1135 1747">
     <span class='ocr_line' id='line_1_18' title="bbox 790 1700 1135 1747; baseline 0.003 -2"><span class='ocrx_word' id='word_1_136' title='bbox 790 1700 1005 1747; x_wconf 55' lang='lat' dir='ltr'>(rapuT</span> <span class='ocrx_word' id='word_1_137' title='bbox 1052 1702 1135 1746; x_wconf 54' lang='lat' dir='ltr'>tt.</span> 
     </span>
    </p>
   </div>
   <div class='ocr_carea' id='block_1_7' title="bbox 410 1853 1609 1987">
    <p class='ocr_par' dir='ltr' id='par_1_7' title="bbox 410 1853 1609 1987">
     <span class='ocr_line' id='line_1_19' title="bbox 410 1853 1609 1901; baseline -0.001 -1"><span class='ocrx_word' id='word_1_138' title='bbox 410 1855 699 1901; x_wconf 74' lang='lat' dir='ltr'>Doctrinam</span> <span class='ocrx_word' id='word_1_139' title='bbox 736 1853 966 1899; x_wconf 65' lang='lat' dir='ltr'>Ecclesiae</span> <span class='ocrx_word' id='word_1_140' title='bbox 1000 1853 1259 1899; x_wconf 77' lang='lat' dir='ltr'>Ambrosio</span> <span class='ocrx_word' id='word_1_141' title='bbox 1291 1856 1609 1899; x_wconf 76' lang='lat' dir='ltr'>concionante</span> 
     </span>
     <span class='ocr_line' id='line_1_20' title="bbox 880 1924 1116 1987; baseline 0 -18"><span class='ocrx_word' id='word_1_142' title='bbox 880 1924 1116 1987; x_wconf 46' lang='lat' dir='ltr'>intelllgi&amp;</span> 
     </span>
    </p>
   </div>
   <div class='ocr_carea' id='block_1_8' title="bbox 314 2081 1699 2703">
    <p class='ocr_par' dir='ltr' id='par_1_8' title="bbox 314 2081 1699 2703">
     <span class='ocr_line' id='line_1_21' title="bbox 372 2081 1698 2143; baseline 0.001 -15"><span class='ocrx_word' id='word_1_143' title='bbox 372 2088 423 2128; x_wconf 87' lang='lat' dir='ltr'>V.</span> <span class='ocrx_word' id='word_1_144' title='bbox 461 2087 562 2130; x_wconf 82' lang='lat' dir='ltr'>CUM</span> <span class='ocrx_word' id='word_1_145' title='bbox 581 2100 683 2143; x_wconf 85' lang='lat' dir='ltr'>ergo</span> <span class='ocrx_word' id='word_1_146' title='bbox 701 2085 909 2128; x_wconf 88' lang='lat' dir='ltr'>nescirem</span> <span class='ocrx_word' id='word_1_147' title='bbox 928 2082 1151 2143; x_wconf 91' lang='lat' dir='ltr'>quomodo</span> <span class='ocrx_word' id='word_1_148' title='bbox 1174 2083 1266 2126; x_wconf 85' lang='lat' dir='ltr'>haee</span> <span class='ocrx_word' id='word_1_149' title='bbox 1289 2081 1537 2126; x_wconf 82' lang='lat' dir='ltr'>subsisteret</span> <span class='ocrx_word' id='word_1_150' title='bbox 1555 2084 1698 2143; x_wconf 90' lang='lat' dir='ltr'>imago</span> 
     </span>
     <span class='ocr_line' id='line_1_22' title="bbox 315 2153 1698 2214; baseline 0 -15"><span class='ocrx_word' id='word_1_151' title='bbox 315 2165 406 2210; x_wconf 87' lang='lat' dir='ltr'>tua,</span> <span class='ocrx_word' id='word_1_152' title='bbox 432 2155 605 2214; x_wconf 86' lang='lat' dir='ltr'>pulsans</span> <span class='ocrx_word' id='word_1_153' title='bbox 627 2169 916 2213; x_wconf 86' lang='lat' dir='ltr'>proponerem</span> <span class='ocrx_word' id='word_1_154' title='bbox 939 2153 1161 2213; x_wconf 84' lang='lat' dir='ltr'>quomodo</span> <span class='ocrx_word' id='word_1_155' title='bbox 1176 2153 1444 2197; x_wconf 85' lang='lat' dir='ltr'>credendum</span> <span class='ocrx_word' id='word_1_156' title='bbox 1467 2164 1593 2209; x_wconf 87' lang='lat' dir='ltr'>esset,</span> <span class='ocrx_word' id='word_1_157' title='bbox 1610 2171 1698 2199; x_wconf 89' lang='lat' dir='ltr'>non</span> 
     </span>
     <span class='ocr_line' id='line_1_23' title="bbox 314 2224 1699 2284; baseline 0 -15"><span class='ocrx_word' id='word_1_158' title='bbox 314 2225 524 2269; x_wconf 87' lang='lat' dir='ltr'>insultans</span> <span class='ocrx_word' id='word_1_159' title='bbox 542 2239 805 2284; x_wconf 89' lang='lat' dir='ltr'>opponerem</span> <span class='ocrx_word' id='word_1_160' title='bbox 822 2224 944 2283; x_wconf 80' lang='lat' dir='ltr'>quasi</span> <span class='ocrx_word' id='word_1_161' title='bbox 963 2226 1020 2267; x_wconf 86' lang='lat' dir='ltr'>ita</span> <span class='ocrx_word' id='word_1_162' title='bbox 1038 2224 1252 2267; x_wconf 89' lang='lat' dir='ltr'>creditum</span> <span class='ocrx_word' id='word_1_163' title='bbox 1269 2233 1379 2267; x_wconf 88' lang='lat' dir='ltr'>esset</span> <span class='ocrx_word' id='word_1_164' title='bbox 1397 2243 1407 2267; x_wconf 71' lang='grc' dir='ltr'>ε</span> <span class='ocrx_word' id='word_1_165' title='bbox 1434 2233 1556 2280; x_wconf 83' lang='lat' dir='ltr'>tanto</span> <span class='ocrx_word' id='word_1_166' title='bbox 1570 2225 1699 2282; x_wconf 91' lang='lat' dir='ltr'>igitur</span> 
     </span>
     <span class='ocr_line' id='line_1_24' title="bbox 314 2293 1695 2353; baseline -0.001 -13"><span class='ocrx_word' id='word_1_167' title='bbox 314 2297 450 2340; x_wconf 89' lang='lat' dir='ltr'>acrior</span> <span class='ocrx_word' id='word_1_168' title='bbox 486 2311 589 2339; x_wconf 87' lang='lat' dir='ltr'>cura</span> <span class='ocrx_word' id='word_1_169' title='bbox 624 2294 804 2338; x_wconf 87' lang='lat' dir='ltr'>rodebat</span> <span class='ocrx_word' id='word_1_170' title='bbox 838 2294 990 2338; x_wconf 86' lang='lat' dir='ltr'>intima</span> <span class='ocrx_word' id='word_1_171' title='bbox 1027 2310 1121 2337; x_wconf 88' lang='lat' dir='ltr'>mea</span> <span class='ocrx_word' id='word_1_172' title='bbox 1156 2293 1264 2353; x_wconf 90' lang='lat' dir='ltr'>quid</span> <span class='ocrx_word' id='word_1_173' title='bbox 1301 2295 1406 2337; x_wconf 88' lang='lat' dir='ltr'>certi</span> <span class='ocrx_word' id='word_1_174' title='bbox 1445 2295 1695 2350; x_wconf 89' lang='lat' dir='ltr'>retinerem,</span> 
     </span>
     <span class='ocr_line' id='line_1_25' title="bbox 316 2363 1697 2425; baseline 0 -16"><span class='ocrx_word' id='word_1_175' title='bbox 316 2376 482 2425; x_wconf 87' lang='lat' dir='ltr'>quanto</span> <span class='ocrx_word' id='word_1_176' title='bbox 512 2380 581 2408; x_wconf 92' lang='lat' dir='ltr'>me</span> <span class='ocrx_word' id='word_1_177' title='bbox 611 2365 746 2422; x_wconf 87' lang='lat' dir='ltr'>magis</span> <span class='ocrx_word' id='word_1_178' title='bbox 777 2363 971 2422; x_wconf 87' lang='lat' dir='ltr'>pudebat</span> <span class='ocrx_word' id='word_1_179' title='bbox 1004 2363 1155 2407; x_wconf 88' lang='lat' dir='ltr'>tandiu</span> <span class='ocrx_word' id='word_1_180' title='bbox 1189 2363 1364 2407; x_wconf 81' lang='lat' dir='ltr'>illusum</span> <span class='ocrx_word' id='word_1_181' title='bbox 1393 2373 1435 2408; x_wconf 90' lang='lat' dir='ltr'>et</span> <span class='ocrx_word' id='word_1_182' title='bbox 1467 2364 1697 2424; x_wconf 88' lang='lat' dir='ltr'>deceptum</span> 
     </span>
     <span class='ocr_line' id='line_1_26' title="bbox 318 2433 1697 2494; baseline 0 -16"><span class='ocrx_word' id='word_1_183' title='bbox 318 2435 598 2494; x_wconf 89' lang='lat' dir='ltr'>promissione</span> <span class='ocrx_word' id='word_1_184' title='bbox 629 2443 846 2478; x_wconf 88' lang='lat' dir='ltr'>certorum</span> <span class='ocrx_word' id='word_1_185' title='bbox 872 2433 1026 2492; x_wconf 89' lang='lat' dir='ltr'>puerili</span> <span class='ocrx_word' id='word_1_186' title='bbox 1049 2449 1191 2477; x_wconf 89' lang='lat' dir='ltr'>errore</span> <span class='ocrx_word' id='word_1_187' title='bbox 1217 2442 1260 2476; x_wconf 89' lang='lat' dir='ltr'>et</span> <span class='ocrx_word' id='word_1_188' title='bbox 1283 2434 1576 2488; x_wconf 84' lang='lat' dir='ltr'>animositate,</span> <span class='ocrx_word' id='word_1_189' title='bbox 1611 2444 1697 2478; x_wconf 89' lang='lat' dir='ltr'>tam</span> 
     </span>
     <span class='ocr_line' id='line_1_27' title="bbox 317 2502 1694 2564; baseline 0 -17"><span class='ocrx_word' id='word_1_190' title='bbox 317 2504 454 2547; x_wconf 88' lang='lat' dir='ltr'>multa</span> <span class='ocrx_word' id='word_1_191' title='bbox 471 2505 632 2548; x_wconf 84' lang='lat' dir='ltr'>incerta</span> <span class='ocrx_word' id='word_1_192' title='bbox 651 2504 773 2564; x_wconf 87' lang='lat' dir='ltr'>quasi</span> <span class='ocrx_word' id='word_1_193' title='bbox 790 2512 905 2546; x_wconf 88' lang='lat' dir='ltr'>certa</span> <span class='ocrx_word' id='word_1_194' title='bbox 927 2503 1118 2562; x_wconf 85' lang='lat' dir='ltr'>garrisse.</span> <span class='ocrx_word' id='word_1_195' title='bbox 1136 2502 1264 2556; x_wconf 85' lang='lat' dir='ltr'>Quod</span> <span class='ocrx_word' id='word_1_196' title='bbox 1281 2503 1395 2546; x_wconf 88' lang='lat' dir='ltr'>enim</span> <span class='ocrx_word' id='word_1_197' title='bbox 1419 2502 1524 2547; x_wconf 86' lang='lat' dir='ltr'>falsa</span> <span class='ocrx_word' id='word_1_198' title='bbox 1541 2513 1694 2557; x_wconf 89' lang='lat' dir='ltr'>essent,</span> 
     </span>
     <span class='ocr_line' id='line_1_28' title="bbox 315 2575 1697 2634; baseline 0 -16"><span class='ocrx_word' id='word_1_199' title='bbox 315 2584 464 2634; x_wconf 84' lang='lat' dir='ltr'>postea</span> <span class='ocrx_word' id='word_1_200' title='bbox 497 2576 602 2618; x_wconf 91' lang='lat' dir='ltr'>mihi</span> <span class='ocrx_word' id='word_1_201' title='bbox 635 2575 804 2619; x_wconf 88' lang='lat' dir='ltr'>claruit.</span> <span class='ocrx_word' id='word_1_202' title='bbox 851 2576 1028 2619; x_wconf 86' lang='lat' dir='ltr'>Certum</span> <span class='ocrx_word' id='word_1_203' title='bbox 1066 2583 1212 2618; x_wconf 84' lang='lat' dir='ltr'>tamen</span> <span class='ocrx_word' id='word_1_204' title='bbox 1250 2583 1339 2618; x_wconf 86' lang='lat' dir='ltr'>erat</span> <span class='ocrx_word' id='word_1_205' title='bbox 1377 2575 1496 2633; x_wconf 90' lang='lat' dir='ltr'>quod</span> <span class='ocrx_word' id='word_1_206' title='bbox 1534 2575 1697 2618; x_wconf 84' lang='lat' dir='ltr'>incerta</span> 
     </span>
     <span class='ocr_line' id='line_1_29' title="bbox 317 2643 1692 2703; baseline 0.001 -16"><span class='ocrx_word' id='word_1_207' title='bbox 317 2654 487 2699; x_wconf 66' lang='lat' dir='ltr'>essent,</span> <span class='ocrx_word' id='word_1_208' title='bbox 525 2655 566 2687; x_wconf 88' lang='lat' dir='ltr'>et</span> <span class='ocrx_word' id='word_1_209' title='bbox 598 2660 617 2687; x_wconf 84' lang='lat' dir='ltr'>a</span> <span class='ocrx_word' id='word_1_210' title='bbox 651 2656 718 2687; x_wconf 88' lang='lat' dir='ltr'>me</span> <span class='ocrx_word' id='word_1_211' title='bbox 753 2644 988 2702; x_wconf 85' lang='lat' dir='ltr'>aliquando</span> <span class='ocrx_word' id='word_1_212' title='bbox 1026 2659 1103 2703; x_wconf 88' lang='lat' dir='ltr'>pro</span> <span class='ocrx_word' id='word_1_213' title='bbox 1133 2644 1259 2688; x_wconf 87' lang='lat' dir='ltr'>certis</span> <span class='ocrx_word' id='word_1_214' title='bbox 1292 2644 1440 2687; x_wconf 79' lang='lat' dir='ltr'>habita</span> <span class='ocrx_word' id='word_1_215' title='bbox 1482 2643 1692 2699; x_wconf 86' lang='lat' dir='ltr'>fuissent,</span> 
     </span>
    </p>
   </div>
  </div>
 </body>
</html>
