1871 3162
216 169 297 209 326
618 181 650 209 s.
686 182 915 209 Auensrnu
948 180 1127 209 nascor-1

225 379 392 397 firmum
396 378 748 397 mmmmm

1031 378 1594 396 mmmmmmmumvww

749 531 965 581 CAPUT
1006 532 1092 580 IV.

422 699 557 765 Quid
576 709 704 746 terra
735 697 981 747 invisibilis
1004 708 1050 745 et
1071 700 1401 759 incomposita.

284 875 361 918 IV.
388 875 504 926 Qun)
523 886 625 930 ergo
644 880 895 926 vocaretur,
926 885 1018 931 quo
1043 871 1172 914 etiam
1194 885 1321 915 sensu
1349 870 1608 916 tardioribus

232 954 475 1005 utcumque
512 942 805 988 insinuaretur
820 976 832 998 ‚
873 941 955 986 nisi
990 940 1149 985 usitato
1176 939 1322 1000 aliquo
1359 940 1610 993 vocabulo?

231 1015 346 1071 Quid
375 1023 521 1060 autem
553 1014 600 1058 in
622 1013 825 1057 omnibus
858 1010 1013 1056 mundi
1044 1011 1238 1070 partibus
1268 1012 1444 1070 reperiri
1470 1019 1611 1070 potest

230 1086 517 1148 propinquius
538 1084 795 1129 informitati
817 1083 1103 1139 omnimodae,
1123 1098 1255 1142 quam
1278 1092 1391 1127 terra
1414 1092 1457 1126 et
1478 1082 1610 1140 abys-

230 1160 337 1204 sus?
368 1157 514 1203 Minus
539 1156 654 1200 enim
683 1154 873 1215 speciosa
899 1162 1026 1209 sunt,
1053 1169 1133 1212 pro
1160 1169 1239 1198 suo
1273 1153 1409 1212 gradu
1429 1153 1580 1197 infimo
1598 1188 1609 1207 ‚

229 1244 362 1291 quam
384 1237 539 1272 caetera
557 1227 778 1287 superiora
801 1226 1020 1286 perlucida
1039 1233 1082 1269 et
1097 1224 1320 1269 luculenta
1343 1224 1503 1269 omnia.
1525 1226 1615 1269 Cur

232 1316 335 1360 ergo
357 1315 447 1345 non
464 1299 673 1358 accipiam
689 1297 1003 1342 informitatem
1020 1297 1233 1351 materiae,
1258 1311 1391 1356 quam
1414 1296 1505 1339 sine
1525 1310 1615 1355 spe-

231 1373 296 1418 cie
318 1371 502 1426 feceras,
539 1369 658 1414 unde
692 1369 933 1429 speciosum
961 1367 1176 1412 mundum
1200 1366 1362 1411 faceres
1377 1402 1388 1421 ‚
1412 1367 1473 1411 ita
1494 1381 1616 1411 com-

233 1441 364 1488 mode
380 1440 634 1487 hominibus
648 1440 915 1495 intimatam,
933 1448 983 1484 ut
1005 1437 1298 1498 appellaretur
1331 1447 1444 1482 terra
1471 1437 1618 1482 invisi-

235 1513 334 1558 bilis
352 1522 396 1558 et
417 1512 729 1572 incomposita?

239 1704 664 1724 mmmmm

880 1699 1623 1718 mmmmmwmmwummmwnm

781 1856 995 1907 CAPUT
1030 1857 1091 1903 V.

359 2039 457 2084 Car
477 2039 546 2083 sic
568 2034 821 2097 appellata
841 2032 1032 2079 videtur
1053 2032 1262 2077 materia
1282 2030 1518 2092 informis.

306 2209 359 2252 V.
386 2208 451 2250 UT
473 2220 574 2250 cum
595 2204 641 2248 in
663 2218 712 2247 ea
730 2201 887 2263 quaerit
904 2199 1110 2259 cogitatio
1131 2198 1238 2259 quid
1259 2213 1406 2243 sensus
1429 2198 1631 2257 attingat,

248 2287 291 2323 et
313 2277 419 2321 dicit
438 2275 520 2321 sibi
552 2294 561 2320 z
586 2276 683 2320 Non
701 2282 764 2317 est
780 2270 1064 2330 intelligibilis
1087 2269 1226 2313 forma
1248 2269 1361 2314 sicut
1381 2269 1494 2324 vita,
1520 2269 1636 2314 sicut

244 2347 411 2408 justitia
430 2381 440 2401 ‚
471 2345 574 2406 quia
607 2343 806 2387 materies
840 2350 903 2386 est
934 2355 1191 2399 corporum3
1216 2354 1361 2399 neque
1395 2338 1632 2393 sensibilis,

248 2417 457 2477 quoniam
484 2413 604 2476 quod
632 2413 830 2459 videatur
864 2420 907 2455 et
929 2409 1050 2471 quod
1070 2409 1280 2454 sentiatur
1301 2409 1347 2452 in
1368 2407 1572 2452 invisibili
1590 2418 1635 2452 et

249 2486 535 2545 incomposita
578 2500 667 2530 non
704 2492 768 2528 est
795 2502 802 2527 :
829 2481 935 2527 dum
967 2480 1049 2525 sibi
1075 2480 1168 2524 haec
1196 2478 1300 2524 dicit
1334 2479 1524 2523 humana
1559 2492 1635 2522 oo-
