1871 3162
545 228 923 265 soanoQtuonum,
960 228 1042 254 Lm.
1080 228 1109 253 1.
1432 214 1515 253 427

139 407 1378 426 mmmmmmmmmmmmummmmw
1382 407 1519 423 ΜΜΜ

633 567 850 614 CAPUT
888 568 998 613 Vll.

233 739 410 796 Fides,
432 757 538 799 spes
555 777 565 792 ‚
586 740 825 797 charitas,
852 756 1094 799 quousque
1116 739 1415 785 nec-essarta).

193 921 309 963 XIV.
332 923 453 965 Enoo
476 936 576 965 cum
595 922 750 964 animae
768 925 909 965 Deum
927 921 1089 974 videre,
1105 923 1188 965 hoc
1207 931 1271 965 est
1296 924 1432 964 Deum
1457 922 1523 964 in·-

132 988 323 1046 telligere
339 990 586 1048 contigerit,
601 990 826 1034 videamus
849 999 996 1034 utrum
1020 991 1163 1035 adhue
1185 991 1222 1034 ei
1245 991 1325 1034 tria
1342 990 1415 1034 illa
1436 992 1522 1034 sint

131 1059 384 1103 necessaria.
420 1060 547 1104 Fides
569 1075 704 1119 quare
730 1060 783 1104 sit
805 1061 1042 1104 necessaria
1059 1095 1069 1115 ,
1105 1075 1208 1104 eum
1225 1060 1315 1120 jam
1343 1059 1487 1104 videat
1505 1062 1522 1103 P

134 1130 238 1187 Spes
257 1128 559 1184 nihilominus,
585 1130 685 1189 quia
701 1132 791 1190 jam
820 1139 954 1174 tenet.
979 1131 1191 1175 Charitati
1212 1145 1319 1175 vero
1338 1146 1428 1174 non
1447 1146 1520 1175 so-

132 1197 224 1241 lum
243 1198 353 1242 nihil
374 1198 651 1253 detrahetur,
675 1200 750 1243 sed
773 1199 960 1243 addetur
981 1201 1110 1244 etiam
1133 1199 1388 1259 plurimum.
1412 1202 1522 1244 Nam

132 1276 176 1311 et
190 1267 309 1311 illam
329 1268 593 1326 singularem
616 1283 851 1329 veramque
869 1269 1248 1328 pulchritudinem
1276 1284 1377 1313 cum
1399 1270 1524 1313 vide—

132 1336 215 1392 rit,
238 1337 336 1396 plus
350 1338 512 1382 amabit
535 1357 545 1382 ε
570 1347 613 1381 et
641 1339 721 1382 nisi
744 1340 911 1398 ingenti
930 1355 1078 1384 amore
1101 1339 1282 1384 oculum
1304 1340 1519 1394 infixerit,

131 1420 212 1450 nec
229 1408 284 1451 ab
303 1407 550 1466 aspiciendo
566 1409 734 1467 uspiam
750 1408 1049 1464 declinaverit,
1067 1424 1245 1453 manere
1262 1410 1307 1453 in
1328 1409 1401 1452 illa
1417 1409 1522 1453 bea-

133 1476 294 1521 tissima
327 1478 491 1521 visione
525 1493 614 1522 non
638 1479 813 1536 poterit.
843 1478 928 1523 Sed
949 1479 1057 1523 dum
1081 1481 1125 1522 in
1147 1480 1231 1523 hoe
1253 1495 1436 1538 corpore
1459 1490 1522 1524 est

133 1547 277 1592 anima
298 1582 308 1601 ,
355 1548 520 1592 etiamsi
564 1547 810 1606 plenissime
841 1547 988 1591 videat
1013 1582 1023 1600 ‚
1060 1550 1144 1591 hoc
1177 1555 1241 1589 est
1257 1580 1268 1599 ,
1307 1547 1523 1604 intelligat

133 1619 270 1660 Deum
287 1651 297 1670 ,
324 1627 469 1660 tamen
491 1619 591 1676 quia
627 1617 757 1660 etiam
790 1616 984 1674 corporis
1009 1631 1159 1660 sensus
1180 1625 1372 1660 utuntur
1392 1632 1522 1675 opere

132 1686 330 1745 proprio,
351 1687 384 1730 si
402 1685 509 1729 nihil
531 1685 711 1745 quidem
733 1684 881 1729 valent
899 1685 954 1729 ad
974 1684 1241 1740 fallendum,
1264 1702 1353 1730 non
1375 1695 1522 1730 tamen

133 1757 243 1802 nihil
260 1757 313 1802 ad
336 1757 668 1816 ambigendum,
688 1765 832 1816 potest
856 1757 1001 1801 adhuc
1020 1757 1106 1801 dici
1128 1757 1238 1801 fides
1260 1773 1324 1812 ea,
1350 1773 1438 1816 qua
1456 1757 1522 1800 his

134 1827 344 1871 resistitur
360 1862 370 1881 ,
396 1836 438 1871 et
455 1827 566 1870 illud
589 1827 735 1885 potius
756 1841 910 1870 verum
933 1841 1022 1870 esse
1045 1826 1251 1870 ereditur.
1280 1829 1391 1870 Item
1421 1827 1522 1885 quia

135 1898 179 1940 in
199 1898 278 1941 ista
292 1899 396 1952 vita,
414 1912 666 1958 quanquam
687 1900 773 1941 Deo
787 1895 1010 1941 intellecto
1034 1898 1175 1940 anima
1193 1898 1282 1956 jam
1301 1896 1427 1940 beata
1445 1897 1518 1951 sit,

135 1978 282 2012 tamen
304 1969 405 2028 quia
421 1967 580 2012 multas
596 1968 812 2012 molestias
826 1969 1016 2026 eorporis
1039 1969 1239 2020 sustinet,
1258 1964 1529 2026 sperandum·

136 2047 200 2081 est
237 2040 276 2081 ei
308 2049 406 2097 post
436 2049 620 2083 mortem
653 2040 798 2083 omnia
819 2040 899 2082 ista
920 2038 1199 2083 incommoda
1238 2054 1325 2083 non
1356 2038 1521 2083 futura.

137 2111 252 2165 Ergo
276 2123 357 2152 nec
391 2124 485 2167 spes
507 2109 612 2153 dum
637 2110 682 2152 in
711 2110 791 2152 hac
814 2118 878 2152 est
896 2110 1005 2163 vita,
1031 2110 1218 2153 animam
1242 2108 1415 2154 deserit.
1444 2108 1528 2154 Sed

139 2193 238 2223 eum
263 2187 360 2237 post
375 2179 489 2222 hauc
506 2179 638 2222 vitam
662 2188 797 2222 totam
821 2195 864 2222 se
886 2179 932 2222 in
955 2183 1096 2223 Deum
1117 2179 1355 2237 collegerit,
1382 2180 1528 2224 chari-

141 2258 204 2292 tas
224 2258 354 2292 restat
379 2264 463 2308 qua
487 2247 548 2292 ibi
569 2257 780 2292 teneatur.
807 2251 915 2294 Nam
940 2264 1084 2309 neque
1105 2250 1291 2293 dicenda
1310 2259 1374 2293 est
1394 2250 1527 2293 fidem

141 2319 302 2362 habere
329 2317 449 2376 quod
465 2317 539 2361 illa
561 2318 645 2361 sint
667 2333 766 2361 vera
781 2353 791 2372 ,
817 2318 993 2377 quando
1012 2319 1133 2363 nulla
1157 2318 1367 2363 falsorum
1389 2320 1528 2363 inter-

143 2387 377 2447 pellatione
413 2386 667 2431 sollicitatur
682 2422 696 2441 ,
733 2402 876 2446 neque
909 2388 1152 2448 quidquam
1188 2389 1450 2447 sperandum
1490 2389 1531 2433 ei

143 2467 290 2513 restat,
307 2473 407 2502 cum
427 2466 566 2501 totum
583 2473 731 2502 secura
747 2458 977 2516 possideat.
992 2460 1089 2503 Tria
1106 2460 1238 2518 igitur
1261 2461 1317 2503 ad
1339 2462 1525 2504 animam

145 2529 441 2589 pertinent,ut
457 2542 561 2573 sana
576 2528 644 2583 sit,
656 2537 705 2572 ut
723 2528 917 2586 aspiciat,
935 2537 984 2572 ut
1005 2528 1164 2573 videat.
1191 2528 1287 2574 Alia
1308 2545 1412 2575 vero
1429 2531 1526 2585 tria,
