1871 3162
571 273 943 309 SOLlLOQUIORUM‚
979 274 1061 298 Lm.
1098 274 1126 298 1.
1448 261 1530 299 433

160 334 260 392 pisci
282 335 414 393 possis
430 370 440 389 ,
467 336 610 380 nescio
633 347 777 381 utrum
796 338 1010 395 pertineat
1025 337 1080 381 ad
1101 337 1293 381 officium
1314 346 1437 380 tuum
1455 339 1529 380 ista

157 413 449 448 contemnere.
471 410 521 449 A.
549 407 736 458 Quando
753 422 831 464 ego
853 407 970 451 istud
991 421 1162 466 sperare
1185 406 1398 450 audeam?

215 475 335 517 XIX.
372 478 423 517 R.
454 478 516 520 Ita
533 475 649 521 istud
667 477 792 531 dicis,
813 479 934 537 quasi
958 493 1036 536 ego
1058 492 1174 521 nunc
1191 477 1405 535 requiram
1428 476 1536 535 quid

158 558 314 601 speres.
341 548 437 589 Non
459 563 608 606 quaero
631 547 738 607 quid
754 558 959 606 negatum
988 564 1077 592 non
1103 546 1311 601 delectet,
1333 547 1409 590 sed
1430 549 1538 606 quid

157 614 343 659 delectet
365 617 575 661 oblatum.
609 619 741 663 Aliud
772 628 836 663 est
862 620 976 662 enim
1002 619 1209 662 exhausta
1237 619 1367 677 pestis
1383 653 1394 672 ,
1421 619 1538 662 aliud

156 687 392 745 consopita.
420 688 489 732 Ad
513 689 595 733 hoc
623 690 738 732 enim
767 689 881 732 valet
907 689 1027 748 quod
1063 705 1086 732 a
1115 689 1379 748 quibusdam
1401 689 1539 732 doctis

154 756 254 798 viris
277 756 440 801 dictum
464 768 549 813 est,
577 760 635 802 ita
658 774 805 803 omnes
827 758 980 803 stultos
1005 759 1178 804 insanos
1209 774 1319 813 esse,
1345 768 1395 802 ut
1423 758 1536 802 male

155 825 270 869 olere
288 842 416 871 omne
437 844 614 872 coenum
633 864 642 882 ,
664 829 784 889 quod
805 845 895 872 non
916 844 1100 888 semper,
1127 829 1202 873 sed
1219 829 1323 873 dum
1348 844 1538 873 commo-

154 912 225 939 ves
248 899 417 941 sentias.
445 897 636 943 Multum
656 900 835 944 interest
858 913 1005 944 utrum
1028 901 1159 944 animi
1183 899 1529 959 desesperatione

153 968 364 1011 obruatur
387 969 625 1027 cupiditas,
653 986 707 1013 an
741 972 921 1015 sanitate
944 970 1145 1030 pellatur.
1188 974 1239 1014 Α.
1276 976 1533 1031 Quanquam

153 1038 231 1080 tibi
250 1040 510 1097 respondere
532 1056 619 1084 non
648 1056 844 1098 possum,
876 1056 1102 1100 nunquam
1135 1051 1279 1084 tamen
1309 1041 1413 1085 mihi
1434 1056 1534 1099 per-

151 1108 369 1161 suadebis,
407 1119 455 1152 ut
486 1111 566 1154 hac
596 1112 826 1155 affectione
858 1111 1034 1163 mentis,
1062 1127 1147 1168 qua
1183 1127 1300 1155 nunc
1336 1126 1406 1154 me
1444 1125 1534 1154 esse

150 1179 309 1231 sentio,
335 1179 443 1222 nihil
465 1195 534 1223 me
556 1180 785 1239 profecisse
816 1182 1011 1224 arbitrer.
1044 1184 1096 1224 R.
1132 1181 1274 1225 Credo
1306 1190 1535 1240 propterea

149 1248 229 1291 tibi
264 1249 348 1292 hoc
381 1249 538 1303 videri,
575 1250 676 1309 quia
708 1251 906 1309 quamvis
942 1251 1022 1294 ista
1052 1260 1202 1309 optare
1236 1266 1406 1309 posses,
1443 1267 1533 1294 non

150 1328 297 1362 tamen
342 1329 520 1377 propter
562 1336 605 1364 se
643 1321 732 1378 ipsa
747 1356 756 1373 ,
799 1322 873 1364 sed
916 1331 1093 1380 propter
1132 1321 1250 1364 aliud
1291 1321 1529 1380 expetenda

147 1389 412 1432 viderentur.
451 1393 499 1431 A.
539 1393 632 1433 Hoc
668 1399 730 1433 est
765 1390 884 1450 quod
926 1391 1068 1434 dicere
1110 1390 1340 1449 cupiebam
1384 1410 1392 1434 :
1430 1406 1531 1434 nam

147 1459 324 1517 quando
342 1458 577 1502 desideravi
594 1459 764 1502 divitias
775 1495 786 1513 ,
802 1460 900 1503 ideo
923 1459 1162 1504 desideravi
1177 1469 1225 1503 ut
1237 1459 1355 1503 dives
1370 1475 1504 1503 essem
1518 1495 1529 1514 ,

145 1529 417 1588 honoresque
440 1529 577 1586 ipsos,
603 1544 790 1589 quorum
819 1529 1101 1587 cupiditatem
1123 1528 1254 1572 modo
1276 1545 1346 1571 me
1369 1530 1529 1587 perdo-

145 1601 303 1640 muisse
319 1598 537 1655 respondi,
556 1614 706 1641 eorum
730 1599 874 1642 nescio
892 1614 979 1658 quo
995 1599 1134 1642 nitore
1154 1597 1392 1641 delectatus
1412 1599 1531 1642 vole—

148 1669 244 1711 bam
271 1689 278 1712 :
298 1668 494 1728 nihilque
512 1669 687 1712 aliudin
711 1685 844 1713 uxore
857 1685 1027 1728 semper
1044 1668 1238 1722 attendi,
1261 1684 1363 1712 curn
1389 1678 1530 1712 atten-

144 1737 186 1781 di
204 1773 214 1793 ,
240 1740 319 1781 nisi
342 1754 473 1796 quam
501 1740 606 1780 mihi
629 1740 818 1780 efficeret
842 1754 940 1780 cum
966 1739 1080 1780 bona
1102 1737 1216 1781 fama
1238 1738 1525 1796 voluptatem.

145 1810 266 1850 Tunc
300 1817 389 1850 crat
422 1808 603 1850 istorum
627 1807 671 1849 in
693 1822 762 1849 me
785 1821 884 1849 vera
911 1804 1146 1864 cupiditas,
1172 1821 1290 1849 nunc
1312 1822 1360 1849 ea
1384 1808 1527 1850 omnia

141 1894 314 1936 prorsus
337 1894 569 1936 aspernor:
593 1876 668 1920 sed
697 1878 730 1920 si
758 1876 813 1919 ad
833 1875 904 1919 illa
929 1892 1028 1935 quae
1057 1877 1187 1934 cupio
1216 1892 1304 1920 non
1339 1877 1417 1920 nisi
1451 1892 1528 1935 per

140 1949 233 1991 haec
257 1948 361 1990 mihi
395 1949 598 1991 transitus
620 1949 764 2000 datur,
788 1962 875 1990 non
913 1946 1215 2005 amplectenda
1245 1956 1401 2005 appeto
1417 1982 1427 2000 ,
1453 1947 1526 1990 sed

139 2019 275 2073 subeo
295 2018 532 2061 toleranda.
550 2021 602 2061 R.
621 2018 795 2076 Optime
810 2018 990 2061 omnino
1007 2037 1015 2061 :
1033 2033 1133 2060 nam
1154 2033 1234 2061 nec
1246 2032 1324 2075 ego
1339 2017 1526 2060 ullarum

142 2104 284 2132 rerum
308 2089 548 2131 vocandam
566 2098 672 2146 puto
694 2088 995 2146 cupiditatem,
1012 2104 1111 2147 quae
1126 2097 1303 2146 propter
1317 2087 1434 2130 aliud
1458 2102 1526 2129 re-

141 2167 388 2217 qun'untur.
