1871 3162
458 290 512 317 DE
542 287 869 320 cATEcmzANnIs
901 292 1096 320 nunnius.
1381 281 1467 324 495

94 367 334 414 omnesque
356 352 530 398 illorum
562 370 707 414 pravae
728 355 952 415 opiniones
974 357 1202 416 propositis
1223 358 1471 417 quaestioni-

92 423 175 468 bus
196 422 481 483 refellantur,
505 424 581 469 sed
601 441 681 485 pro
715 435 910 486 tempore
940 427 1062 471 brevi
1083 426 1469 473 demonstrandum

90 504 177 550 est,
207 496 265 540 ita
286 511 374 540 esse
395 497 652 555 praedictum
671 533 682 553 ,
707 507 749 542 et
774 514 874 558 quae
905 499 960 543 sit
990 498 1152 543 utilitas
1173 499 1465 544 tentationum

87 564 335 610 erudiendis
357 566 560 612 fidelihus
576 604 586 623 ,
608 577 651 612 et
668 584 768 628 quae
789 568 1003 613 medicina
1019 569 1066 613 in
1081 568 1278 628 exemplo
1296 571 1464 629 patien-

17 635 20 638 ’
89 636 160 680 tiae
180 637 279 692 Dei,
312 638 388 697 qui
407 639 556 683 statuit
580 655 715 699 usque
736 640 782 683 in
804 640 936 683 finem
957 640 1037 704 ista
1058 640 1321 700 permittere.
1352 642 1466 686 Cum

90 721 193 750 vero
211 707 414 751 adversus
429 723 501 752 eos
518 709 760 764 instruitur,
777 724 966 768 quorum
981 725 1194 768 perversae
1216 711 1358 754 turbae
1373 726 1471 755 cor-

91 776 297 835 poraliter
313 778 496 837 implent
517 779 730 838 ecclesias,
751 778 880 823 simul
901 780 1029 824 etiam
1052 791 1269 841 praecepta
1287 782 1477 826 breviter

92 857 135 891 et
171 847 374 893 decenter
407 859 802 894 commemorentur
836 851 1081 895 christianae
1118 861 1247 912 atque
1284 853 1476 897 honestae

90 919 429 964 conversationis
447 954 457 973 ,
498 934 553 962 ne
582 920 636 963 ab
668 919 845 963 ebriosis
866 954 876 974 ,
920 921 1081 976 avaris,
1121 920 1473 978 fraudatoribus,

91 987 352 1032 aleatoribus
372 1023 382 1043 ,
429 988 635 1032 adulteris
655 1024 666 1044 ,
710 989 1043 1035 fornicatoribus
1067 1026 1078 1046 ,
1123 993 1473 1050 spectaculorum

91 1058 371 1112 amatoribus,
392 1057 681 1102 remediorum
698 1059 1005 1117 sacrilegorum
1028 1059 1341 1120 alligatoribus,
1360 1077 1472 1121 prae-

90 1128 399 1181 cantatoribus,
416 1127 744 1183 mathematicis,
761 1128 828 1172 vel
847 1129 1145 1188 quarumlibet
1160 1131 1319 1175 artium
1336 1148 1473 1177 vana-

90 1214 188 1242 rum
204 1208 246 1242 et
261 1197 471 1242 malarum
487 1198 816 1253 divinatoribus,
830 1208 960 1259 atque
975 1201 1224 1260 hujusmodi
1237 1204 1401 1246 caeteris
1417 1203 1476 1247 ita

87 1268 214 1314 facile
243 1270 492 1322 seducatur,
520 1277 563 1311 et
589 1269 858 1328 impunitum
877 1270 958 1314 sibi
980 1269 1075 1314 lore
1097 1271 1350 1327 arbitretur,
1376 1273 1479 1333 quia

89 1340 209 1386 videt
234 1339 394 1384 multos
416 1339 492 1399 qui
523 1340 755 1384 Christiani
789 1340 1091 1401 appellantur,
1117 1343 1211 1387 haec
1244 1356 1412 1399 amare,
1439 1353 1482 1389 et

20 1449 23 1451 Α
88 1425 228 1469 agere,
254 1419 296 1454 et
317 1408 567 1464 defendere,
593 1419 637 1454 et
658 1410 855 1465 suadere,
881 1420 924 1456 et
946 1412 1220 1470 persuadere.
1239 1415 1345 1467 Quis
1367 1415 1482 1459 enim

90 1481 188 1524 finis
203 1479 473 1540 praestitutus
509 1479 562 1521 sit
592 1479 638 1522 in
653 1480 730 1523 tali
749 1481 836 1524 vita
859 1483 1251 1540 perseverantibUS,
1283 1493 1326 1528 et
1350 1500 1483 1545 quam

91 1551 175 1595 sint
206 1551 253 1594 in
274 1552 365 1609 ipsa
386 1547 584 1594 Ecclesia
606 1549 847 1606 tolerandi,
872 1566 924 1595 ex
946 1568 1032 1611 qua
1060 1553 1106 1596 in
1138 1554 1225 1598 fine
1253 1556 1483 1614 separandi

93 1631 223 1676 sunt,
262 1619 512 1664 divinorum
534 1620 768 1666 Librorum
795 1621 1052 1667 testimoniis
1086 1623 1364 1669 edocendum
1401 1635 1479 1671 est.

93 1690 481 1737 Praenuntiandum
512 1700 575 1734 est
613 1690 744 1734 etiam
770 1692 1055 1736 inventurum
1093 1704 1194 1737 eum
1216 1694 1263 1739 in
1284 1695 1477 1742 Ecclesia

91 1764 252 1808 multos
272 1762 540 1808 Christianos
561 1762 720 1816 bonos,
746 1762 987 1806 verissimos
1010 1765 1124 1807 cives
1142 1764 1331 1810 coelestis
1348 1769 1479 1811 Jeru-

93 1833 223 1878 salem
240 1869 250 1888 ,
277 1833 311 1877 si
333 1848 423 1877 esse
443 1833 533 1892 ipse
550 1832 747 1891 coeperit.
770 1831 840 1876 Ad
857 1841 1100 1877 extremum
1116 1850 1171 1878 ne
1193 1851 1288 1895 spes
1319 1838 1413 1897 ejus
1434 1838 1482 1882 in

90 1905 267 1949 homine
288 1912 494 1962 ponatur,
520 1900 673 1946 sedulo
693 1903 939 1946 monendus
955 1912 1044 1948 est:
1064 1904 1168 1964 quia
1191 1921 1335 1966 neque
1354 1906 1480 1952 facile

93 1975 148 2019 ab
178 1975 354 2019 homine
373 1972 561 2034 judicari
593 1981 736 2031 potest
753 1972 848 2031 quis
871 1973 1006 2017 homo
1025 1975 1078 2018 sit
1098 1976 1270 2035 justus,
1294 1986 1337 2021 et
1357 1979 1392 2022 si
1409 1978 1479 2024 fa-

93 2045 174 2090 cile
195 2053 353 2104 posset,
378 2060 467 2088 non
489 2044 588 2088 ideo
609 2043 733 2087 nobis
756 2044 942 2103 proponi
963 2045 1161 2105 exempla
1173 2047 1409 2106 justorum,
1428 2059 1479 2095 ut

92 2116 148 2160 ab
169 2114 229 2159 eis
244 2115 554 2175 justificemur,
580 2112 656 2156 sed
676 2121 722 2156 ut
746 2127 818 2157 eos
837 2113 1056 2159 imitantes
1073 2115 1129 2159 ab
1149 2131 1300 2161 eorum
1316 2119 1478 2178 justifi-

93 2195 238 2232 catore
255 2201 333 2230 nos
347 2199 524 2245 quoque
535 2182 761 2244 justificari
775 2183 972 2228 sciamus.
987 2185 1099 2230 Hinc
1117 2187 1233 2231 enim
1250 2188 1340 2244 fiet,
1358 2189 1479 2250 quod

93 2257 278 2302 maxime
299 2254 696 2301 commendandum
719 2259 782 2299 est
798 2289 809 2309 ,
840 2264 891 2298 ut
912 2270 1013 2299 cum
1035 2255 1108 2300 ille
1130 2258 1207 2318 qui
1237 2273 1316 2305 nos
1336 2260 1474 2317 audit,

92 2329 180 2373 imo
202 2343 279 2388 per
311 2342 389 2371 nos
413 2325 535 2370 audit
558 2328 696 2369 Deum
711 2359 723 2378 ,
759 2324 954 2369 moribus
988 2334 1031 2370 et
1068 2326 1245 2372 scientia
1267 2330 1477 2389 proficere

92 2399 297 2458 coeperit,
328 2406 370 2441 et
402 2396 519 2441 viam
555 2395 714 2440 Christi
735 2394 932 2439 alacriter
952 2395 1145 2454 ingredi,
1179 2406 1260 2443 nec
1281 2399 1408 2446 nobis
1430 2399 1477 2445 id

92 2468 252 2514 audeat
278 2468 516 2526 assignare,
550 2481 631 2510 nec
665 2465 776 2523 sibi,
800 2465 876 2509 sed
897 2474 941 2509 et
962 2477 1007 2511 se
1034 2467 1178 2526 ipsum
1196 2503 1208 2524 ,
1234 2478 1277 2514 et
1305 2486 1410 2528 nos,
1434 2481 1478 2517 et

91 2553 391 2602 quoscumque
413 2538 518 2583 alios
537 2536 680 2596 diligit
712 2537 894 2592 amicos,
918 2536 964 2580 in
996 2536 1073 2584 illo
1089 2547 1133 2583 et
1156 2549 1333 2601 propter
1348 2542 1475 2587 illum

92 2610 272 2670 diligat,
307 2609 383 2669 qui
410 2622 511 2653 eum
532 2606 681 2652 dilexit
701 2606 927 2652 inimicum
948 2641 960 2662 ,
990 2616 1039 2652 ut
1052 2609 1294 2668 justificans
1314 2611 1477 2657 faceret

1196 2681 1261 2721 32.
