1871 3162
606 238 950 274 courssssionmvr,
986 239 1067 264 Lm.
1102 240 1163 265 XI.
1473 231 1555 268 293

183 303 302 344 fieret
321 338 330 354 ‚
358 303 435 345 nisi
453 302 526 345 abs
545 310 586 345 te
608 302 768 346 factum
791 310 916 355 esset,
938 303 1115 346 omnino
1137 317 1224 346 non
1243 312 1364 346 esset.
1384 307 1439 347 Ut
1456 320 1558 363 ergo

182 374 303 415 fieret
325 388 480 431 eorpus
496 371 614 416 unde
635 372 715 416 ista
738 372 868 416 verba
886 373 1062 427 fierent,
1083 389 1172 432 quo
1196 373 1330 417 verbo
1353 388 1377 418 a
1403 383 1446 418 te
1465 375 1557 418 dic-

183 452 274 484 tum
298 447 389 486 est?

183 609 602 624 ΝΙΙᾺᾸΛΜΜΊΝΑΜΜΝΜΊ
608 609 1561 625 mmmmmwuwummvkummmmwwz

688 741 905 791 CAPUT
944 743 1058 792 VH.

475 895 694 942 Verbum
715 896 813 941 Dei
832 906 1121 942 coaeternum
1142 895 1264 941 Deo.

235 1058 312 1101 IX.
336 1059 472 1102 Vocis
502 1057 649 1117 itaque
671 1073 748 1102 nos
771 1056 826 1101 ad
847 1056 1182 1116 intelligendum
1204 1054 1402 1099 Verbum
1424 1057 1562 1098 Deum

176 1129 293 1185 apud
327 1137 370 1171 te
404 1131 563 1182 Deum,
598 1128 717 1187 quod
749 1128 1009 1186 sempiterne
1033 1126 1214 1180 dicitur,
1249 1135 1292 1169 et
1322 1141 1374 1170 eo
1401 1126 1564 1185 sempi-

176 1206 296 1240 terne
325 1197 532 1241 dicuntur
553 1198 710 1242 omnia.
743 1200 894 1256 Neque
925 1197 1040 1240 enim
1069 1196 1219 1240 finitur
1241 1195 1360 1255 quod
1384 1195 1563 1240 diceba-

176 1275 268 1321 tur,
294 1276 336 1311 et
360 1267 518 1311 dicitur
539 1267 657 1310 aliud
681 1277 730 1311 ut
757 1267 923 1325 possint
956 1266 1041 1310 dici
1073 1265 1243 1322 omnia,
1267 1265 1343 1309 sed
1369 1265 1497 1309 simul
1514 1280 1563 1309 ac

174 1338 433 1395 sempiterne
469 1337 629 1380 omnia.
664 1337 871 1396 Alioquin
900 1338 989 1395 jam
1017 1345 1188 1394 tempus
1209 1344 1254 1379 et
1274 1331 1494 1390 mutatio,
1519 1345 1562 1379 et

174 1422 261 1450 non
296 1423 395 1450 vera
429 1408 668 1462 aeternitas,
704 1422 783 1451 nec
815 1422 916 1451 vera
948 1389 1309 1461 immortalitas-J
1306 1408 1400 1449 Hoc
1433 1407 1558 1460 novi,

174 1480 286 1520 Deus
311 1493 445 1530 meus,
470 1487 512 1521 et
531 1478 684 1536 gratias
703 1493 798 1535 ago.
823 1479 959 1530 Novi,
978 1478 1189 1521 confiteor
1211 1477 1289 1520 tibi
1305 1511 1316 1531 ,
1346 1477 1529 1520 Domine
1548 1497 1559 1534 3

172 1563 432 1607 mecumque
458 1548 580 1592 novit
607 1557 650 1591 et
684 1547 903 1592 benedicit
937 1557 980 1591 te
1013 1548 1208 1608 quisquis
1242 1548 1437 1605 ingratus
1471 1563 1561 1591 non

171 1627 234 1661 est
268 1627 383 1661 certe
416 1618 599 1661 veritati.
645 1618 881 1671 Novimus,
927 1617 1133 1671 Domine,
1175 1617 1404 1672 novimus,
1450 1632 1561 1676 quo-

172 1688 287 1730 niam
325 1688 369 1730 in
404 1697 616 1747 quantum
648 1686 863 1746 quidquid
898 1703 987 1731 non
1023 1696 1086 1730 est
1118 1687 1236 1746 quod
1274 1696 1386 1741 erat,
1423 1696 1465 1730 et
1497 1696 1561 1730 est
1619 1736 1621 1747 ἵ

171 1757 290 1815 quod
313 1773 401 1801 non
423 1767 542 1812 erat,
582 1758 627 1800 in
658 1766 830 1800 tantum
864 1758 1048 1801 moritur
1083 1767 1128 1800 et
1149 1757 1302 1800 oritur.
1330 1759 1427 1802 Non
1458 1771 1560 1814 ergo
1621 1756 1623 1758 ’

171 1827 411 1886 quidquam
432 1828 562 1870 Verbi
586 1827 651 1870 tui
681 1826 796 1870 cedit
817 1835 948 1886 atque
977 1826 1195 1878 succedit,
1227 1826 1434 1885 quoniam
1456 1841 1558 1871 vere

172 1896 415 1940 immortale
438 1906 567 1956 atque
589 1906 801 1940 aeternum
833 1905 910 1939 est.
935 1899 991 1940 Et
1017 1895 1116 1940 ideo
1148 1896 1294 1940 Verbo
1329 1897 1409 1939 tibi
1441 1911 1557 1940 coae-

174 1978 294 2011 terno
313 2002 323 2020 ,
349 1968 477 2011 simul
505 1979 547 2011 et
570 1968 830 2026 sempiterne
859 1967 965 2010 dicis
987 1968 1131 2011 omnia
1153 1983 1253 2026 quae
1286 1967 1390 2010 dicis
1405 2001 1416 2021 ,
1442 1975 1486 2010 et
1507 1967 1557 2010 fit

170 2037 383 2095 quidquid
412 2037 519 2080 dicis
542 2047 591 2080 ut
614 2037 713 2094 fiat3
737 2051 817 2080 nec
835 2036 983 2091 aliter,
1019 2052 1148 2096 quam
1169 2036 1356 2080 dicendo
1374 2072 1385 2092 ,
1413 2036 1517 2080 facis
1542 2055 1552 2082 2

170 2121 250 2150 nec
268 2117 410 2151 tamen
422 2116 466 2151 et
479 2106 607 2151 simul
622 2117 666 2152 et
681 2106 942 2165 sempiterne
958 2107 1070 2150 fiunt
1088 2106 1233 2150 omnia
1250 2121 1350 2166 quae
1366 2105 1553 2150 dicendo

173 2175 289 2221 facis.

1616 2048 1661 2067 asl-
