1871 3162
543 214 595 239 DE
626 212 954 240 CATECHIZANDIS
988 215 1181 241 annisus.
1469 204 1552 242 48⁴.)

174 291 285 320 mani
307 291 429 320 suam
447 277 609 336 posuit,
634 279 691 322 sic
716 288 758 322 et
786 293 862 321 nos
889 292 966 335 pro
985 276 1190 320 fratribus
1212 279 1399 322 animam
1418 295 1552 337 pona-

174 348 295 390 mus¹
327 366 335 389 :
362 355 406 390 et
438 347 580 405 ipsum
614 351 772 402 Deum,
815 348 1022 407 quoniam
1056 347 1173 405 prior
1196 346 1346 392 dilexit
1368 364 1472 403 nos,
1513 360 1555 393 ct

174 415 283 459 Filio
311 432 388 460 suo
424 416 554 459 unico
591 432 679 460 non
711 417 959 475 pepercit‘2,
995 417 1071 460 sed
1103 432 1182 476 pro
1205 418 1329 461 nobis
1352 419 1555 463 omnibus

174 485 348 529 tradidit
376 488 504 529 eum3
520 521 531 541 ,
556 487 590 530 si
618 502 761 531 amare
784 487 984 546 pigebat,
1006 486 1159 530 saltem
1185 502 1302 530 nunc
1334 488 1556 534 redamare

171 571 258 599 non
281 556 438 615 pigeat.
471 556 600 601 Nulla
633 566 697 601 est
719 558 835 601 enim
865 560 1003 617 major
1031 557 1086 601 ad
1116 572 1306 602 amorem
1328 558 1552 614 invitatio,

171 641 301 685 quam
320 627 556 685 praevenire
584 627 769 671 amando
788 647 796 671 :
817 637 860 671 et
883 628 1008 670 nimis
1031 626 1167 670 durus
1184 636 1248 671 est
1272 628 1456 682 animus,
1482 631 1558 688 qui

171 695 447 740 dilectionem
470 697 504 739 si
523 697 702 741 nolebat
723 696 974 754 impendere
990 731 1000 749 ,
1021 696 1132 740 nolit
1151 698 1404 756 rependere.
1431 699 1558 750 Quod

172 766 207 809 si
227 766 272 809 iu
294 766 394 825 ipsis
415 766 633 824 flagitiosis
666 775 710 809 et
734 765 920 810 sordidis
954 767 1173 810 amoribus
1201 767 1398 811 videmus
1416 803 1426 822 ,
1449 768 1559 812 nihil

171 835 287 878 aliud
316 852 387 880 eos
410 852 535 894 agere
563 837 637 894 qui
666 836 796 879 amari
819 835 1004 880 vicissim
1026 836 1184 880 volunt
1202 872 1213 891 ,
1239 838 1318 881 nisi
1342 847 1391 881 ut
1420 837 1558 882 docu-

173 907 326 949 mentis
367 906 524 966 quibus
559 905 706 951 valent
749 906 945 965 aperiant
987 915 1031 950 et
1074 906 1306 952 ostendant
1343 918 1558 967 quantum

172 985 341 1031 ament,
363 992 546 1035 eamque
568 978 798 1036 imaginem
822 978 1002 1036 justitiae
1032 978 1303 1036 praetendere
1323 979 1556 1033 affectant,

174 1056 222 1090 ut
249 1047 387 1090 vicem
423 1048 505 1091 sibi
535 1046 659 1091 reddi
685 1046 875 1107 quodam
910 1047 1042 1092 modo
1076 1048 1275 1107 flagitent
1302 1049 1354 1092 ab
1384 1050 1443 1093 eis
1467 1051 1561 1093 ani-

173 1117 252 1160 mis
272 1152 282 1171 ,
309 1133 417 1176 quos
449 1117 700 1162 illecebrare
733 1117 1003 1174 moliuntur,
1041 1119 1210 1178 ipsique
1234 1118 1457 1164 ardentius
1479 1136 1560 1165 aes-

174 1196 328 1241 tuant,
369 1203 468 1231 cum
500 1189 587 1246 jam
622 1188 786 1231 moveri
809 1186 961 1231 eodem
986 1189 1084 1245 igne
1121 1188 1250 1232 etiam
1274 1188 1368 1232 illas
1391 1199 1559 1234 mentes

173 1272 280 1316 quas
301 1266 515 1316 appetunt
536 1258 728 1301 sentiunt
751 1276 759 1300 z
787 1257 820 1300 si
842 1273 944 1315 ergo
967 1266 1009 1301 et
1032 1258 1200 1301 animus
1226 1259 1302 1317 qui
1326 1260 1554 1318 torpebat,

172 1344 272 1372 cum
295 1344 339 1372 se
356 1329 489 1372 amari
511 1329 689 1372 senserit
711 1328 936 1382 excitatur,
955 1338 998 1371 et
1018 1329 1094 1387 qui
1116 1330 1207 1388 jam
1225 1328 1437 1386 fervebat,
1458 1347 1560 1375 cum

172 1413 216 1442 se
238 1397 450 1441 redamari
473 1397 700 1451 didicerit,
732 1399 864 1455 magis
887 1398 1140 1442 accenditur
1159 1418 1167 1442 ;
1193 1398 1472 1444 manifestum
1494 1410 1561 1445 est

173 1468 339 1511 nullam
366 1483 455 1512 esse
478 1469 685 1527 majorem
708 1483 881 1511 causam
899 1503 910 1523 ,
936 1485 1023 1527 qua
1045 1468 1112 1512 vel
1133 1469 1363 1514 inchoetur
1384 1471 1454 1515 vel
1474 1487 1558 1516 au-

175 1548 326 1597 geatur
344 1553 463 1582 amor
478 1573 488 1592 ,
507 1553 637 1598 quam
660 1552 758 1581 cum
778 1539 912 1581 amari
931 1554 974 1581 se
992 1540 1212 1595 cognoscit
1228 1574 1239 1593 ,
1264 1541 1341 1600 qui
1361 1540 1561 1585 nondum

174 1618 317 1664 amat,
344 1617 419 1652 aut
446 1608 659 1652 redamari
683 1623 727 1652 se
749 1607 817 1651 vel
834 1623 959 1667 posse
980 1618 1144 1670 sperat,
1178 1610 1247 1653 vel
1263 1611 1353 1669 jam
1379 1612 1558 1670 probat,

174 1679 250 1738 qui
278 1678 395 1737 prior
417 1687 547 1722 amat.
580 1680 637 1721 Et
665 1678 699 1721 si
721 1678 804 1721 hoc
832 1678 964 1722 etiam
1000 1679 1043 1721 in
1077 1679 1280 1738 turpibus
1311 1681 1531 1726 amoribus
1548 1717 1559 1737 ,

174 1758 340 1810 quanto
364 1748 461 1807 plus
480 1748 526 1790 in
543 1747 761 1791 amicitia?
784 1747 902 1800 Quid
925 1748 1041 1792 enirn
1063 1749 1184 1792 aliud
1208 1765 1410 1795 cavemus
1431 1752 1478 1795 in
1497 1751 1563 1796 of-

174 1819 370 1864 fensione
385 1818 599 1873 amicitiae,
622 1818 703 1861 nisi
718 1833 772 1861 ne
791 1818 954 1861 amicus
970 1819 1206 1863 arbitretur
1224 1819 1345 1880 quod
1367 1836 1469 1865 eum
1492 1821 1561 1867 vel

175 1906 264 1935 non
285 1890 519 1948 diligimus,
537 1889 607 1934 vel
629 1889 771 1933 minus
793 1888 1016 1948 diligimus
1033 1905 1164 1950 quam
1181 1891 1272 1950 ipse
1286 1907 1365 1936 nos
1388 1891 1563 1952 diligit?

176 1960 306 2015 Quod
327 1961 361 2004 si
382 1959 630 2014 crediderit,
645 1958 845 2018 frigidior
862 1960 944 2003 erit
964 1960 1008 2002 in
1030 1975 1081 2004 eo
1103 1976 1249 2005 amore
1267 1977 1355 2021 quo
1377 1962 1563 2007 invicem

175 2033 370 2077 homines
388 2040 539 2076 mutua
562 2030 854 2076 familiaritate
873 2030 1182 2091 perfruuntur:
1198 2041 1241 2076 et
1259 2033 1293 2076 si
1312 2048 1402 2077 non
1424 2034 1482 2078 ita
1500 2044 1565 2079 est

176 2104 395 2158 infirmus,
421 2112 470 2147 ut
497 2103 592 2147 haec
612 2102 740 2146 illum
763 2103 948 2147 offensio
966 2103 1098 2148 faciat
1120 2104 1175 2147 ab
1193 2104 1313 2148 omni
1329 2104 1563 2150 dilectione

178 2174 430 2231 frigescere,
449 2174 494 2216 in
517 2188 565 2216 ea
587 2188 630 2216 se
645 2181 780 2227 tenet,
797 2189 884 2233 qua
903 2189 992 2218 non
1015 2183 1064 2217 ut
1081 2173 1267 2229 fruatur,
1296 2174 1372 2219 sed
1388 2184 1438 2219 ut
1454 2190 1562 2221 con-

179 2243 292 2288 sulat
322 2243 475 2302 diligit.
507 2245 661 2302 Operae
703 2243 890 2301 pretium
924 2252 988 2287 est
1021 2252 1168 2287 autem
1191 2244 1560 2300 animadvertere,

179 2314 423 2374 quomodo,
443 2328 694 2373 quanquam
712 2322 754 2357 et
778 2313 1019 2372 superiores
1045 2313 1181 2359 velint
1204 2330 1247 2358 se
1269 2315 1323 2359 ab
1345 2315 1562 2361 inferiori-

180 2385 260 2429 bus
282 2384 418 2442 diligi,
438 2400 676 2445 eorumque
698 2385 743 2428 in
764 2399 807 2428 se
828 2383 1022 2429 studioso
1042 2384 1314 2430 delectentur
1332 2386 1559 2447 obsequio,

182 2465 225 2500 et
245 2464 411 2515 quanto
443 2457 577 2514 magis
598 2456 646 2500 id
667 2455 904 2510 senserint,
938 2464 1062 2500 tanto
1096 2457 1232 2515 magis
1256 2472 1328 2502 eos
1349 2457 1532 2517 diligant
1548 2493 1559 2514 ,

231 2547 238 2563 ¹
266 2543 387 2573 1Joan.
409 2551 455 2582 111,
475 2540 526 2572 16.
547 2557 586 2564 -
602 2547 614 2564 ²
637 2540 747 2582 Id.1v‚
774 2551 821 2572 ιο.
845 2558 885 2563 -
906 2539 1025 2573 3Ron1.
1046 2551 1117 2580 vni,
1135 2540 1189 2574 32.
