<?xml version="1.0" encoding="UTF-8"?>
<!DOCTYPE html PUBLIC "-//W3C//DTD XHTML 1.0 Transitional//EN"
    "http://www.w3.org/TR/xhtml1/DTD/xhtml1-transitional.dtd">
<html xmlns="http://www.w3.org/1999/xhtml" xml:lang="en" lang="en">
 <head>
  <title>
</title>
<meta http-equiv="Content-Type" content="text/html;charset=utf-8" />
  <meta name='ocr-system' content='tesseract 3.04.00' />
  <meta name='ocr-capabilities' content='ocr_page ocr_carea ocr_par ocr_line ocrx_word'/>
</head>
<body>
  <div class='ocr_page' id='page_1' title='image "./operaomniaaccura25auguuoft_0235.png"; bbox 0 0 1871 3162; ppageno 0'>
   <div class='ocr_carea' id='block_1_1' title="bbox 0 341 60 3162">
    <p class='ocr_par' dir='ltr' id='par_1_1' title="bbox 0 341 60 3162">
     <span class='ocr_line' id='line_1_1' title="bbox 0 341 60 3162; baseline 0 0"><span class='ocrx_word' id='word_1_1' title='bbox 0 341 60 3162; x_wconf 95' lang='lat' dir='ltr'> </span> 
     </span>
    </p>
   </div>
   <div class='ocr_carea' id='block_1_2' title="bbox 606 273 1567 317">
    <p class='ocr_par' dir='ltr' id='par_1_2' title="bbox 606 273 1567 317">
     <span class='ocr_line' id='line_1_2' title="bbox 606 273 1567 317; baseline 0.004 -11"><span class='ocrx_word' id='word_1_2' title='bbox 606 279 952 317; x_wconf 70' lang='lat' dir='ltr'><strong>CONFESSIONUM‚</strong></span> <span class='ocrx_word' id='word_1_3' title='bbox 987 280 1069 306; x_wconf 71' lang='lat' dir='ltr'>Lm.</span> <span class='ocrx_word' id='word_1_4' title='bbox 1105 281 1165 306; x_wconf 83' lang='lat' dir='ltr'>ix.</span> <span class='ocrx_word' id='word_1_5' title='bbox 1485 273 1567 310; x_wconf 78' lang='lat'>225</span> 
     </span>
    </p>
   </div>
   <div class='ocr_carea' id='block_1_3' title="bbox 195 343 1580 1460">
    <p class='ocr_par' dir='ltr' id='par_1_3' title="bbox 195 343 1580 1460">
     <span class='ocr_line' id='line_1_3' title="bbox 255 343 1570 403; baseline 0.002 -16"><span class='ocrx_word' id='word_1_6' title='bbox 255 344 482 388; x_wconf 83' lang='lat' dir='ltr'>XXXVII.</span> <span class='ocrx_word' id='word_1_7' title='bbox 513 343 576 388; x_wconf 91' lang='lat' dir='ltr'>Sit</span> <span class='ocrx_word' id='word_1_8' title='bbox 610 358 711 403; x_wconf 87' lang='lat' dir='ltr'>ergo</span> <span class='ocrx_word' id='word_1_9' title='bbox 731 345 775 388; x_wconf 91' lang='lat' dir='ltr'>in</span> <span class='ocrx_word' id='word_1_10' title='bbox 797 358 902 403; x_wconf 82' lang='lat' dir='ltr'>pace</span> <span class='ocrx_word' id='word_1_11' title='bbox 918 358 1019 388; x_wconf 85' lang='lat' dir='ltr'>eum</span> <span class='ocrx_word' id='word_1_12' title='bbox 1040 343 1153 398; x_wconf 83' lang='lat' dir='ltr'>viro,</span> <span class='ocrx_word' id='word_1_13' title='bbox 1179 352 1279 387; x_wconf 84' lang='lat' dir='ltr'>ante</span> <span class='ocrx_word' id='word_1_14' title='bbox 1300 358 1431 403; x_wconf 90' lang='lat' dir='ltr'>quem</span> <span class='ocrx_word' id='word_1_15' title='bbox 1460 346 1570 389; x_wconf 83' lang='lat' dir='ltr'>nulli</span> 
     </span>
     <span class='ocr_line' id='line_1_4' title="bbox 197 414 1571 476; baseline 0 -18"><span class='ocrx_word' id='word_1_16' title='bbox 197 423 240 458; x_wconf 90' lang='lat' dir='ltr'>et</span> <span class='ocrx_word' id='word_1_17' title='bbox 275 423 372 475; x_wconf 89' lang='lat' dir='ltr'>post</span> <span class='ocrx_word' id='word_1_18' title='bbox 392 429 522 475; x_wconf 88' lang='lat' dir='ltr'>quem</span> <span class='ocrx_word' id='word_1_19' title='bbox 555 414 666 459; x_wconf 85' lang='lat' dir='ltr'>nulli</span> <span class='ocrx_word' id='word_1_20' title='bbox 698 424 833 476; x_wconf 84' lang='lat' dir='ltr'>nupta</span> <span class='ocrx_word' id='word_1_21' title='bbox 857 424 946 471; x_wconf 87' lang='lat' dir='ltr'>est,</span> <span class='ocrx_word' id='word_1_22' title='bbox 971 415 1042 459; x_wconf 89' lang='lat' dir='ltr'>cui</span> <span class='ocrx_word' id='word_1_23' title='bbox 1065 414 1237 460; x_wconf 82' lang='lat' dir='ltr'><strong>servivit</strong></span> <span class='ocrx_word' id='word_1_24' title='bbox 1268 414 1460 458; x_wconf 83' lang='lat' dir='ltr'>fructum</span> <span class='ocrx_word' id='word_1_25' title='bbox 1494 416 1571 459; x_wconf 75' lang='lat' dir='ltr'>tibi</span> 
     </span>
     <span class='ocr_line' id='line_1_5' title="bbox 198 484 1565 545; baseline 0 -17"><span class='ocrx_word' id='word_1_26' title='bbox 198 484 381 529; x_wconf 84' lang='lat' dir='ltr'>afferens</span> <span class='ocrx_word' id='word_1_27' title='bbox 398 500 498 530; x_wconf 89' lang='lat' dir='ltr'>cum</span> <span class='ocrx_word' id='word_1_28' title='bbox 528 485 780 530; x_wconf 84' lang='lat' dir='ltr'>tolerantia¹</span> <span class='ocrx_word' id='word_1_29' title='bbox 795 519 806 540; x_wconf 90' lang='lat'>‚</span> <span class='ocrx_word' id='word_1_30' title='bbox 830 494 880 529; x_wconf 84' lang='lat' dir='ltr'>ut</span> <span class='ocrx_word' id='word_1_31' title='bbox 901 501 1001 529; x_wconf 91' lang='lat' dir='ltr'>eum</span> <span class='ocrx_word' id='word_1_32' title='bbox 1020 500 1196 545; x_wconf 89' lang='lat' dir='ltr'>quoque</span> <span class='ocrx_word' id='word_1_33' title='bbox 1213 484 1455 528; x_wconf 80' lang='lat' dir='ltr'>lucraretur</span> <span class='ocrx_word' id='word_1_34' title='bbox 1470 485 1565 529; x_wconf 89' lang='lat' dir='ltr'>tibi.</span> 
     </span>
     <span class='ocr_line' id='line_1_6' title="bbox 196 556 1572 615; baseline -0.001 -15"><span class='ocrx_word' id='word_1_35' title='bbox 196 558 253 600; x_wconf 91' lang='lat' dir='ltr'>Et</span> <span class='ocrx_word' id='word_1_36' title='bbox 273 556 449 615; x_wconf 88' lang='lat' dir='ltr'>inspira,</span> <span class='ocrx_word' id='word_1_37' title='bbox 474 556 658 601; x_wconf 85' lang='lat' dir='ltr'><strong>Domine</strong></span> <span class='ocrx_word' id='word_1_38' title='bbox 674 571 795 600; x_wconf 90' lang='lat' dir='ltr'>meus</span> <span class='ocrx_word' id='word_1_39' title='bbox 811 591 822 610; x_wconf 87' lang='lat'>‚</span> <span class='ocrx_word' id='word_1_40' title='bbox 847 559 962 600; x_wconf 87' lang='lat' dir='ltr'>Deus</span> <span class='ocrx_word' id='word_1_41' title='bbox 983 571 1106 600; x_wconf 88' lang='lat' dir='ltr'>meus</span> <span class='ocrx_word' id='word_1_42' title='bbox 1122 591 1133 610; x_wconf 88' lang='lat'><strong>‚</strong></span> <span class='ocrx_word' id='word_1_43' title='bbox 1158 556 1319 614; x_wconf 86' lang='lat' dir='ltr'>inspira</span> <span class='ocrx_word' id='word_1_44' title='bbox 1336 556 1466 600; x_wconf 89' lang='lat' dir='ltr'>servis</span> <span class='ocrx_word' id='word_1_45' title='bbox 1488 556 1572 599; x_wconf 86' lang='lat' dir='ltr'>tuis</span> 
     </span>
     <span class='ocr_line' id='line_1_7' title="bbox 195 624 1574 686; baseline 0 -17"><span class='ocrx_word' id='word_1_46' title='bbox 195 624 404 671; x_wconf 86' lang='lat' dir='ltr'>fratribus</span> <span class='ocrx_word' id='word_1_47' title='bbox 425 626 530 670; x_wconf 88' lang='lat' dir='ltr'>meis</span> <span class='ocrx_word' id='word_1_48' title='bbox 545 662 556 682; x_wconf 85' lang='lat'>‚</span> <span class='ocrx_word' id='word_1_49' title='bbox 588 626 686 671; x_wconf 87' lang='lat' dir='ltr'>filiis</span> <span class='ocrx_word' id='word_1_50' title='bbox 706 627 791 672; x_wconf 90' lang='lat' dir='ltr'>tuis</span> <span class='ocrx_word' id='word_1_51' title='bbox 819 626 1005 671; x_wconf 88' lang='lat' dir='ltr'>dominis</span> <span class='ocrx_word' id='word_1_52' title='bbox 1033 627 1138 670; x_wconf 86' lang='lat' dir='ltr'>meis</span> <span class='ocrx_word' id='word_1_53' title='bbox 1161 626 1322 686; x_wconf 86' lang='lat' dir='ltr'>quibus</span> <span class='ocrx_word' id='word_1_54' title='bbox 1344 636 1388 671; x_wconf 90' lang='lat' dir='ltr'>et</span> <span class='ocrx_word' id='word_1_55' title='bbox 1408 641 1513 671; x_wconf 87' lang='lat' dir='ltr'>voce</span> <span class='ocrx_word' id='word_1_56' title='bbox 1531 635 1574 669; x_wconf 82' lang='lat' dir='ltr'>et</span> 
     </span>
     <span class='ocr_line' id='line_1_8' title="bbox 197 696 1575 757; baseline -0.001 -17"><span class='ocrx_word' id='word_1_57' title='bbox 197 696 328 740; x_wconf 88' lang='lat' dir='ltr'>eorde</span> <span class='ocrx_word' id='word_1_58' title='bbox 345 705 389 741; x_wconf 87' lang='lat' dir='ltr'>et</span> <span class='ocrx_word' id='word_1_59' title='bbox 407 696 560 742; x_wconf 88' lang='lat' dir='ltr'>litteris</span> <span class='ocrx_word' id='word_1_60' title='bbox 577 697 714 742; x_wconf 88' lang='lat' dir='ltr'>servio</span> <span class='ocrx_word' id='word_1_61' title='bbox 729 732 740 753; x_wconf 88' lang='lat'>,</span> <span class='ocrx_word' id='word_1_62' title='bbox 767 706 816 741; x_wconf 88' lang='lat' dir='ltr'>ut</span> <span class='ocrx_word' id='word_1_63' title='bbox 837 705 1058 757; x_wconf 85' lang='lat' dir='ltr'>quotquot</span> <span class='ocrx_word' id='word_1_64' title='bbox 1072 697 1166 741; x_wconf 82' lang='lat' dir='ltr'>haec</span> <span class='ocrx_word' id='word_1_65' title='bbox 1188 697 1373 756; x_wconf 83' lang='lat' dir='ltr'>legerint</span> <span class='ocrx_word' id='word_1_66' title='bbox 1390 731 1400 751; x_wconf 83' lang='lat'><strong>‚</strong></span> <span class='ocrx_word' id='word_1_67' title='bbox 1422 696 1575 740; x_wconf 88' lang='lat' dir='ltr'>memi-</span> 
     </span>
     <span class='ocr_line' id='line_1_9' title="bbox 197 765 1578 821; baseline 0.001 -12"><span class='ocrx_word' id='word_1_68' title='bbox 197 766 342 810; x_wconf 91' lang='lat' dir='ltr'>nerint</span> <span class='ocrx_word' id='word_1_69' title='bbox 363 765 419 810; x_wconf 90' lang='lat' dir='ltr'>ad</span> <span class='ocrx_word' id='word_1_70' title='bbox 445 766 579 811; x_wconf 87' lang='lat' dir='ltr'>altare</span> <span class='ocrx_word' id='word_1_71' title='bbox 608 776 732 811; x_wconf 89' lang='lat' dir='ltr'>tuum</span> <span class='ocrx_word' id='word_1_72' title='bbox 757 767 1005 812; x_wconf 79' lang='lat' dir='ltr'>Monnicae²</span> <span class='ocrx_word' id='word_1_73' title='bbox 1027 766 1204 811; x_wconf 83' lang='lat' dir='ltr'>famulae</span> <span class='ocrx_word' id='word_1_74' title='bbox 1235 775 1323 810; x_wconf 86' lang='lat' dir='ltr'>tuae</span> <span class='ocrx_word' id='word_1_75' title='bbox 1338 801 1349 821; x_wconf 87' lang='lat'>‚</span> <span class='ocrx_word' id='word_1_76' title='bbox 1374 782 1474 811; x_wconf 84' lang='lat' dir='ltr'>cum</span> <span class='ocrx_word' id='word_1_77' title='bbox 1495 770 1578 810; x_wconf 82' lang='lat' dir='ltr'>Pa-</span> 
     </span>
     <span class='ocr_line' id='line_1_10' title="bbox 197 836 1578 898; baseline 0.001 -18"><span class='ocrx_word' id='word_1_78' title='bbox 197 836 321 881; x_wconf 86' lang='lat' dir='ltr'>tricio</span> <span class='ocrx_word' id='word_1_79' title='bbox 342 838 565 897; x_wconf 85' lang='lat' dir='ltr'>quondam</span> <span class='ocrx_word' id='word_1_80' title='bbox 588 839 678 898; x_wconf 85' lang='lat' dir='ltr'>ejus</span> <span class='ocrx_word' id='word_1_81' title='bbox 704 839 890 898; x_wconf 83' lang='lat' dir='ltr'>conjuge</span> <span class='ocrx_word' id='word_1_82' title='bbox 906 873 916 893; x_wconf 85' lang='lat'>‚</span> <span class='ocrx_word' id='word_1_83' title='bbox 948 853 1026 897; x_wconf 89' lang='lat' dir='ltr'>per</span> <span class='ocrx_word' id='word_1_84' title='bbox 1042 853 1232 897; x_wconf 84' lang='lat' dir='ltr'>quorum</span> <span class='ocrx_word' id='word_1_85' title='bbox 1250 853 1422 882; x_wconf 87' lang='lat' dir='ltr'>carnem</span> <span class='ocrx_word' id='word_1_86' title='bbox 1439 836 1578 881; x_wconf 84' lang='lat' dir='ltr'>intro-</span> 
     </span>
     <span class='ocr_line' id='line_1_11' title="bbox 198 906 1577 968; baseline 0.001 -17"><span class='ocrx_word' id='word_1_87' title='bbox 198 906 357 952; x_wconf 79' lang='lat' dir='ltr'>duxisti</span> <span class='ocrx_word' id='word_1_88' title='bbox 379 923 449 952; x_wconf 89' lang='lat' dir='ltr'>me</span> <span class='ocrx_word' id='word_1_89' title='bbox 469 908 515 952; x_wconf 88' lang='lat' dir='ltr'>in</span> <span class='ocrx_word' id='word_1_90' title='bbox 531 910 644 953; x_wconf 84' lang='lat' dir='ltr'>hane</span> <span class='ocrx_word' id='word_1_91' title='bbox 664 909 797 954; x_wconf 86' lang='lat' dir='ltr'>vitam</span> <span class='ocrx_word' id='word_1_92' title='bbox 812 944 823 964; x_wconf 82' lang='lat'>,</span> <span class='ocrx_word' id='word_1_93' title='bbox 849 908 1221 968; x_wconf 80' lang='lat' dir='ltr'>quemadmodum</span> <span class='ocrx_word' id='word_1_94' title='bbox 1239 909 1399 953; x_wconf 87' lang='lat' dir='ltr'>nescio.</span> <span class='ocrx_word' id='word_1_95' title='bbox 1420 908 1577 953; x_wconf 86' lang='lat' dir='ltr'>Memi-</span> 
     </span>
     <span class='ocr_line' id='line_1_12' title="bbox 198 978 1579 1039; baseline 0.001 -18"><span class='ocrx_word' id='word_1_96' title='bbox 198 978 344 1023; x_wconf 89' lang='lat' dir='ltr'>nerint</span> <span class='ocrx_word' id='word_1_97' title='bbox 365 994 466 1023; x_wconf 87' lang='lat' dir='ltr'>eum</span> <span class='ocrx_word' id='word_1_98' title='bbox 503 979 665 1024; x_wconf 83' lang='lat' dir='ltr'>affectu</span> <span class='ocrx_word' id='word_1_99' title='bbox 697 980 770 1039; x_wconf 89' lang='lat' dir='ltr'>pio</span> <span class='ocrx_word' id='word_1_100' title='bbox 803 990 1035 1039; x_wconf 84' lang='lat' dir='ltr'>parentum</span> <span class='ocrx_word' id='word_1_101' title='bbox 1072 995 1269 1024; x_wconf 88' lang='lat' dir='ltr'>meorum</span> <span class='ocrx_word' id='word_1_102' title='bbox 1291 980 1336 1023; x_wconf 93' lang='lat' dir='ltr'>in</span> <span class='ocrx_word' id='word_1_103' title='bbox 1369 980 1450 1023; x_wconf 83' lang='lat' dir='ltr'>hac</span> <span class='ocrx_word' id='word_1_104' title='bbox 1481 978 1579 1022; x_wconf 81' lang='lat' dir='ltr'>luce</span> 
     </span>
     <span class='ocr_line' id='line_1_13' title="bbox 198 1049 1579 1109; baseline -0.001 -17"><span class='ocrx_word' id='word_1_105' title='bbox 198 1049 466 1104; x_wconf 84' lang='lat' dir='ltr'>transitoria,</span> <span class='ocrx_word' id='word_1_106' title='bbox 503 1059 546 1094; x_wconf 89' lang='lat' dir='ltr'>et</span> <span class='ocrx_word' id='word_1_107' title='bbox 577 1049 763 1094; x_wconf 85' lang='lat' dir='ltr'>fratrum</span> <span class='ocrx_word' id='word_1_108' title='bbox 800 1065 996 1095; x_wconf 87' lang='lat' dir='ltr'>meorum</span> <span class='ocrx_word' id='word_1_109' title='bbox 1038 1050 1120 1094; x_wconf 90' lang='lat' dir='ltr'>sub</span> <span class='ocrx_word' id='word_1_110' title='bbox 1152 1059 1194 1094; x_wconf 85' lang='lat' dir='ltr'>te</span> <span class='ocrx_word' id='word_1_111' title='bbox 1230 1059 1352 1109; x_wconf 84' lang='lat' dir='ltr'>patre</span> <span class='ocrx_word' id='word_1_112' title='bbox 1373 1050 1420 1092; x_wconf 88' lang='lat' dir='ltr'>in</span> <span class='ocrx_word' id='word_1_113' title='bbox 1442 1057 1579 1092; x_wconf 81' lang='lat' dir='ltr'>matre</span> 
     </span>
     <span class='ocr_line' id='line_1_14' title="bbox 199 1119 1580 1175; baseline 0 -12"><span class='ocrx_word' id='word_1_114' title='bbox 199 1119 433 1173; x_wconf 86' lang='lat' dir='ltr'>catholiea,</span> <span class='ocrx_word' id='word_1_115' title='bbox 475 1129 518 1164; x_wconf 88' lang='lat' dir='ltr'>et</span> <span class='ocrx_word' id='word_1_116' title='bbox 537 1121 698 1165; x_wconf 86' lang='lat' dir='ltr'>civium</span> <span class='ocrx_word' id='word_1_117' title='bbox 719 1137 917 1165; x_wconf 87' lang='lat' dir='ltr'>meorum</span> <span class='ocrx_word' id='word_1_118' title='bbox 948 1121 994 1164; x_wconf 93' lang='lat' dir='ltr'>in</span> <span class='ocrx_word' id='word_1_119' title='bbox 1029 1130 1190 1164; x_wconf 86' lang='lat' dir='ltr'>aeterna</span> <span class='ocrx_word' id='word_1_120' title='bbox 1214 1120 1453 1164; x_wconf 82' lang='lat' dir='ltr'>Jerusalem</span> <span class='ocrx_word' id='word_1_121' title='bbox 1473 1155 1484 1175; x_wconf 89' lang='lat'>‚</span> <span class='ocrx_word' id='word_1_122' title='bbox 1509 1120 1580 1163; x_wconf 85' lang='lat' dir='ltr'>cui</span> 
     </span>
     <span class='ocr_line' id='line_1_15' title="bbox 199 1190 1579 1250; baseline -0.001 -17"><span class='ocrx_word' id='word_1_123' title='bbox 199 1190 385 1249; x_wconf 86' lang='lat' dir='ltr'>suspirat</span> <span class='ocrx_word' id='word_1_124' title='bbox 411 1191 700 1249; x_wconf 83' lang='lat' dir='ltr'>peregrinatio</span> <span class='ocrx_word' id='word_1_125' title='bbox 723 1191 873 1250; x_wconf 87' lang='lat' dir='ltr'>populi</span> <span class='ocrx_word' id='word_1_126' title='bbox 899 1191 962 1234; x_wconf 86' lang='lat' dir='ltr'>tui</span> <span class='ocrx_word' id='word_1_127' title='bbox 999 1191 1053 1234; x_wconf 85' lang='lat' dir='ltr'>ab</span> <span class='ocrx_word' id='word_1_128' title='bbox 1074 1192 1190 1234; x_wconf 80' lang='lat' dir='ltr'>exitu</span> <span class='ocrx_word' id='word_1_129' title='bbox 1213 1206 1353 1249; x_wconf 88' lang='lat' dir='ltr'>usque</span> <span class='ocrx_word' id='word_1_130' title='bbox 1387 1190 1440 1234; x_wconf 85' lang='lat' dir='ltr'>ad</span> <span class='ocrx_word' id='word_1_131' title='bbox 1464 1190 1579 1233; x_wconf 83' lang='lat' dir='ltr'>redi-</span> 
     </span>
     <span class='ocr_line' id='line_1_16' title="bbox 200 1260 1580 1320; baseline -0.001 -17"><span class='ocrx_word' id='word_1_132' title='bbox 200 1268 296 1303; x_wconf 89' lang='lat' dir='ltr'>tum</span> <span class='ocrx_word' id='word_1_133' title='bbox 311 1295 322 1315; x_wconf 87' lang='lat'>,</span> <span class='ocrx_word' id='word_1_134' title='bbox 347 1269 397 1303; x_wconf 86' lang='lat' dir='ltr'>ut</span> <span class='ocrx_word' id='word_1_135' title='bbox 417 1260 538 1320; x_wconf 91' lang='lat' dir='ltr'>quod</span> <span class='ocrx_word' id='word_1_136' title='bbox 567 1276 589 1304; x_wconf 90' lang='lat' dir='ltr'>a</span> <span class='ocrx_word' id='word_1_137' title='bbox 612 1276 682 1304; x_wconf 91' lang='lat' dir='ltr'>me</span> <span class='ocrx_word' id='word_1_138' title='bbox 705 1260 779 1305; x_wconf 80' lang='lat' dir='ltr'>illa</span> <span class='ocrx_word' id='word_1_139' title='bbox 802 1261 1000 1320; x_wconf 81' lang='lat' dir='ltr'>poposcit</span> <span class='ocrx_word' id='word_1_140' title='bbox 1021 1270 1259 1305; x_wconf 82' lang='lat' dir='ltr'>extremum</span> <span class='ocrx_word' id='word_1_141' title='bbox 1279 1296 1290 1315; x_wconf 85' lang='lat'>,</span> <span class='ocrx_word' id='word_1_142' title='bbox 1316 1261 1494 1304; x_wconf 86' lang='lat' dir='ltr'>uberius</span> <span class='ocrx_word' id='word_1_143' title='bbox 1517 1260 1580 1303; x_wconf 81' lang='lat' dir='ltr'>illi</span> 
     </span>
     <span class='ocr_line' id='line_1_17' title="bbox 199 1330 1576 1390; baseline 0.001 -17"><span class='ocrx_word' id='word_1_144' title='bbox 199 1339 428 1388; x_wconf 86' lang='lat' dir='ltr'>praestetur</span> <span class='ocrx_word' id='word_1_145' title='bbox 462 1331 509 1375; x_wconf 90' lang='lat' dir='ltr'>in</span> <span class='ocrx_word' id='word_1_146' title='bbox 556 1331 797 1376; x_wconf 86' lang='lat' dir='ltr'>multorum</span> <span class='ocrx_word' id='word_1_147' title='bbox 839 1331 1108 1376; x_wconf 84' lang='lat' dir='ltr'>orationibus</span> <span class='ocrx_word' id='word_1_148' title='bbox 1146 1347 1222 1390; x_wconf 88' lang='lat' dir='ltr'>per</span> <span class='ocrx_word' id='word_1_149' title='bbox 1258 1330 1547 1376; x_wconf 78' lang='lat' dir='ltr'>consessiones</span> <span class='ocrx_word' id='word_1_150' title='bbox 1566 1365 1576 1386; x_wconf 85' lang='lat'>‚</span> 
     </span>
     <span class='ocr_line' id='line_1_18' title="bbox 199 1403 815 1460; baseline 0.002 -16"><span class='ocrx_word' id='word_1_151' title='bbox 199 1415 333 1460; x_wconf 82' lang='lat' dir='ltr'>quam</span> <span class='ocrx_word' id='word_1_152' title='bbox 354 1416 432 1460; x_wconf 89' lang='lat' dir='ltr'>per</span> <span class='ocrx_word' id='word_1_153' title='bbox 453 1403 668 1447; x_wconf 87' lang='lat' dir='ltr'>orationes</span> <span class='ocrx_word' id='word_1_154' title='bbox 685 1417 815 1446; x_wconf 83' lang='lat' dir='ltr'>meas.</span> 
     </span>
    </p>
   </div>
   <div class='ocr_carea' id='block_1_4' title="bbox 200 1520 1585 1946">
    <p class='ocr_par' dir='ltr' id='par_1_4' title="bbox 200 1520 1585 1946">
     <span class='ocr_line' id='line_1_19' title="bbox 249 1520 1580 1563; baseline 0 -11"><span class='ocrx_word' id='word_1_155' title='bbox 249 1527 257 1543; x_wconf 93' lang='lat'>¹</span> <span class='ocrx_word' id='word_1_156' title='bbox 279 1522 356 1554; x_wconf 89' lang='lat' dir='ltr'>Luc.</span> <span class='ocrx_word' id='word_1_157' title='bbox 376 1531 444 1561; x_wconf 83' lang='lat' dir='ltr'>vm,</span> <span class='ocrx_word' id='word_1_158' title='bbox 466 1521 518 1553; x_wconf 85' lang='lat'>15.</span> <span class='ocrx_word' id='word_1_159' title='bbox 544 1538 585 1544; x_wconf 93' lang='lat'><strong>—</strong></span> <span class='ocrx_word' id='word_1_160' title='bbox 603 1528 615 1544; x_wconf 87' lang='lat'>²</span> <span class='ocrx_word' id='word_1_161' title='bbox 633 1521 755 1553; x_wconf 84' lang='lat' dir='ltr'>Imitari</span> <span class='ocrx_word' id='word_1_162' title='bbox 776 1521 878 1553; x_wconf 83' lang='lat' dir='ltr'>visum</span> <span class='ocrx_word' id='word_1_163' title='bbox 901 1525 953 1553; x_wconf 83' lang='lat' dir='ltr'>est</span> <span class='ocrx_word' id='word_1_164' title='bbox 969 1525 1113 1553; x_wconf 80' lang='lat' dir='ltr'>vetustos</span> <span class='ocrx_word' id='word_1_165' title='bbox 1129 1520 1256 1553; x_wconf 84' lang='lat' dir='ltr'>codices</span> <span class='ocrx_word' id='word_1_166' title='bbox 1270 1546 1278 1562; x_wconf 88' lang='lat'>‚</span> <span class='ocrx_word' id='word_1_167' title='bbox 1297 1521 1349 1563; x_wconf 81' lang='lat' dir='ltr'>qui</span> <span class='ocrx_word' id='word_1_168' title='bbox 1367 1532 1438 1553; x_wconf 86' lang='lat' dir='ltr'>cum</span> <span class='ocrx_word' id='word_1_169' title='bbox 1457 1521 1580 1563; x_wconf 68' lang='lat' dir='ltr'>gemina</span> 
     </span>
     <span class='ocr_line' id='line_1_20' title="bbox 200 1576 1581 1619; baseline -0.001 -11"><span class='ocrx_word' id='word_1_170' title='bbox 200 1576 310 1608; x_wconf 80' lang='lat' dir='ltr'>littera</span> <span class='ocrx_word' id='word_1_171' title='bbox 336 1589 384 1608; x_wconf 84' lang='lat' dir='ltr'>nn</span> <span class='ocrx_word' id='word_1_172' title='bbox 412 1576 608 1619; x_wconf 64' lang='lat' dir='ltr'>praeferunt,</span> <span class='ocrx_word' id='word_1_173' title='bbox 636 1577 812 1609; x_wconf 82' lang='lat' dir='ltr'>Monnz&#39;cae</span> <span class='ocrx_word' id='word_1_174' title='bbox 833 1594 840 1606; x_wconf 88' lang='lat'><em>:</em></span> <span class='ocrx_word' id='word_1_175' title='bbox 870 1587 931 1618; x_wconf 83' lang='lat' dir='ltr'>quo</span> <span class='ocrx_word' id='word_1_176' title='bbox 949 1581 1041 1619; x_wconf 80' lang='lat' dir='ltr'>pacto</span> <span class='ocrx_word' id='word_1_177' title='bbox 1067 1577 1164 1608; x_wconf 84' lang='lat' dir='ltr'>etiam</span> <span class='ocrx_word' id='word_1_178' title='bbox 1193 1577 1347 1619; x_wconf 84' lang='lat' dir='ltr'>scriptum</span> <span class='ocrx_word' id='word_1_179' title='bbox 1368 1577 1526 1619; x_wconf 78' lang='lat' dir='ltr'>reperitur</span> <span class='ocrx_word' id='word_1_180' title='bbox 1551 1576 1581 1607; x_wconf 89' lang='lat' dir='ltr'>in</span> 
     </span>
     <span class='ocr_line' id='line_1_21' title="bbox 201 1632 1583 1676; baseline -0.001 -12"><span class='ocrx_word' id='word_1_181' title='bbox 201 1633 363 1674; x_wconf 82' lang='lat' dir='ltr'>oratione,</span> <span class='ocrx_word' id='word_1_182' title='bbox 381 1643 476 1676; x_wconf 85' lang='lat' dir='ltr'>quam</span> <span class='ocrx_word' id='word_1_183' title='bbox 500 1633 696 1666; x_wconf 83' lang='lat' dir='ltr'>Wuillelmus</span> <span class='ocrx_word' id='word_1_184' title='bbox 713 1633 820 1665; x_wconf 81' lang='lat' dir='ltr'>Abbas</span> <span class='ocrx_word' id='word_1_185' title='bbox 844 1634 902 1675; x_wconf 89' lang='lat' dir='ltr'>piis</span> <span class='ocrx_word' id='word_1_186' title='bbox 924 1633 1086 1674; x_wconf 77' lang='lat' dir='ltr'>Augustini</span> <span class='ocrx_word' id='word_1_187' title='bbox 1106 1634 1189 1665; x_wconf 83' lang='lat' dir='ltr'>votis</span> <span class='ocrx_word' id='word_1_188' title='bbox 1217 1633 1460 1676; x_wconf 83' lang='lat' dir='ltr'>obtemperandi</span> <span class='ocrx_word' id='word_1_189' title='bbox 1479 1632 1583 1664; x_wconf 74' lang='lat' dir='ltr'>studio</span> 
     </span>
     <span class='ocr_line' id='line_1_22' title="bbox 202 1688 1581 1730; baseline -0.001 -9"><span class='ocrx_word' id='word_1_190' title='bbox 202 1689 381 1730; x_wconf 86' lang='lat' dir='ltr'>composuit</span> <span class='ocrx_word' id='word_1_191' title='bbox 399 1688 458 1720; x_wconf 82' lang='lat' dir='ltr'>sub</span> <span class='ocrx_word' id='word_1_192' title='bbox 479 1689 528 1720; x_wconf 85' lang='lat' dir='ltr'>lns</span> <span class='ocrx_word' id='word_1_193' title='bbox 540 1688 647 1720; x_wconf 82' lang='lat' dir='ltr'>verbis</span> <span class='ocrx_word' id='word_1_194' title='bbox 663 1701 670 1719; x_wconf 73' lang='grc' dir='ltr'>ε</span> <span class='ocrx_word' id='word_1_195' title='bbox 693 1700 709 1716; x_wconf 88' lang='grc'>«</span> <span class='ocrx_word' id='word_1_196' title='bbox 729 1690 909 1727; x_wconf 82' lang='lat' dir='ltr'>Memento,</span> <span class='ocrx_word' id='word_1_197' title='bbox 933 1689 1065 1721; x_wconf 84' lang='lat' dir='ltr'>Domine</span> <span class='ocrx_word' id='word_1_198' title='bbox 1079 1715 1087 1730; x_wconf 80' lang='lat'>‚</span> <span class='ocrx_word' id='word_1_199' title='bbox 1107 1690 1217 1721; x_wconf 81' lang='lat' dir='ltr'>animae</span> <span class='ocrx_word' id='word_1_200' title='bbox 1235 1689 1343 1721; x_wconf 82' lang='lat' dir='ltr'>famuli</span> <span class='ocrx_word' id='word_1_201' title='bbox 1363 1690 1407 1720; x_wconf 83' lang='lat' dir='ltr'>tui</span> <span class='ocrx_word' id='word_1_202' title='bbox 1431 1689 1558 1720; x_wconf 78' lang='lat' dir='ltr'>Patricii</span> <span class='ocrx_word' id='word_1_203' title='bbox 1573 1713 1581 1728; x_wconf 88' lang='lat'>‚</span> 
     </span>
     <span class='ocr_line' id='line_1_23' title="bbox 203 1742 1579 1787; baseline -0.001 -11"><span class='ocrx_word' id='word_1_204' title='bbox 203 1749 237 1776; x_wconf 88' lang='lat' dir='ltr'>et</span> <span class='ocrx_word' id='word_1_205' title='bbox 252 1743 376 1776; x_wconf 83' lang='lat' dir='ltr'>famulae</span> <span class='ocrx_word' id='word_1_206' title='bbox 402 1748 464 1776; x_wconf 80' lang='lat' dir='ltr'>tuae</span> <span class='ocrx_word' id='word_1_207' title='bbox 481 1742 656 1786; x_wconf 77' lang='lat' dir='ltr'>Monnicae3</span> <span class='ocrx_word' id='word_1_208' title='bbox 678 1749 711 1776; x_wconf 85' lang='lat' dir='ltr'>et</span> <span class='ocrx_word' id='word_1_209' title='bbox 728 1744 754 1776; x_wconf 85' lang='lat' dir='ltr'>si</span> <span class='ocrx_word' id='word_1_210' title='bbox 775 1745 849 1786; x_wconf 89' lang='lat' dir='ltr'>quid</span> <span class='ocrx_word' id='word_1_211' title='bbox 869 1755 925 1786; x_wconf 80' lang='lat' dir='ltr'>pro</span> <span class='ocrx_word' id='word_1_212' title='bbox 942 1745 1046 1776; x_wconf 82' lang='lat' dir='ltr'>anima</span> <span class='ocrx_word' id='word_1_213' title='bbox 1070 1744 1123 1776; x_wconf 72' lang='lat' dir='ltr'>filii</span> <span class='ocrx_word' id='word_1_214' title='bbox 1140 1745 1279 1787; x_wconf 81' lang='lat' dir='ltr'>ipsorum</span> <span class='ocrx_word' id='word_1_215' title='bbox 1293 1744 1413 1776; x_wconf 83' lang='lat' dir='ltr'>domini</span> <span class='ocrx_word' id='word_1_216' title='bbox 1431 1744 1492 1775; x_wconf 85' lang='lat' dir='ltr'>mei</span> <span class='ocrx_word' id='word_1_217' title='bbox 1512 1747 1579 1775; x_wconf 78' lang='lat' dir='ltr'>Au-</span> 
     </span>
     <span class='ocr_line' id='line_1_24' title="bbox 202 1799 1583 1841; baseline -0.001 -9"><span class='ocrx_word' id='word_1_218' title='bbox 202 1800 316 1841; x_wconf 81' lang='lat' dir='ltr'>gustini</span> <span class='ocrx_word' id='word_1_219' title='bbox 331 1825 339 1841; x_wconf 87' lang='lat'>,</span> <span class='ocrx_word' id='word_1_220' title='bbox 358 1799 554 1832; x_wconf 84' lang='lat' dir='ltr'>dilectissimi</span> <span class='ocrx_word' id='word_1_221' title='bbox 579 1800 775 1832; x_wconf 84' lang='lat' dir='ltr'>Confessoris</span> <span class='ocrx_word' id='word_1_222' title='bbox 792 1800 858 1840; x_wconf 73' lang='lat' dir='ltr'>tui3</span> <span class='ocrx_word' id='word_1_223' title='bbox 879 1800 952 1831; x_wconf 79' lang='lat' dir='ltr'>mihi</span> <span class='ocrx_word' id='word_1_224' title='bbox 974 1801 1088 1831; x_wconf 84' lang='lat' dir='ltr'>misero</span> <span class='ocrx_word' id='word_1_225' title='bbox 1111 1802 1273 1841; x_wconf 80' lang='lat' dir='ltr'>peccatori</span> <span class='ocrx_word' id='word_1_226' title='bbox 1299 1800 1375 1832; x_wconf 84' lang='lat' dir='ltr'>licet</span> <span class='ocrx_word' id='word_1_227' title='bbox 1402 1801 1453 1831; x_wconf 86' lang='lat' dir='ltr'>vel</span> <span class='ocrx_word' id='word_1_228' title='bbox 1472 1800 1583 1830; x_wconf 79' lang='lat' dir='ltr'>intimo</span> 
     </span>
     <span class='ocr_line' id='line_1_25' title="bbox 202 1856 1585 1899; baseline -0.002 -10"><span class='ocrx_word' id='word_1_229' title='bbox 202 1857 306 1889; x_wconf 85' lang='lat' dir='ltr'>cordis</span> <span class='ocrx_word' id='word_1_230' title='bbox 331 1856 455 1889; x_wconf 80' lang='lat' dir='ltr'>affectu</span> <span class='ocrx_word' id='word_1_231' title='bbox 483 1857 688 1898; x_wconf 83' lang='lat' dir='ltr'>desiderare,</span> <span class='ocrx_word' id='word_1_232' title='bbox 716 1861 780 1889; x_wconf 86' lang='lat' dir='ltr'>etc.</span> <span class='ocrx_word' id='word_1_233' title='bbox 805 1869 821 1885; x_wconf 72' lang='grc' dir='ltr'>υ</span> <span class='ocrx_word' id='word_1_234' title='bbox 852 1867 921 1898; x_wconf 73' lang='lat' dir='ltr'>qua:</span> <span class='ocrx_word' id='word_1_235' title='bbox 949 1856 1052 1889; x_wconf 77' lang='lat' dir='ltr'>oratio</span> <span class='ocrx_word' id='word_1_236' title='bbox 1079 1857 1204 1899; x_wconf 73' lang='lat' dir='ltr'>integra</span> <span class='ocrx_word' id='word_1_237' title='bbox 1230 1856 1369 1888; x_wconf 79' lang='lat' dir='ltr'>habetur</span> <span class='ocrx_word' id='word_1_238' title='bbox 1392 1857 1423 1887; x_wconf 87' lang='lat' dir='ltr'>in</span> <span class='ocrx_word' id='word_1_239' title='bbox 1441 1860 1585 1888; x_wconf 79' lang='lat' dir='ltr'>veterum</span> 
     </span>
     <span class='ocr_line' id='line_1_26' title="bbox 202 1911 561 1946; baseline 0.006 -3"><span class='ocrx_word' id='word_1_240' title='bbox 202 1911 428 1946; x_wconf 80' lang='lat' dir='ltr'>Analectorum</span> <span class='ocrx_word' id='word_1_241' title='bbox 444 1917 522 1945; x_wconf 87' lang='lat' dir='ltr'>tom.</span> <span class='ocrx_word' id='word_1_242' title='bbox 539 1924 561 1945; x_wconf 87' lang='lat'>1.</span> 
     </span>
    </p>
   </div>
   <div class='ocr_carea' id='block_1_5' title="bbox 400 2652 1398 2707">
    <p class='ocr_par' dir='ltr' id='par_1_5' title="bbox 400 2652 1398 2707">
     <span class='ocr_line' id='line_1_27' title="bbox 400 2652 1398 2707; baseline -0.001 -16"><span class='ocrx_word' id='word_1_243' title='bbox 400 2660 570 2691; x_wconf 72' lang='lat' dir='ltr'>cxxxii.</span> <span class='ocrx_word' id='word_1_244' title='bbox 1343 2652 1398 2707; x_wconf 24' lang='lat'>‘15</span> 
     </span>
    </p>
   </div>
  </div>
 </body>
</html>
