1871 3162
481 253 535 278 m:
565 248 894 279 cATEcnizANms
926 250 1121 278 RUDIBUS.
1405 239 1488 279 497

112 316 364 361 collaudans
389 330 460 360 eos
488 330 567 375 pro
590 315 838 361 diversitate
863 314 1118 358 meritorum
1139 317 1360 361 canonicae
1390 333 1494 362 auc-

114 388 295 433 toritatis
324 397 367 432 et
400 387 712 446 exponentium
742 384 1028 430 solertissimae
1056 384 1317 443 diligentiae,
1355 389 1492 432 maxi-

110 474 267 518 meque
303 458 612 502 commendans
640 457 685 499 in
722 457 942 515 scripturis
973 455 1190 500 canonicis
1226 457 1492 502 admirandae

110 528 348 572 altitudinis
380 528 705 572 saluberrimam
726 526 1042 581 humilitatem,
1068 527 1113 569 in
1139 525 1222 570 illis
1245 536 1389 570 autem
1412 544 1491 586 pro

110 614 184 642 sua
218 600 428 659 cujusque
462 597 669 643 facultate
698 608 850 658 aptum
885 597 1207 657 superioribus,
1242 606 1285 641 et
1313 612 1389 657 per
1411 598 1494 642 hoc

108 669 420 713 infirmioribus
442 668 616 723 animis,
653 669 814 726 stylum
839 667 1098 711 sonantioris
1119 676 1162 710 et
1190 667 1313 726 quasi
1343 677 1494 712 torna-

108 741 226 784 tioris
258 740 434 800 eloquii.
474 742 584 785 Sane
617 741 746 784 etiam
775 739 1108 799 exprimendum
1140 738 1195 782 de
1223 738 1300 782 illo
1332 748 1416 794 est,
1444 749 1495 784 ut

107 810 268 855 indicet
287 827 416 871 quem
435 812 621 855 maxime
643 810 824 870 legerit,
852 821 894 854 et
917 812 1077 871 quibus
1100 810 1220 853 libris
1241 809 1496 855 familiarius

107 881 347 935 inhaeserit,
377 882 495 924 unde
517 881 577 924 illi
602 897 852 940 persuasum
885 890 970 936 est,
1008 891 1058 925 ut
1079 881 1232 925 sociari
1255 879 1386 925 vellet
1409 885 1495 926 Ec-

107 951 260 995 clesiae.
282 952 409 1004 Quod
428 967 528 995 cum
552 950 724 1005 dixerit,
741 961 835 995 tum
858 953 891 995 si
912 952 1038 995 nobis
1061 952 1153 995 noti
1171 960 1273 995 sunt
1293 950 1356 994 illi
1374 951 1490 1006 libri,

107 1031 182 1066 aut
200 1022 481 1066 ecclesiastica
494 1020 607 1066 fama
625 1022 775 1066 saltem
799 1023 1044 1082 accepimus
1062 1038 1085 1066 a
1108 1021 1324 1066 catholico
1346 1021 1494 1081 aliquo

106 1092 376 1136 memorabili
394 1093 486 1136 viro
509 1108 597 1136 esse
614 1093 896 1152 conscriptos,
916 1092 1004 1137 laeti
1023 1092 1327 1152 approbemus.
1357 1092 1399 1136 Si
1422 1108 1493 1136 au-

105 1171 193 1206 tem
225 1162 271 1205 in
295 1162 475 1221 alicujus
498 1163 689 1207 haeretici
728 1163 950 1207 volumina
982 1163 1187 1218 incurrit,
1218 1172 1261 1206 et
1297 1163 1494 1206 nesciens

107 1231 217 1276 forte
239 1234 360 1293 quod
380 1250 479 1278 vera
499 1235 605 1277 fides
627 1234 870 1292 improbat,
894 1234 1034 1277 tenuit
1054 1234 1214 1286 animo,
1241 1242 1283 1276 et
1305 1232 1491 1277 catholi-

106 1318 207 1347 cum
230 1318 320 1347 esse
338 1304 587 1357 arbitratur,
609 1303 761 1347 sedulo
778 1303 1027 1348 edocendus
1049 1313 1128 1357 est,
1143 1303 1321 1363 praelata
1343 1312 1495 1347 aucto-

106 1374 230 1416 ritate
249 1373 498 1418 universalis
522 1373 726 1418 Ecclesiae
747 1373 1019 1433 aliorumque
1041 1374 1388 1418 doctissimorum
1407 1376 1492 1419 ho-

103 1446 271 1488 minum
295 1456 338 1488 et
360 1445 729 1504 disputationibus
752 1455 794 1489 et
810 1446 1118 1504 scriptionibus
1136 1446 1181 1489 in
1204 1446 1294 1504 ejus
1312 1446 1491 1490 veritate

105 1515 371 1558 florentium.
385 1519 641 1574 Quanquam
666 1524 709 1559 et
725 1514 785 1557 illi
802 1516 877 1574 qui
896 1514 1110 1559 Catholici
1123 1531 1173 1558 ex
1191 1516 1272 1559 hac
1286 1516 1374 1560 vita
1389 1517 1493 1560 emi-

106 1594 286 1645 grarunt
302 1621 312 1639 ,
339 1595 382 1629 et
405 1586 567 1645 aliquid
590 1586 829 1629 litterarum
855 1586 1186 1630 christianarum
1217 1588 1396 1646 posteris
1424 1604 1493 1633 re-

103 1658 329 1718 liquerunt
343 1693 353 1711 ,
374 1658 420 1700 in
440 1656 700 1717 quibusdam
719 1658 824 1701 locis
848 1658 1159 1716 opusculorum
1183 1675 1360 1705 suorum
1380 1697 1391 1717 ,
1421 1662 1492 1707 vel

104 1743 192 1772 non
225 1727 458 1782 intellecti,
483 1727 553 1771 vel
586 1728 712 1771 sicuti
734 1736 798 1770 est
832 1728 1025 1772 humana
1062 1730 1314 1785 infirmitas,
1347 1733 1493 1777 minus

103 1798 295 1843 valentes
318 1800 407 1842 acie
425 1799 582 1842 mentis
602 1798 813 1842 abditiora
836 1808 1086 1857 penetrare,
1112 1809 1155 1844 et
1175 1801 1266 1845 veri
1288 1802 1492 1847 similitu-

104 1869 206 1914 dine
230 1861 476 1913 aberrantes
500 1886 522 1913 a
544 1869 725 1913 veritate
742 1904 752 1923 ,
777 1869 1167 1928 praesumptoribus
1190 1880 1233 1915 et
1252 1871 1492 1918 audacibus

103 1938 283 1983 fuerunt
306 1939 520 1984 occasioni
541 1940 595 1983 ad
632 1938 819 1999 aliquam
845 1940 1043 1983 haeresim
1071 1940 1334 1986 moliendam
1360 1952 1492 2005 atque

103 2009 379 2069 gignendam.
407 2010 533 2063 Quod
551 2010 709 2053 mirum
732 2025 821 2054 non
845 2019 909 2054 est
926 2044 936 2064 ,
959 2025 1059 2054 cum
1080 2011 1136 2055 de
1157 2012 1257 2070 ipsis
1273 2016 1490 2061 canonicis

102 2080 279 2134 litteris,
306 2080 384 2123 ubi
405 2081 551 2124 omnia
573 2080 793 2124 sanissime
816 2080 932 2124 dicta
954 2090 1072 2135 sunt,
1098 2097 1186 2126 non
1210 2084 1388 2144 quidem
1413 2086 1491 2131 ali-

106 2161 168 2196 ter
186 2151 439 2211 accipiendo
458 2150 661 2212 quaedam
679 2186 690 2206 ,
717 2167 850 2211 quam
872 2151 943 2195 vel
965 2152 1148 2212 scriptor
1169 2156 1300 2200 sensit
1320 2191 1330 2210 ,
1354 2157 1425 2202 vel
1446 2174 1490 2203 se

103 2223 195 2282 ipsa
226 2223 383 2266 veritas
416 2222 552 2266 habet
577 2239 587 2265 .-
613 2224 741 2280 (nam
764 2222 797 2266 si
833 2223 917 2267 hoc
950 2222 1091 2267 solum
1120 2235 1256 2280 esset,
1282 2229 1377 2286 quis
1400 2244 1490 2273 non

101 2295 306 2338 humanae
321 2293 562 2337 infirmitati
578 2292 631 2337 ad
646 2293 951 2352 corrigendum
971 2304 1132 2354 paratae
1149 2296 1336 2342 libenter
1350 2300 1492 2358 ignos-

103 2366 281 2422 ceret?)
301 2364 375 2407 sed
404 2363 448 2408 id
471 2363 591 2425 quod
613 2380 812 2424 perverse
834 2381 883 2410 ac
906 2382 1036 2425 prave
1058 2366 1224 2426 opinati
1247 2379 1371 2425 sunt,
1396 2372 1491 2415 ani-

103 2435 303 2479 mositate
326 2435 531 2480 acerrima
564 2445 607 2479 et
638 2435 851 2495 pervicaci
888 2437 1128 2495 arrogantia
1152 2439 1459 2486 defensitantes
1476 2479 1487 2499 ,

103 2505 231 2549 multi
246 2505 383 2549 multa
398 2507 632 2565 perniciosa
647 2506 865 2565 dogmata,
883 2509 1052 2553 concisa
1065 2511 1381 2556 communionis
1396 2514 1491 2557 uni-

104 2585 192 2621 tate
215 2587 493 2636 pepererunt.
518 2580 622 2621 Haec
646 2579 789 2623 omnia
819 2594 917 2624 cum
949 2579 1045 2635 illo,
1071 2581 1144 2641 qui
1169 2582 1222 2626 ad
1240 2583 1486 2629 societatem
