1871 3162
508 249 560 275 DE
590 243 919 277 CATECHIZANDIS
954 248 1147 275 RUDIB‘US.
1438 236 1523 274 539

142 407 554 426 WWWWUAUMNWB
559 409 576 427 ἱ(

837 407 1248 424 WWWWWWAMUAWU
1253 408 1455 425 ἪΙΛΑΜΙἉἉΛΝ
1459 408 1516 424 ‘VW

626 554 842 602 CAPUT
878 555 1034 602 XXV.

143 704 295 750 Fides
327 709 685 752 resurrectionis
717 704 961 752 suadetur.
975 733 1031 739 ——
1045 706 1183 750 Mors
1208 713 1444 765 perpetua
1481 706 1530 748 in

202 777 462 821 tormentis.
475 805 528 810 —
545 777 600 822 V
597 778 667 821 ita
682 786 864 821 (eterna
877 785 1168 820 sanctorum.
1182 803 1235 808 —
1252 772 1530 819 Cavendum

201 861 298 891 non
334 856 521 891 tantum
553 863 586 891 α
615 847 845 910 paganis,
876 845 1078 902 Jadoeis,
1102 855 1146 890 et
1169 844 1422 901 lzcereticis,
1447 842 1536 889 sed

202 918 350 961 etiam
373 934 405 961 a
428 916 570 961 malis
598 918 904 961 Christianis.
921 916 1212 963 —Socz'etas
1233 917 1295 961 sit
1316 932 1423 962 cum
1448 914 1532 961 bo-

200 987 299 1032 nis:
319 1002 416 1032 non
431 997 593 1032 tamen
613 1004 720 1048 spes
737 990 785 1032 ιή
804 989 918 1047 ipsis
928 997 1156 1047 ponatur.

202 1146 360 1189 XLVI.
397 1147 579 1200 ITAQUE,
591 1145 740 1200 frater,
758 1145 968 1190 confirma
980 1154 1024 1190 te
1034 1145 1177 1205 ipsum
1194 1144 1240 1188 in
1255 1144 1344 1204 ejus
1356 1144 1534 1189 nomine

145 1223 277 1274 atque
311 1213 529 1273 adjutorio
562 1215 634 1259 cui
665 1216 820 1271 credis,
858 1215 1061 1260 adversus
1083 1215 1254 1274 linguas
1284 1229 1435 1258 eorum
1458 1214 1535 1274 qui

142 1284 278 1331 fidem
311 1293 503 1330 nostram
541 1285 740 1341 irrident,
779 1285 835 1330 de
871 1286 1031 1345 quibus
1064 1284 1262 1330 diabolus
1292 1284 1536 1329 seductoria

143 1354 279 1400 verba
294 1354 491 1415 loquitur
506 1389 517 1410 ‚
542 1356 728 1400 maxime
746 1357 894 1400 volens
912 1355 1090 1400 irridere
1107 1354 1239 1399 fidem
1258 1353 1536 1399 resurrectio-

144 1425 226 1470 nis.
247 1423 333 1469 Sed
349 1440 399 1468 ex
414 1434 455 1470 te
469 1425 561 1484 ipso
575 1425 702 1471 crede
714 1425 911 1472 futurum
925 1436 967 1470 te
981 1441 1069 1470 esse
1081 1442 1181 1470 cum
1195 1425 1342 1480 fueris,
1358 1424 1536 1485 quando

145 1509 247 1541 cum
280 1503 380 1539 ante
411 1509 502 1538 non
534 1495 682 1550 fueris,
720 1512 838 1540 nunc
858 1511 948 1540 esse
970 1505 1011 1540 te
1039 1495 1174 1540 vides.
1200 1496 1284 1540 Ubi
1307 1496 1422 1540 enim
1445 1503 1537 1539 erat

144 1565 226 1608 ista
241 1562 377 1608 moles
398 1565 588 1624 corporis
610 1557 736 1609 tui'et
752 1566 832 1610 ista
852 1566 994 1610 forma
1011 1566 1396 1625 membrorumque
1413 1579 1537 1610 com-

145 1649 258 1694 pago
276 1642 376 1678 ante
392 1647 553 1691 paucos
570 1649 722 1688 annos,
740 1637 856 1692 prius
874 1650 1006 1693 quam
1021 1644 1163 1686 natus,
1183 1635 1251 1677 vel
1269 1636 1399 1678 etiam
1421 1636 1539 1691 prius

146 1718 280 1764 quam
300 1704 345 1747 in
368 1703 515 1749 matris
533 1713 660 1748 utero
680 1713 917 1762 conceptus
935 1718 1060 1758 esses,
1087 1702 1165 1746 ubi
1186 1711 1276 1746 erat
1295 1703 1389 1746 haec
1404 1703 1539 1747 moles

148 1783 192 1819 et
207 1775 300 1819 haec
317 1782 481 1818 statura
498 1773 689 1833 corporis
712 1774 807 1817 tui?
827 1775 980 1818 Nonne
999 1772 1053 1816 de
1075 1771 1256 1817 occultis
1272 1772 1401 1831 hujus
1421 1788 1541 1816 crea-

148 1854 260 1890 turae
276 1844 464 1898 secretiS‚
485 1844 671 1889 Domino
689 1846 779 1888 Deo
797 1842 1068 1887 invisibiliter
1083 1841 1315 1897 formante,
1334 1842 1540 1901 processit

149 1915 197 1959 in
217 1914 380 1969 lucem,
405 1915 620 1973 certisque
653 1923 830 1958 aetatum
862 1913 1139 1957 incrementis
1161 1913 1206 1957 in
1226 1913 1350 1957 istam
1372 1912 1541 1971 magni-

150 1984 350 2029 tudinem
372 1982 645 2044 formamque
668 1985 883 2028 surrexit?
902 1982 1131 2042 Numquid
1153 1997 1254 2040 ergo
1278 1981 1455 2026 difficile
1477 1991 1542 2026 est

160 2057 266 2110 Deo,
301 2053 377 2114 qui
406 2054 535 2098 etiam
558 2069 733 2113 aggeres
758 2053 944 2097 nubium
967 2068 1017 2096 ex
1048 2051 1222 2096 occulto
1244 2053 1289 2095 in
1322 2061 1544 2097 momento

153 2129 387 2184 contrahit,
412 2138 456 2174 et
472 2129 667 2188 contegit
683 2127 846 2173 coelum
868 2129 913 2172 in
931 2128 1020 2172 ictu
1042 2128 1264 2186 temporis,
1284 2128 1467 2171 reddere
1488 2128 1543 2171 is-

154 2208 245 2244 tam
277 2199 565 2258 quantitatem
589 2200 779 2257 corporis
809 2199 873 2243 tui
899 2198 1011 2243 sicut
1043 2208 1152 2253 erat,
1186 2199 1261 2258 qui
1283 2213 1379 2242 eam
1401 2196 1541 2242 facere

155 2270 299 2330 potuit
328 2269 440 2314 sicut
460 2284 550 2314 non
571 2270 688 2314 erat?
710 2269 850 2315 Crede
872 2284 974 2328 ergo
995 2267 1167 2314 fortiter
1195 2278 1238 2314 et
1269 2270 1541 2325 inconcusse,

156 2341 260 2401 quia
280 2340 426 2385 omnia
443 2355 542 2400 quae
564 2339 769 2385 videntur
789 2340 912 2400 quasi
933 2341 1158 2400 pereundo
1180 2341 1382 2386 humanis
1409 2340 1546 2386 oculis

157 2411 371 2467 subtrahi,
396 2411 514 2457 salva
535 2419 578 2455 et
599 2412 767 2470 integra
789 2420 891 2456 sunt
913 2411 1242 2470 omnipotentiae
1264 2412 1368 2457 Dei:
1394 2412 1470 2472 qui
1496 2427 1546 2457 ea

158 2497 260 2528 cum
287 2480 492 2539 voluerit,
522 2482 614 2526 sine
636 2481 727 2526 ulla
754 2496 876 2526 mora
897 2490 941 2526 et
963 2481 1222 2527 difficultate
1244 2482 1476 2542 reparabit,
1498 2498 1548 2527 ea

161 2552 375 2600 duntaxat
403 2567 503 2612 quae
531 2552 697 2613 justitia
732 2553 822 2612 ejus
851 2551 1090 2611 reparanda
1112 2552 1407 2613 essejudicat:
1432 2561 1482 2597 ut
1502 2552 1548 2597 in
