1871 3162
536 260 879 298 CONFESSIONUM‚
913 261 994 294 mn.
1032 262 1074 287 v.
1420 252 1497 289 101

125 435 773 453 mmmmmmmmmmmwwr
1187 437 1502 456 ΜΜΝᾺἈΜἋΜΜ

617 568 835 617 CAPUT
886 570 1028 617 VIII.

182 723 512 777 Proficiseitar
530 724 740 771 Romam
755 735 926 772 contra
944 728 1113 772 matris
1133 725 1444 772 voluntatem.

177 886 296 929 XIV.
314 887 461 930 EGISTI
483 900 586 945 ergo
604 901 773 930 mecum
789 895 838 930 ut
854 886 959 930 mihi
977 885 1310 946 persuaderetur
1321 889 1505 930 Romam

119 969 317 1014 pergere,
345 965 388 999 et
410 957 552 1015 potius
570 957 632 1000 ibi
655 956 811 1001 docere
839 956 959 1016 quod
978 956 1189 1001 docebam
1222 956 1497 1014 Cartbagine.

118 1026 174 1067 Et
197 1025 279 1068 hoc
316 1027 434 1069 unde
456 1027 562 1069 mihi
584 1041 836 1085 persuasum
858 1035 922 1070 est
944 1042 1032 1070 non
1055 1027 1285 1085 praeteribo
1307 1025 1504 1070 confiteri

116 1094 196 1136 tibi
223 1113 230 1137 :
252 1096 456 1153 quoniam
483 1105 525 1140 et
545 1096 591 1139 in
611 1096 676 1140 his
699 1096 890 1140 altissimi
914 1095 978 1140 tui
998 1111 1188 1140 recessus
1203 1130 1214 1151 ‚
1240 1105 1283 1139 et
1311 1111 1504 1155 praesen-

114 1164 274 1207 tissima
296 1165 341 1208 in
373 1181 450 1208 nos
472 1164 763 1208 misericordia
800 1174 875 1207 tua
897 1166 1128 1222 cogitanda
1156 1174 1199 1208 et
1226 1166 1504 1223 praedicanda

116 1243 192 1278 est.
219 1237 315 1279 Non
333 1235 432 1279 ideo
455 1238 639 1279 Romam
662 1249 840 1294 pergere
862 1234 1004 1289 volui,
1022 1235 1142 1294 quod
1158 1237 1340 1296 majores
1362 1253 1505 1296 quaes-

115 1314 184 1348 tus
202 1339 212 1359 ,
234 1307 462 1364 majorque
484 1305 590 1348 mihi
607 1305 795 1363 dignitas
811 1304 865 1348 ab
884 1305 1030 1348 amicis
1043 1305 1119 1364 qui
1133 1305 1218 1349 hoc
1232 1306 1501 1363 suadebant,

114 1375 453 1432 promittebatur
468 1409 478 1428 ‚
502 1388 754 1434 quanquam
773 1383 816 1417 et
837 1374 917 1418 ista
940 1373 1162 1419 ducebant
1181 1376 1375 1419 animum
1400 1386 1504 1421 tunc

114 1459 259 1487 meum
288 1464 297 1489 ;
324 1443 398 1487 sed
430 1443 502 1487 illa
533 1453 625 1488 erat
656 1459 782 1488 causa
815 1445 1000 1488 maxima
1031 1455 1074 1489 et
1105 1461 1217 1504 pene
1240 1446 1359 1502 sola,
1383 1448 1506 1506 quod

114 1513 342 1558 audiebam
366 1514 555 1574 quietius
571 1514 631 1558 ibi
648 1514 822 1558 studere
839 1514 1152 1570 adolescentes,
1177 1525 1219 1559 et
1237 1516 1503 1562 ordinatiore

113 1583 354 1643 disciplinae
377 1585 637 1629 coercitione
657 1584 812 1639 sedari,
839 1600 893 1628 ne
914 1585 959 1628 in
982 1586 1071 1645 ejus
1089 1586 1279 1631 scholam
1299 1604 1387 1647 quo
1410 1603 1503 1633 ma-

114 1656 246 1713 gistro
263 1670 353 1698 non
375 1664 585 1709 utuntur,
618 1656 775 1714 passim
811 1664 854 1699 et
882 1665 1082 1714 proterve
1103 1657 1297 1715 irruant,
1321 1673 1401 1702 nec
1430 1674 1502 1703 eos

113 1724 284 1768 admitti
301 1725 501 1779 omnino,
521 1726 602 1769 nisi
624 1725 696 1769 ille
717 1726 973 1785 permiserit.
999 1729 1161 1771 Contra
1177 1728 1294 1786 apud
1316 1730 1500 1773 Cartha-

114 1794 258 1852 ginem
282 1793 398 1838 foeda
434 1804 498 1839 est
529 1805 572 1839 et
596 1796 890 1855 intemperans
925 1796 1099 1841 licentia
1128 1798 1496 1843 scholasticorum.

114 1869 370 1924 Irrumpunt
383 1865 674 1923 impudenter,
692 1876 734 1910 et
752 1883 887 1926 prope
904 1866 1066 1912 furiosa
1082 1867 1225 1912 fronte
1242 1871 1501 1928 perturbant

113 1936 332 1988 ordinem,
357 1951 488 1995 quem
529 1937 713 1995 quisque
736 1937 956 1997 discipulis
979 1938 1033 1982 ad
1063 1940 1382 1998 proficiendum
1410 1942 1500 1986 ins-

112 2006 292 2049 tituerit.
319 2005 459 2050 Multa
480 2006 684 2065 injuriosa
706 2007 874 2050 faciunt
906 2009 1011 2052 mira
1034 2009 1324 2065 hebetudine,
1350 2021 1392 2055 et
1415 2028 1499 2071 pu-

112 2076 271 2121 nienda
285 2075 470 2135 legibus,
496 2077 576 2120 nisi
598 2077 872 2122 consuetudo
895 2088 1077 2137 patrona
1094 2081 1174 2137 sit,
1198 2082 1281 2126 hoc
1303 2083 1499 2129 miserio-

112 2162 177 2191 res
195 2163 266 2191 eos
289 2147 536 2202 ostendens,
563 2164 652 2208 quo
666 2150 757 2208 jam
779 2150 902 2208 quasi
923 2149 1067 2205 liceat,
1095 2151 1263 2197 faciunt
1280 2155 1400 2213 quod
1425 2172 1499 2215 per

111 2227 229 2262 tuam
254 2227 459 2262 aeternam
483 2217 623 2278 legem
645 2234 873 2279 nunquam
893 2219 1064 2277 licebit,
1090 2231 1133 2265 et
1164 2222 1344 2282 impune
1365 2241 1408 2270 se
1432 2226 1498 2271 sa-

113 2303 210 2332 cere
231 2288 517 2343 arbitrantur,
543 2304 645 2333 cum
675 2291 766 2349 ipsa
792 2288 981 2334 faciendi
1004 2292 1198 2337 caecitate
1230 2297 1494 2354 puniantur,

113 2367 156 2402 et
177 2358 574 2417 incomparabiliter
594 2360 817 2419 patiantur
837 2362 1002 2421 pejora,
1023 2379 1156 2422 quam
1178 2362 1359 2410 faciunt.
1382 2370 1497 2428 Ergo

113 2443 223 2488 quos
254 2443 395 2473 mores
413 2463 424 2483 ,
457 2444 557 2473 cum
581 2429 817 2485 studerem,
842 2446 961 2476 meos
978 2447 1068 2476 esse
1101 2432 1252 2491 nolui,
1277 2451 1364 2492 eos,
1395 2453 1495 2483 cum

115 2499 335 2555 docerem,
355 2501 541 2559 cogebar
562 2502 728 2561 perpeti
752 2500 934 2547 alienos:
951 2512 993 2547 et
1009 2502 1108 2547 ideo
1124 2503 1326 2563 placebat
1345 2508 1407 2553 ire
1423 2511 1500 2555 ubi

118 2568 218 2613 talia
238 2584 330 2614 non
343 2570 451 2625 fieri,
463 2585 611 2616 omnes
627 2572 703 2631 qui
720 2582 946 2628 noverant,
958 2573 1224 2620 indicabant.
1241 2578 1401 2623 Verum
1421 2596 1500 2624 au-
