1871 3162
556 231 928 270 SOLILOQUIORUM,
963 233 1047 260 mn.
1085 236 1132 260 11.
1450 222 1534 263 459

155 399 188 414 Μ
193 399 684 419 mmmmm

701 536 918 587 CAPUT
953 540 1018 586 X.

488 691 730 755 Qacedam
750 708 806 738 eo
821 708 938 741 vera
956 693 1214 756 quofalsa.

209 849 374 893 XVIII.
404 852 455 893 Α.
488 852 631 893 Rnczm
653 849 760 894 dicis
783 869 794 905 ς
819 850 896 895 sed
925 851 1060 897 miror
1091 867 1170 897 cur
1199 852 1253 897 ab
1280 853 1364 898 hoc
1381 868 1539 912 genere

149 917 230 961 tibi
249 919 512 963 secernenda
528 919 600 963 illa
615 923 815 979 poemata
838 930 882 966 et
908 922 1007 981 joca
1024 923 1113 967 visa
1141 932 1258 978 sunt,
1280 933 1540 984 caeteraeque

86 1004 112 1025 κ
151 987 346 1032 fallaciae.
373 992 427 1033 R.
449 991 560 1043 Quia
582 990 746 1035 scilicet
764 991 884 1036 aliud
903 1002 967 1037 est
981 991 1138 1037 falsum
1160 1009 1250 1038 esse
1265 994 1377 1039 velle
1392 1030 1404 1050 ‚
1422 995 1540 1039 aliud

150 1073 301 1103 verum
324 1074 414 1104 esse
435 1075 525 1105 non
547 1076 688 1120 posse.
716 1064 870 1121 Itaque
891 1063 982 1121 ipsa
1004 1079 1134 1122 opera
1169 1065 1396 1109 hominum
1421 1065 1540 1109 velut

149 1129 385 1175 comoedias
408 1140 483 1175 aut
504 1130 737 1190 tragoedias
760 1141 835 1176 aut
856 1133 1011 1177 mimos
1025 1168 1036 1188 ‚
1054 1143 1097 1178 et
1113 1134 1158 1177 id
1181 1150 1316 1193 genus
1339 1134 1419 1179 alia
1441 1150 1541 1194 pos-

148 1215 296 1245 sumus
330 1202 534 1260 operibus
557 1202 775 1261 pictorum
798 1203 1091 1264 fictorumque
1124 1207 1405 1265 conjungere.
1434 1208 1539 1249 Tam

149 1271 266 1314 enim
284 1286 411 1315 verus
429 1287 519 1316 esse
540 1273 680 1331 pictus
702 1273 836 1318 homo
858 1289 947 1318 non
968 1284 1134 1333 potest,
1157 1276 1353 1335 quamvis
1378 1277 1422 1320 in
1439 1292 1540 1335 spe·-

151 1341 261 1384 ciem
279 1341 465 1385 hominis
485 1340 660 1396 tendat,
682 1358 814 1402 quam
836 1342 909 1386 illa
931 1359 1030 1402 quae
1051 1345 1211 1403 scripta
1233 1355 1336 1389 sunt
1358 1347 1403 1389 in
1417 1346 1540 1390 libris

151 1411 444 1456 Comicorum.
471 1414 622 1472 Neque
643 1413 759 1456 enim
780 1412 886 1456 falsa
907 1428 997 1457 esse
1024 1413 1180 1458 volunt
1196 1449 1206 1469 ,
1245 1424 1320 1459 aut
1346 1414 1438 1460 ullo
1460 1432 1538 1475 ap-

148 1481 288 1539 petitu
305 1496 384 1525 suo
410 1481 516 1526 falsa
548 1491 678 1536 sunt,
704 1482 781 1526 sed
814 1482 1007 1542 quadam
1036 1484 1292 1528 necessitate
1323 1495 1540 1545 quantum

148 1551 351 1609 fingentis
390 1552 617 1596 arbitrium
655 1553 777 1612 sequi
814 1562 1070 1611 potuerunt.
1112 1558 1170 1598 At
1204 1570 1306 1599 vero
1336 1555 1382 1599 in
1410 1572 1540 1601 scena

149 1622 329 1665 Roscius
350 1622 574 1666 voluntate
591 1622 698 1666 falsa
722 1624 903 1667 Hecuba
918 1632 1031 1677 erat,
1058 1633 1214 1668 natura
1233 1640 1360 1669 verus
1375 1627 1507 1671 homo
1526 1648 1537 1685 3

148 1690 225 1734 sed
245 1691 319 1734 illa
341 1692 566 1736 voluntate
588 1692 718 1735 etiam
739 1707 866 1736 verus
883 1692 1130 1750 tragoedus,
1156 1708 1207 1737 eo
1224 1694 1429 1739 videlicet
1452 1713 1540 1755 quo

149 1759 361 1819 implebat
397 1761 646 1804 institutum
681 1779 690 1804 ε
723 1759 855 1803 falsus
893 1770 1039 1804 autem
1072 1762 1265 1805 Priamus
1286 1798 1296 1817 ,
1332 1779 1384 1808 eo
1418 1765 1541 1825 quod

151 1830 372 1874 Priamum
394 1829 670 1883 assimilabat,
688 1829 763 1873 sed
784 1829 873 1888 ipse
896 1845 986 1873 non
1006 1840 1111 1874 erat.
1138 1833 1202 1874 Ex
1224 1848 1312 1891 quo
1329 1834 1419 1893 jam
1441 1851 1540 1879 nas-

151 1900 264 1943 citur
284 1900 495 1959 quiddam
516 1898 715 1943 mirabile
730 1933 741 1954 ,
767 1898 888 1958 quod
910 1908 1058 1943 tamen
1079 1900 1138 1944 ita
1161 1917 1204 1945 se
1226 1902 1386 1946 habere
1409 1919 1538 1949 nemo

151 1970 350 2028 ambigit.
375 1974 427 2014 A.
449 1970 669 2022 Quidnam
684 1968 730 2012 id
751 1971 844 2013 est?
866 1969 982 2022 Quid
1005 1973 1166 2029 putas?
1183 1972 1264 2016 nisi
1284 1973 1377 2017 haec
1393 1977 1539 2020 omnia

151 2039 254 2083 inde
274 2055 365 2084 esse
393 2041 439 2083 in
468 2037 730 2100 quibusdam
763 2054 886 2094 vera,
929 2039 1045 2084 unde
1061 2041 1107 2084 in
1139 2042 1403 2101 quibusdam
1431 2045 1540 2090 falsa

154 2118 255 2153 sunt
269 2145 281 2164 ,
302 2118 346 2153 et
367 2108 423 2153 ad
438 2124 565 2153 suum
588 2124 741 2154 verum
763 2109 846 2153 hoc
860 2109 1002 2154 solum
1021 2111 1081 2154 eis
1099 2111 1322 2170 prodesse,
1342 2114 1462 2173 quod
1484 2115 1536 2160 ad

155 2179 275 2224 aliud
294 2179 401 2224 falsa
430 2182 564 2224 sunt?
590 2180 717 2224 Unde
738 2180 794 2224 ad
820 2179 866 2224 id
886 2180 1007 2241 quod
1037 2197 1150 2238 esse,
1189 2193 1265 2229 aut
1285 2184 1441 2229 volunt
1463 2195 1540 2230 aut

155 2251 344 2307 debent,
375 2251 499 2296 nullo
529 2250 662 2296 modo
693 2251 976 2310 perveniunt,
1016 2253 1050 2297 si
1085 2252 1192 2299 falsa
1224 2270 1314 2299 esse
1340 2256 1533 2315 fugiunt.

153 2326 248 2375 Quo
267 2331 395 2381 pacto
414 2324 531 2365 enim
543 2321 620 2365 iste
636 2336 769 2381 quem
787 2325 1144 2379 commemoravi,
1171 2340 1298 2369 verus
1311 2327 1536 2385 tragoedus

153 2401 262 2436 esset
277 2427 288 2447 ‚
313 2393 347 2436 si
363 2391 500 2438 nollet
519 2407 610 2436 esse
626 2391 759 2436 falsus
782 2395 944 2437 Hector
957 2427 969 2448 ‚
992 2392 1098 2438 falsa
1114 2394 1435 2453 Andromache,
1456 2397 1539 2442 fal-

153 2477 224 2507 sus
247 2463 475 2519 Hercules,
500 2472 544 2508 et
575 2463 656 2508 alia
693 2464 952 2508 innumera?
988 2467 1078 2508 Aut
1098 2465 1216 2510 unde
1238 2481 1340 2512 vera
1366 2468 1537 2527 pictura

155 2543 266 2579 esset
285 2534 319 2578 si
339 2533 471 2579 falsus
492 2549 630 2595 equus
652 2549 741 2580 non
762 2536 903 2579 esset?
922 2534 1046 2580 Unde
1068 2536 1114 2580 in
1132 2537 1310 2596 speculo
1333 2553 1433 2584 vera
1455 2540 1535 2585 ho-
