1871 3162
237 171 319 212 458
640 181 674 212 s.
709 181 940 214 Aucus'nm
971 185 1152 214 13121500121

234 249 350 294 libus
381 248 688 306 rationalibus,
708 259 759 295 ut
779 251 826 295 in
845 252 1022 296 homine
1036 286 1047 307 ,
1073 260 1229 296 natura
1254 252 1300 295 in
1320 250 1467 295 bestiis
1484 284 1496 305 ,
1515 259 1615 294 tan-

233 335 368 381 quam
402 320 450 365 in
469 319 715 379 vulpecula.
742 321 860 366 Illud
883 331 1027 367 autem
1059 323 1180 383 quod
1211 321 1399 367 mendax
1438 336 1572 375 voco,
1593 336 1616 364 a

234 390 549 437 mentientibus
565 391 630 436 fit.
651 391 737 444 Qui
756 392 838 436 hoc
855 392 1065 438 differunt
1078 408 1101 437 a
1113 391 1339 437 fallacibus
1350 427 1360 447 ,
1380 391 1501 452 quod
1521 405 1617 435 om-

232 461 300 505 nis
321 460 454 506 fallax
475 463 642 522 appetit
661 461 813 506 fallere
839 482 848 507 z
874 478 965 508 non
986 473 1134 509 autem
1157 464 1298 508 omnis
1319 463 1415 508 vult
1436 461 1587 507 fallere
1605 494 1617 515 ,

235 531 312 591 qui
343 533 552 577 mentitur
575 550 587 578 ι
609 547 712 576 nam
745 542 790 577 et
809 532 931 577 mimi
952 542 996 578 et
1024 534 1252 578 comoediae
1282 543 1325 578 et
1346 532 1484 577 multa
1513 533 1623 591 poe-

235 611 352 647 mata
379 603 711 648 mendaciorum
732 603 861 663 plena
888 613 1013 660 sunt,
1050 603 1298 649 delectandi
1318 604 1464 663 potius
1490 616 1624 662 quam

236 671 419 717 fallendi
441 673 690 729 voluntate,
711 684 755 719 et
771 689 921 719 omnes
948 674 1039 718 fere
1061 675 1139 735 qui
1157 676 1376 734 jocantur,
1401 672 1627 721 mentiun-

239 751 326 786 tur.
349 741 435 787 Sed
448 740 578 787 fallax
599 742 670 787 vel
692 742 847 788 fallens
861 745 896 788 is
912 753 1031 789 recte
1051 744 1234 799 dicitur,
1257 745 1379 803 cujus
1402 743 1627 800 negotium

241 821 305 857 est
325 821 376 856 ut
407 813 595 873 quisque
630 813 823 859 fallatur.
850 814 919 859 Illi
942 824 1087 860 autem
1122 817 1199 876 qui
1229 831 1318 860 non
1339 814 1386 859 id
1419 821 1554 873 agunt
1580 819 1631 855 ut

242 882 487 941 decipiant,
512 883 589 928 sed
609 893 757 929 tamen
778 884 946 944 aliquid
963 886 1137 944 fingunt
1150 921 1165 941 ,
1185 885 1256 930 vel
1277 885 1508 930 mendaces
1530 892 1632 926 tan-

242 961 366 1008 tum,
405 952 475 998 vel
502 954 537 997 si
573 969 628 998 ne
659 955 744 1000 hoc
778 954 983 1015 quidem,
1026 956 1285 1000 mentientes
1312 964 1459 999 tamen
1490 952 1634 997 vocari

244 1038 375 1068 nemo
397 1024 582 1082 ambigit
605 1043 615 1069 ε
635 1025 718 1069 nisi
738 1024 847 1084 quid
867 1025 1001 1070 habes
1023 1025 1227 1070 adversus
1247 1026 1328 1069 ista
1350 1024 1471 1084 quod
1498 1023 1630 1066 dieas.

303 1095 449 1138 XVII.
475 1097 527 1139 A.
554 1097 704 1153 Perge,
725 1111 874 1155 quaeso
903 1114 912 1140 :
937 1111 1056 1140 nunc
1077 1097 1194 1140 enim
1217 1094 1419 1150 fortasse,
1446 1093 1501 1137 de
1521 1091 1636 1136 falsis

247 1179 337 1209 non
367 1163 474 1209 falsa
504 1165 662 1210 docere
698 1167 869 1226 coepisti
896 1167 1002 1211 :sed
1035 1169 1125 1227 jam
1157 1166 1271 1210 illud
1293 1182 1429 1226 genus
1457 1172 1636 1224 expecto

248 1234 378 1295 quale
394 1235 448 1279 sit
471 1235 592 1295 quod
613 1236 755 1282 dixisti
780 1256 789 1282 :
810 1240 914 1282 Esse
934 1237 1091 1292 tendit,
1112 1247 1156 1281 et
1176 1253 1267 1281 non
1289 1246 1367 1281 est.
1393 1239 1447 1280 R.
1474 1233 1638 1288 Quidni

249 1307 479 1364 expectes?
501 1306 665 1350 Eadem
685 1306 759 1351 illa
786 1317 888 1351 sunt
904 1342 914 1361 ,
939 1323 1128 1367 quorum
1152 1307 1292 1351 multa
1319 1322 1449 1365 supra
1470 1320 1639 1349 memo-

250 1376 453 1421 ravimus.
479 1380 641 1422 Annon
664 1378 743 1422 tibi
764 1378 940 1423 videtur
963 1379 1108 1437 imago
1143 1388 1216 1422 tua
1241 1377 1295 1422 de
1317 1377 1495 1437 speculo
1517 1375 1640 1436 quasi

250 1457 300 1492 tu
322 1448 414 1507 ipse
436 1447 549 1493 velle
571 1464 660 1493 esse
676 1484 687 1504 ,
712 1448 788 1493 sed
806 1449 905 1494 ideo
928 1464 1017 1493 esse
1040 1448 1167 1503 falsa,
1202 1450 1324 1508 quod
1345 1464 1434 1492 non
1467 1449 1562 1491 est?
1584 1449 1636 1490 A.

251 1518 389 1562 Valde
407 1520 492 1563 hoc
506 1519 696 1563 videtur.
717 1523 771 1562 R.
794 1519 911 1572 Quid
925 1519 1064 1563 omnis
1076 1522 1244 1578 pictura
1257 1519 1326 1564 vel
1345 1517 1643 1579 cujuscemodi

253 1588 551 1644 simulacrum,
568 1599 610 1633 et
622 1589 667 1633 id
691 1605 826 1647 genus
843 1590 987 1634 omnia
1006 1590 1214 1648 opificum
1227 1624 1237 1644 ,
1259 1605 1405 1634 nonne
1422 1588 1533 1632 illud
1555 1603 1644 1631 esse

255 1658 551 1714 contendunt,
578 1658 633 1702 ad
654 1661 778 1718 cujus
801 1659 996 1717 quidque
1019 1658 1348 1702 similitudinem
1366 1658 1529 1702 factum
1552 1659 1646 1701 est?

255 1732 306 1773 A.
336 1733 512 1773 Prorsus
551 1730 760 1772 adducor.
787 1733 841 1772 R.
874 1732 970 1771 Jam
1006 1745 1055 1772 ea
1088 1730 1248 1789 quibus
1277 1730 1345 1773 vel
1380 1729 1646 1774 dormientes

255 1798 325 1843 vel
346 1798 538 1843 furentes
572 1797 810 1853 falluntur,
851 1799 1074 1855 concedis,
1114 1809 1163 1843 ut
1201 1800 1356 1858 opinor
1374 1836 1383 1854 ,
1409 1801 1454 1843 in
1478 1816 1529 1844 eo
1557 1816 1647 1844 esse

258 1884 428 1928 genere.
454 1873 506 1913 A.
528 1872 585 1913 Et
604 1868 725 1913 nulla
748 1869 882 1927 magis
907 1888 915 1914 :
943 1885 1044 1913 nam
1067 1869 1155 1913 ulla
1177 1871 1313 1928 magis
1335 1871 1525 1914 tendunt
1547 1870 1649 1915 talia

257 1955 346 1984 esse
361 1974 372 1995 ,
397 1939 542 1999 qualia
566 1939 637 1983 vel
657 1939 885 1997 vigilantes
911 1939 981 1983 vel
1004 1940 1095 1984 sani
1125 1949 1338 1998 cernunt,
1363 1949 1406 1984 et
1428 1956 1479 1984 eo
1501 1949 1650 1984 tamen

262 2008 369 2054 falsa
390 2018 512 2064 sunt,
545 2025 635 2069 quo
667 2010 713 2053 id
749 2008 870 2069 quod
905 2008 1116 2064 tendunt,
1142 2025 1231 2054 esse
1254 2025 1342 2054 non
1371 2019 1566 2069 possunt.
1592 2013 1646 2053 R.

260 2079 380 2132 Quid
392 2081 485 2140 jam
507 2079 562 2124 de
584 2079 772 2125 turrium
794 2088 940 2134 motu,
975 2079 1044 2123 vel
1071 2078 1126 2123 de
1156 2094 1297 2124 merso
1329 2094 1449 2123 remo
1465 2115 1476 2134 ,
1504 2077 1575 2123 vel
1596 2079 1651 2123 de

262 2151 430 2194 umbris
451 2166 684 2211 corporum
705 2149 832 2209 plura
853 2150 1025 2195 dicam?
1047 2150 1232 2194 Planum
1255 2159 1344 2205 est,
1375 2160 1425 2195 ut
1447 2150 1648 2204 arbitror,

261 2236 312 2265 ex
331 2221 414 2266 hac
435 2221 585 2280 regula
622 2236 711 2265 csse
732 2221 968 2265 metienda.
995 2223 1047 2264 A.
1082 2220 1400 2265 Planissimum.
1429 2224 1482 2264 R.
1514 2223 1652 2264 Taceo

263 2291 318 2335 de
340 2292 505 2336 caeteris
525 2291 745 2345 sensibus,
775 2306 877 2334 nam
900 2305 1029 2335 nemo
1052 2290 1327 2335 considerans
1350 2306 1439 2334 non
1471 2290 1556 2334 hoc
1584 2289 1654 2332 in-

262 2363 422 2418 veniet,
442 2362 601 2407 falsum
616 2359 823 2420 appellari
840 2361 886 2404 in
901 2361 1030 2405 rebus
1046 2361 1147 2420 ipsis
1161 2375 1269 2420 quas
1285 2361 1512 2415 sentimus,
1531 2357 1655 2419 quod

267 2446 356 2476 esse
372 2432 537 2493 aliquid
558 2432 701 2477 tendit
717 2440 761 2476 et
782 2447 873 2477 non
896 2441 974 2478 est.
