1871 3162
292 201 344 242 14
709 213 742 241 s.
778 211 1008 242 Aucusnm
1040 213 1222 242 Emscom

286 278 480 323 scholam
501 277 628 324 datus
656 293 753 322 sum
778 287 828 323 ut
849 277 1059 323 discerem
1091 277 1256 322 litteras
1271 312 1283 333 ‚
1310 278 1357 321 in
1377 277 1537 338 quibus
1558 277 1666 337 quid

287 347 486 392 utilitatis
517 356 626 392 esset
645 348 900 406 ignorabam
934 347 1089 405 miser3
1126 356 1169 392 et
1200 356 1347 392 tamen
1383 347 1416 392 si
1448 347 1588 405 segnis
1621 347 1667 390 in

287 417 492 463 discendo
513 433 647 462 essem
676 416 953 477 vapulabam.
978 416 1262 462 Laudabatur
1283 418 1399 461 enim
1421 418 1505 462 hoc
1526 433 1550 461 a
1571 432 1667 461 ma-

283 487 474 546 joribus⁷
507 497 551 532 et
583 487 709 532 multi
737 496 837 531 ante
862 502 942 532 nos
973 487 1107 531 vitam
1140 488 1266 532 istam
1298 496 1499 546 agentes,
1529 501 1669 546 praes-

286 566 510 602 traxerant
526 573 790 602 aerumnosas
811 558 900 602 vias
914 593 925 613 ‚
951 573 1027 617 per
1050 573 1156 617 quas
1176 558 1358 602 transire
1380 557 1668 617 cogebamur,

288 627 575 687 multiplicato
601 627 748 672 labore
769 637 812 672 et
833 627 983 672 dolore
1009 627 1107 671 filiis
1126 627 1280 672 Adam.
1308 627 1563 671 Invenimus
1586 642 1667 670 au-

288 706 399 753 tem,
432 698 614 742 Domine
628 733 640 752 ‚
665 699 862 742 homines
883 707 1084 757 rogantes
1107 707 1177 755 te3
1205 707 1248 742 et
1271 697 1501 742 didicimus
1532 698 1586 741 ab
1609 697 1668 740 eis

288 768 520 812 sentientes
541 777 599 823 te,
625 778 674 812 ut
704 777 951 827 poteramus
982 783 1072 813 esse
1108 783 1317 827 magnum
1348 767 1559 829 aliquem,
1595 767 1671 826 qui

287 853 452 897 posses,
477 839 607 883 etiam
629 854 719 883 non
735 854 945 899 apparens
961 839 1157 883 sensibus
1179 840 1351 895 nostris,
1369 838 1575 883 exaudire
1592 851 1671 881 nos

289 917 332 953 et
353 909 581 954 subvenire
600 909 740 954 nobis.
758 912 868 955 Nam
886 925 996 969 puer
1016 909 1134 968 coepi
1155 924 1307 967 rogare
1329 918 1373 953 te
1394 908 1604 953 auxilium
1632 915 1676 951 et

288 978 507 1039 refugium
538 995 710 1038 meum3
746 989 790 1025 et
822 981 868 1025 in
902 989 1022 1025 tuam
1056 979 1380 1025 invocationem
1415 978 1676 1038 rumpebam

289 1050 625 1110 nodos-linguae
661 1065 795 1109 meae3
832 1060 876 1095 et
907 1051 1115 1109 rogabam
1147 1059 1189 1094 te
1220 1065 1403 1109 parvus,
1430 1065 1519 1094 non
1539 1061 1675 1108 parvo

290 1123 472 1178 affectu,
500 1137 555 1166 ne
583 1123 630 1166 in
651 1122 798 1167 schola
818 1121 1086 1181 vapularem.
1113 1124 1170 1165 Et
1193 1136 1295 1165 cum
1325 1136 1395 1164 me
1428 1135 1518 1165 non
1540 1136 1677 1164 exau-

291 1192 454 1247 diebas,
479 1192 601 1253 quod
617 1208 707 1238 non
728 1202 820 1237 erat
836 1192 892 1237 ad
918 1192 1211 1252 insipientiam
1234 1191 1342 1235 mihi
1356 1194 1369 1216 ¹
1386 1226 1397 1245 ‚
1422 1190 1679 1235 ridebantur

292 1278 316 1306 a
343 1263 579 1322 majoribus
605 1262 857 1307 hominibus
895 1277 1033 1322 usque
1064 1261 1117 1305 ab
1152 1261 1254 1320 ipsis
1284 1260 1562 1320 parentibus,
1600 1261 1677 1320 qui

292 1333 400 1376 mihi
422 1332 615 1376 accidere
636 1332 738 1377 mali
760 1332 868 1376 nihil
888 1331 1096 1377 volebant
1113 1367 1124 1386 ‚
1149 1330 1289 1390 plagae
1311 1346 1446 1386 meae,
1467 1345 1677 1389 magnum

293 1411 399 1447 tunc
420 1411 463 1446 et
485 1417 613 1460 grave
635 1401 801 1446 malum
819 1417 981 1445 meum.

352 1474 449 1516 XV.
472 1475 630 1517 Est—ne
659 1472 891 1532 quisquam
907 1507 918 1527 ,
944 1471 1129 1515 Domine
1145 1505 1156 1526 ,
1182 1479 1269 1514 tam
1293 1485 1475 1530 magnus
1508 1471 1679 1515 animus

296 1543 540 1603 praegrandi
561 1543 723 1588 affectu
742 1542 824 1587 tibi
853 1543 1102 1599 cohaerens3
1139 1550 1315 1596 est-ne,
1341 1542 1541 1601 inquam,
1567 1543 1680 1602 quis-

295 1616 458 1675 quam?
488 1613 625 1672 (facit
647 1615 762 1658 enim
800 1615 884 1658 hoc
917 1613 1118 1674 quaedam
1154 1614 1283 1658 etiam
1307 1613 1532 1657 stoliditas.
1556 1618 1570 1669 )
1602 1616 1681 1658 Est

296 1700 413 1743 ergo,
437 1684 515 1745 qui
539 1685 617 1728 tibi
639 1684 709 1744 pie
732 1684 993 1729 cohaerendo
1014 1684 1073 1728 ita
1091 1684 1146 1728 sit
1169 1685 1350 1728 affectus
1373 1684 1609 1743 granditer,
1630 1693 1680 1728 ut

296 1754 503 1815 equuleos
525 1764 568 1798 et
589 1754 790 1813 ungulas,
818 1764 949 1814 atque
971 1754 1273 1814 hujuscemodi
1303 1755 1420 1798 varia
1444 1763 1676 1808 tormenta,

296 1842 375 1886 pro
397 1826 557 1886 quibus
590 1825 847 1884 effugiendis
881 1825 960 1869 tibi
984 1841 1062 1884 per
1092 1827 1310 1869 universas
1334 1835 1470 1869 terras
1492 1840 1593 1869 cum
1625 1825 1681 1868 ti-

297 1912 418 1941 more
446 1911 603 1955 magno
624 1896 892 1954 supplicatur
908 1930 918 1949 ,
943 1895 1003 1939 ita
1032 1896 1150 1954 parvi
1173 1897 1356 1939 aestimet
1388 1894 1589 1938 deridens
1609 1910 1680 1939 eos

296 1968 372 2027 qui
405 1968 500 2010 haec
525 1967 797 2010 acerbissime
820 1965 1059 2010 formidant
1076 2001 1087 2019 ‚
1120 1965 1494 2025 quemadmodum
1528 1981 1682 2025 paren-

296 2046 359 2081 tes
392 2036 527 2081 nostri
559 2036 761 2080 ridebant
787 2044 1006 2080 tormenta
1026 2070 1036 2090 ‚
1072 2035 1232 2094 quibus
1264 2035 1387 2092 pueri
1422 2050 1444 2078 a
1466 2035 1680 2094 magistris

297 2107 628 2166 affligebamur?
654 2109 752 2151 Non
774 2106 889 2149 enim
919 2115 994 2149 aut
1017 2105 1161 2148 minus
1184 2120 1232 2147 ea
1256 2105 1578 2160 metuebamus,
1603 2115 1680 2150 aut

296 2179 437 2223 minus
459 2187 501 2222 te
524 2177 578 2221 de
600 2178 665 2221 his
685 2176 918 2220 evadendis
940 2175 1282 2236 deprecabamur
1301 2185 1368 2220 :et
1391 2177 1679 2235 peccabamus

294 2258 442 2293 tamen
468 2248 610 2291 minus
634 2245 863 2291 scribendo
880 2281 890 2301 ‚
927 2254 1002 2289 aut
1023 2244 1208 2303 legendo
1224 2280 1234 2299 ‚
1269 2254 1345 2289 aut
1370 2246 1602 2303 cogitando
1624 2246 1678 2290 de

297 2317 447 2363 litteris
469 2333 600 2378 quam
623 2316 875 2375 exigebatur
897 2331 920 2359 a
950 2315 1091 2359 nobis.
1118 2316 1214 2359 Non
1237 2315 1352 2358 enim
1383 2314 1533 2359 deerat
1549 2351 1560 2370 ‚
1588 2319 1677 2361 Do-

296 2389 414 2432 mine
433 2423 443 2442 ,
476 2387 682 2432 memoria
704 2386 773 2430 vel
802 2386 1024 2444 ingenium
1045 2420 1055 2439 ‚
1081 2400 1180 2444 quae
1208 2399 1286 2428 nos
1313 2385 1470 2429 habere
1503 2386 1678 2430 voluisti

299 2475 377 2519 pro
393 2459 467 2503 illa
481 2468 606 2504 aetate
624 2458 745 2516 satis3
765 2458 840 2502 sed
862 2456 1105 2501 delectabat
1126 2455 1299 2500 ludere:
1315 2465 1358 2500 et
1375 2456 1679 2501 vindicabatur

340 2546 352 2564 ¹
372 2543 451 2576 Psal.
472 2554 539 2585 xxi,
555 2543 584 2576 3.
