1871 3162
262 217 343 256 408
681 225 713 255 s.
751 226 975 254 AUGUSTINI
1012 225 1187 252 EPISCOI‘I

263 404 645 421 mmmmm
649 398 1629 420 mmmmmmmmmmmwwm

706 559 741 604 (Ἰ
752 556 919 606 APUT
958 557 1188 605 XXXIV.

354 738 518 783 Totius
539 737 796 782 creationis
818 736 985 782 mundi
1004 735 1268 799 allegorica
1290 735 1538 796 expositio.

315 910 473 953 XLIX.
500 911 760 952 INspssxmus
782 908 911 951 etiam
928 916 1106 966 propter
1122 922 1308 966 quorum
1330 905 1634 965 figurationem

254 981 333 1025 ista
354 979 423 1024 vel
446 980 521 1024 tali
543 979 695 1024 ordine
724 978 838 1032 fieri,
859 977 928 1022 vel
952 978 1026 1022 tali
1048 977 1200 1021 ordine
1222 976 1351 1021 scribi
1373 976 1570 1030 voluisti,
1594 984 1637 1020 et

253 1050 440 1095 vidimus
462 1051 563 1111 quia
586 1050 701 1094 bona
723 1057 825 1092 sunt
841 1047 1009 1106 singula
1026 1083 1037 1103 ‚
1060 1057 1103 1092 et
1124 1047 1269 1092 omnia
1285 1046 1398 1090 bona
1417 1046 1543 1090 valde
1560 1080 1571 1101 ‚
1591 1046 1637 1089 in

254 1123 399 1167 Verbo
422 1132 498 1167 tuo
514 1157 526 1176 ,
544 1122 588 1166 in
614 1121 750 1166 Unico
769 1130 846 1164 tuo
868 1119 1031 1164 coelum
1053 1127 1096 1162 et
1116 1127 1276 1162 terram
1294 1152 1306 1172 ‚
1331 1127 1462 1177 caput
1485 1126 1528 1161 et
1544 1131 1638 1162 cor-

255 1209 334 1252 pus
356 1192 557 1237 Ecclesiae
573 1227 584 1247 ‚
617 1191 663 1234 in
692 1189 1071 1249 praedestinatione
1096 1197 1196 1233 ante
1227 1188 1371 1232 omnia
1407 1197 1602 1246 tempora
1620 1221 1632 1241 ‚

254 1265 344 1308 sine
365 1278 492 1307 mane
525 1271 566 1306 et
595 1276 787 1320 vespera.
825 1260 908 1305 Ubi
945 1269 1091 1303 autem
1125 1258 1295 1318 coepisti
1331 1257 1636 1317 praedestinata

254 1332 549 1393 temporaliter
581 1332 761 1392 exequi,
787 1340 836 1375 ut
863 1329 1035 1375 occulta
1058 1327 1376 1383 manifestares,
1401 1337 1443 1372 et
1465 1329 1638 1372 incom-

252 1407 390 1466 posita
409 1414 554 1449 nostra
572 1418 881 1463 componeres3
905 1403 1114 1462 quoniam
1135 1416 1264 1460 super
1285 1416 1363 1444 nos
1385 1409 1509 1443 erant
1530 1415 1635 1458 pec-

253 1487 345 1522 cata
369 1485 543 1530 nostra,
567 1485 610 1520 et
630 1476 675 1518 in
695 1472 967 1533 profundum
989 1472 1268 1516 tenebrosum
1298 1470 1540 1514 abieramus
1561 1470 1637 1514 abs

256 1558 318 1602 te,
344 1557 386 1591 et
417 1547 600 1605 Spiritus
629 1555 731 1589 tuus
754 1545 894 1588 bonus
916 1542 1268 1602 superferebatur
1296 1540 1350 1583 ad
1383 1540 1638 1584 subvenien-

254 1620 359 1663 dum
382 1617 506 1661 nobis
536 1617 582 1660 in
612 1625 808 1674 tempore
829 1622 1104 1673 opportuno3
1129 1621 1172 1655 et
1189 1611 1433 1671 justificasti
1450 1611 1604 1670 impios
1622 1646 1634 1665 ‚

254 1699 295 1733 et
310 1687 537 1732 distinxisti
562 1701 634 1730 eos
657 1686 710 1729 ab
731 1685 912 1744 iniquis,
943 1693 986 1727 et
1013 1682 1205 1727 solidasti
1234 1682 1535 1726 auctoritatem
1560 1683 1634 1725 Li-

256 1761 319 1804 bri
351 1760 412 1803 tui
446 1759 556 1802 inter
590 1757 829 1816 superiores
857 1756 930 1815 qui
958 1755 1038 1799 tibi
1069 1753 1276 1798 docibiles
1309 1762 1471 1807 essent,
1499 1762 1542 1796 et
1575 1754 1639 1797 in-

257 1831 432 1874 feriores
463 1829 538 1888 qui
576 1828 634 1871 eis
667 1826 958 1870 subderentur
985 1845 993 1869 z
1020 1834 1063 1868 et
1091 1824 1360 1882 congregasti
1387 1824 1634 1868 societatem

190 1919 194 1925 ¹
255 1899 494 1945 infidelium
518 1900 561 1942 in
584 1913 717 1942 unam
740 1897 1101 1956 conspirationem
1117 1931 1128 1950 ,
1150 1904 1199 1940 ut
1215 1904 1473 1954 apparerent
1494 1894 1635 1939 studia

257 1971 477 2025 fidelium,
505 1978 547 2013 et
594 1969 675 2013 tibi
717 1983 847 2027 opera
881 1966 1186 2011 misericordiae
1218 1975 1445 2026 parerent,
1492 1966 1636 2010 distri-

256 2043 440 2086 buentes
461 2041 589 2084 etiam
622 2038 885 2099 pauperibus
919 2047 1108 2081 terrenas
1134 2036 1362 2080 facultates
1400 2036 1455 2079 ad
1487 2037 1638 2095 acqui-

257 2112 389 2157 renda
410 2111 616 2156 coelestia.
639 2113 695 2154 Et
716 2108 816 2153 inde
850 2107 1081 2153 accendisti
1106 2106 1309 2167 quaedam
1343 2107 1569 2150 luminaria
1591 2107 1637 2150 in

258 2184 553 2235 firmamento,
580 2181 761 2223 verbum
784 2180 883 2223 vitae
905 2178 1114 2222 habentes
1136 2186 1305 2221 sanctos
1328 2185 1424 2220 tuos
1443 2212 1453 2230 ‚
1480 2185 1523 2221 et
1544 2177 1634 2236 spi-

258 2253 455 2298 ritalibus
493 2251 617 2295 donis
636 2249 813 2309 praelata
833 2249 1007 2294 sublimi
1040 2248 1295 2292 auctoritate
1328 2245 1541 2306 fulgentes
1563 2267 1571 2292 :
1592 2257 1634 2292 et

260 2324 359 2368 inde
375 2322 430 2366 ad
446 2320 700 2366 imbuendas
718 2319 912 2364 infideles
930 2328 1076 2378 gentes
1093 2328 1355 2362 sacramenta
1375 2326 1417 2361 et
1430 2317 1635 2363 miracula

259 2393 458 2448 visibilia,
476 2407 688 2451 vocesque
709 2390 941 2434 verborum
963 2389 1206 2445 secundum*
1222 2389 1541 2432 firmamentum
1560 2389 1634 2432 Li-

261 2464 327 2507 bri
350 2464 436 2517 tui,
463 2462 620 2522 quibus
642 2461 770 2504 etiam
795 2459 940 2504 fideles
964 2460 1320 2503 benedicerentur
1338 2495 1348 2513 ‚
1374 2475 1423 2502 ex
1456 2460 1636 2504 materia

262 2533 473 2593 corporali
488 2532 727 2591 produxisti
741 2553 750 2588 3
764 2541 806 2574 et
821 2530 978 2574 deinde
991 2529 1183 2573 fidelium
1204 2529 1315 2572 anim
1324 2545 1389 2572 am
1403 2531 1542 2573 vivam
1559 2545 1635 2588 per
