1871 3162
239 166 318 203 332
671 178 702 204 s.
740 178 968 206 Anaus'nm
1002 180 1182 207 Emscom

236 350 1165 370 mmmmmmmmwmmwwww,mmmw
1182 355 1615 372 mmmm-«mmm

753 490 764 530 ἐ
776 486 829 532 ’,Α
839 487 917 535 PU
928 488 967 533 T
1002 490 1042 534 X
1054 491 1071 535 l
1081 526 1093 535 .
1535 493 1551 501 ”

648 640 781 701 Quid
797 658 826 685 a
844 642 949 687 Deo
968 641 1202 688 didicerit.

298 802 375 843 xl.
402 802 490 843 ΞΛΜ
506 800 647 845 dixisti
668 802 790 856 mihi,
817 804 1013 858 Domine,
1032 818 1137 847 voce
1162 802 1261 845 forti
1278 802 1320 846 in
1336 816 1485 845 aurem
1505 801 1620 845 inte-

240 870 394 913 riorem
413 906 424 921 ,
456 871 558 930 quia
581 881 628 914 tu
657 882 843 916 aeternus
875 889 941 928 es,
977 873 1093 917 solus
1127 873 1288 916 habens
1316 871 1620 916 immortalita-

241 950 326 983 tem
340 944 375 997 ¹3
396 942 601 1000 quoniam
620 958 669 985 ex
690 942 809 985 nulla
828 944 968 1001 specie
988 952 1164 987 motuve
1182 943 1384 996 mutaris,
1412 957 1489 986 nee
1512 951 1623 986 tem-

238 1012 414 1069 poribus
449 1013 637 1055 variatur
670 1012 871 1057 voluntas
893 1023 996 1070 tua3
1031 1014 1131 1073 quia
1163 1028 1250 1055 non
1275 1022 1338 1056 est
1369 1013 1624 1057 immortalis

239 1081 462 1136 voluntas,
483 1099 581 1141 quae
603 1084 685 1126 alia
707 1094 749 1127 et
769 1084 851 1128 alia
869 1094 946 1128 est.
970 1088 1062 1129 Hoc
1079 1085 1123 1128 in
1143 1092 1380 1143 conspectu
1396 1093 1473 1127 tuo
1490 1083 1624 1127 claret

239 1153 364 1207 mihi,
391 1163 432 1196 et
455 1154 588 1212 magis
606 1155 828 1214 magisque
849 1155 1055 1199 clarescat
1070 1171 1145 1200 oro
1164 1165 1227 1209 te,
1249 1164 1380 1214 atque
1402 1155 1447 1198 in
1462 1170 1511 1198 ea
1535 1170 1625 1198 ma·

238 1222 511 1267 nifestatione
543 1225 767 1282 persistam
802 1226 970 1269 sobrius
1001 1226 1082 1269 sub
1107 1226 1182 1270 alis
1219 1227 1316 1269 tuis.
1348 1228 1457 1269 Item
1480 1224 1624 1268 dixisti

239 1293 360 1346 mihi,
382 1294 579 1346 Domine,
597 1309 701 1337 voce
720 1294 820 1338 forti
837 1295 881 1338 in
900 1310 1047 1339 aurem
1060 1296 1325 1349 interiorem,
1341 1294 1460 1354 quod
1475 1307 1625 1338 omnes

238 1373 414 1406 naturas
435 1373 564 1423 atque
586 1364 847 1409 substantias
875 1380 974 1424 quae
996 1382 1085 1409 non
1120 1374 1222 1409 sunt
1243 1365 1365 1424 quod
1394 1374 1443 1408 tu
1476 1380 1519 1408 es
1535 1399 1546 1418 ‚
1581 1373 1623 1408 et

239 1442 384 1476 tamen
395 1443 512 1488 sunt,
530 1443 577 1478 tu
601 1433 757 1491 fecisti3
783 1444 826 1479 et
842 1436 925 1480 hoc
941 1435 1081 1480 solum
1092 1452 1123 1495 a
1139 1444 1180 1478 te
1203 1451 1292 1478 non
1314 1445 1378 1478 est
1399 1434 1521 1493 quod
1534 1450 1623 1479 non

238 1513 322 1557 est,
348 1514 579 1563 motusque
595 1504 828 1549 voluntatis
843 1521 865 1549 a
878 1515 921 1549 te
941 1506 1016 1565 qui
1035 1502 1153 1560 estad
1172 1505 1216 1548 id
1234 1505 1355 1564 quod
1372 1506 1518 1548 minus
1537 1515 1622 1560 θεῖς

239 1576 338 1634 quia
363 1575 454 1618 talis
491 1585 632 1619 motus
659 1576 865 1620 delictum
901 1586 1032 1635 atque
1060 1568 1287 1634 peccatum
1317 1584 1393 1619 est.
1422 1578 1476 1619 Et
1504 1575 1622 1635 quod

241 1645 401 1688 nullius
422 1656 651 1703 >peceatum
679 1656 752 1690 aut
774 1647 853 1689 tibi
882 1657 1037 1700 nocet,
1064 1656 1140 1690 aut
1170 1646 1398 1704 perturbat
1425 1645 1622 1689 ordinem

240 1716 406 1773 imperii
430 1717 492 1758 tui
517 1715 583 1758 vel
608 1717 650 1758 in
673 1716 812 1774 primo
830 1716 898 1759 vel
920 1717 966 1759 in
983 1719 1084 1760 imo.
1108 1719 1202 1760 Hoc
1222 1719 1266 1760 in
1286 1725 1521 1774 conspectu
1548 1725 1624 1760 tuo

240 1786 372 1828 claret
396 1786 498 1829 mihi
517 1821 527 1839 ‚
550 1796 592 1829 et
619 1788 752 1845 magis
772 1788 993 1846 magisque
1016 1787 1221 1831 clarescat
1244 1802 1320 1830 oro
1346 1796 1408 1840 te,
1431 1796 1562 1845 atque
1579 1787 1622 1829 in

240 1870 285 1897 ea
311 1855 655 1899 manifestatione
677 1857 898 1914 persistam
917 1857 1086 1900 sobrius
1109 1858 1190 1900 sub
1218 1856 1292 1900 alis
1313 1856 1415 1899 tuis.

299 1928 400 1969 XII.
423 1929 529 1969 Item
553 1926 695 1969 dixisti
717 1927 821 1970 mihi
845 1942 949 1971 voce
970 1927 1072 1970 forti
1103 1928 1146 1970 in
1172 1942 1318 1970 aurem
1343 1926 1591 1970 interiorem
1609 1960 1621 1979 ‚

240 1996 360 2055 quod
380 2013 459 2041 nec
474 1997 545 2040 illa
563 2007 757 2041 creatura
777 1998 855 2041 tibi
871 2008 1085 2042 coaeterna
1103 2007 1188 2051 est,
1214 1999 1335 2056 cujus
1352 1997 1554 2041 voluntas
1577 2006 1624 2040 tu

241 2067 356 2111 solus
379 2083 420 2110 es
436 2103 446 2121 ‚
473 2077 600 2127 teque
620 2068 1037 2125 perseverantissima
1058 2067 1252 2111 castitate
1271 2068 1472 2110 hauriens
1490 2101 1501 2122 ,
1527 2083 1624 2111 mu-

245 2137 497 2181 tabilitatem
522 2154 641 2181 suam
666 2153 890 2198 nunquam
919 2147 961 2181 et
980 2153 1195 2197 nusquam
1218 2138 1379 2191 exerit,
1410 2147 1450 2181 et
1476 2146 1516 2181 te
1542 2138 1623 2181 sibi

241 2224 407 2266 semper
429 2218 638 2266 praesente
661 2209 716 2252 ad
742 2223 873 2268 quem
899 2217 991 2252 toto
1019 2208 1179 2251 affectu
1201 2223 1245 2251 se
1262 2216 1381 2251 tenet
1398 2242 1408 2259 ‚
1435 2223 1525 2251 non
1546 2208 1624 2251 ha-

246 2279 348 2321 bens
362 2277 560 2322 futurum
573 2313 584 2332 ,
605 2279 725 2337 quod
749 2287 946 2336 expectet
963 2293 1042 2321 nee
1061 2278 1105 2320 in
1123 2277 1390 2336 praeteritum
1409 2276 1623 2336 trajiciens

243 2347 360 2407 quod
386 2348 646 2401 meminerit,
669 2347 789 2391 nulla
809 2348 899 2391 viee
920 2348 1131 2400 variatur,
1150 2348 1290 2390 necin
1315 2356 1510 2405 tempora
1534 2346 1621 2390 ulla

243 2417 566 2461 distenditur.O
588 2418 724 2470 beata,
746 2418 777 2460 si
796 2433 879 2475 qua
901 2418 976 2460 ista
996 2416 1341 2470 Quintam-endo
1364 2415 1622 2460 beatitudini

293 2522 302 2536 ἲ
323 2525 332 2545 ι
356 2515 434 2545 Tim.
456 2525 501 2553 vr,
524 2515 572 2545 16.
