1871 3162
631 220 708 247 con
716 220 952 248 FESSIONUM
963 237 974 258 ,
1009 220 1091 248 Lm.
1127 222 1223 249 x111.
1505 213 1588 253 363

204 301 296 336 tum
320 287 404 331 hoc
425 284 544 346 quod
566 299 636 328 me
655 283 816 340 fecisti,
841 293 884 328 et
903 283 1021 328 unde
1042 299 1112 329 me
1130 284 1282 330 fecisti.
1305 288 1456 346 Neque
1471 289 1587 333 enim

199 358 354 418 eguisti
374 372 460 411 me,
458 364 549 425 Q
564 371 645 415 ego
663 355 750 400 tale
768 356 859 401 bon
868 371 942 400 um
965 371 1059 400 sum
1079 372 1167 417 quo
1189 365 1237 400 tu
1260 356 1488 416 adjuveris,
1506 362 1593 405 Do-

199 430 317 474 mine
338 443 459 472 meus
481 437 524 471 et
550 430 667 471 Deus
681 442 830 485 meus,
850 443 939 472 non
957 437 1006 472 ut
1022 427 1102 471 tibi
1122 427 1181 472 sic
1202 427 1382 472 serviam
1399 430 1522 488 qnasi
1540 446 1594 475 ne

200 499 398 558 fatigeris
430 498 475 542 in
509 496 678 556 agendo
692 532 704 552 ,
730 507 804 542 aut
826 513 881 541 ne
912 498 1054 542 minor
1071 498 1120 542 sit
1141 506 1329 558 potestas
1350 507 1424 542 tua
1446 514 1594 545 carens

198 569 418 629 obsequio
440 583 538 612 meo
554 588 565 626 3
581 582 724 627 neque
750 576 800 612 ut
821 568 879 612 sic
894 577 937 613 te
958 568 1096 613 colam
1119 569 1241 628 quasi
1264 578 1444 624 terram,
1470 578 1519 614 ut
1539 571 1593 616 sis

201 640 245 683 in
257 638 400 682 cultus
422 638 455 681 si
475 653 564 682 non
582 646 624 681 te
641 637 778 682 colam
797 659 808 696 3
831 637 906 682 sed
929 646 978 682 ut
1000 637 1180 682 serviam
1204 638 1283 682 tibi
1304 648 1346 683 et
1367 638 1505 684 colam
1523 649 1590 696 te,

202 718 253 754 ut
268 709 322 753 de
341 718 382 754 te
405 708 512 753 mihi
539 709 651 753 bene
673 709 726 753 sit
741 743 752 764 ,
774 724 797 754 a
819 724 908 769 quo
921 709 1028 753 mihi
1049 718 1113 754 est
1134 718 1184 754 ut
1199 710 1276 754 sim
1295 711 1364 754 cui
1386 711 1498 754 bene
1518 710 1587 755 sit.

202 899 271 916 ΛΑΜ
278 899 1590 918 mmmmmmmmmmmmmmmmmmnmummmwmmmmmmmm

723 1056 941 1105 CAPUT
977 1059 1041 1104 Π.

290 1233 541 1279 Creatarae
576 1250 638 1280 ese
670 1233 770 1280 Dei
803 1232 1017 1280 bonitate
1039 1233 1298 1281 subsistunt
1319 1245 1365 1281 et
1389 1251 1501 1295 per-

767 1306 1015 1367 ficiuntur.

253 1476 312 1518 ΙΙ.
342 1475 414 1518 ‘Ex
438 1472 714 1533 plenitudine
744 1475 909 1534 quippe
942 1475 1148 1520 bonitatis
1176 1484 1263 1519 tuae
1289 1485 1482 1521 creatura
1516 1485 1590 1521 tua

193 1544 412 1600 subsistit,
440 1554 490 1589 ut
518 1544 690 1589 bonum
721 1545 842 1604 quod
864 1545 943 1589 tibi
968 1545 1078 1598 nihil
1100 1546 1344 1604 prodesset,
1370 1562 1449 1591 nec
1462 1547 1625 1611 33ςῖρἕΠ
1667 1586 1688 1591 ί

195 1614 362 1674 aequale
377 1614 455 1658 tibi
478 1623 608 1669 esset,
638 1623 789 1658 tamen
808 1616 909 1675 quia
920 1625 1048 1678 ,331ss
1062 1616 1154 1659 fieri
1176 1617 1342 1675 potuit,
1359 1632 1448 1662 non
1465 1617 1589 1662 dees-

195 1695 272 1730 set.
299 1686 416 1738 Quid
437 1687 551 1729 enim
576 1695 620 1730 te
639 1688 880 1745 promeruit
897 1676 919 1728 u⁴
935 1687 1109 1732 Coelum
1128 1697 1170 1731 et
1188 1697 1316 1743 terra,
1335 1705 1434 1748 quae
1450 1688 1590 1733 fecisti

198 1775 218 1797 »
236 1757 281 1799 in
292 1755 538 1815 Principio?
554 1775 573 1796 »
592 1757 746 1800 Dicant
759 1756 865 1815 quid
880 1765 922 1800 te
934 1767 1268 1816 promeruerunt
1276 1758 1474 1817 spiritalis
1493 1775 1590 1803 cor-

194 1825 441 1886 poralisque
472 1835 650 1881 natura,
682 1842 788 1886 quas
813 1826 951 1871 fecisti
972 1828 1017 1870 in
1042 1829 1256 1887 Sapientia
1285 1838 1380 1883 tua,
1404 1839 1452 1872 ut
1485 1829 1588 1873 inde

193 1897 433 1957 penderent
460 1898 589 1941 etiam
612 1898 814 1942 inchoata
837 1908 880 1941 et
906 1897 1106 1942 informia
1139 1915 1327 1958 quaeque
1354 1900 1400 1942 in
1430 1914 1587 1957 genere

195 1983 274 2012 suo
288 2002 298 2021 ,
318 1966 387 2011 vel
402 1966 583 2026 spiritali
599 1967 668 2010 vel
682 1967 919 2026 corporali,
937 1969 1082 2012 euntia
1097 1969 1143 2012 in
1156 1969 1559 2014 immoderationem
1573 2005 1584 2025 ,

193 2047 236 2081 et
251 2038 295 2080 in
314 2036 597 2096 longinquam
617 2037 1012 2082 dissimilitudinem
1031 2048 1148 2082 tuam
1163 2074 1174 2094 ,
1191 2039 1380 2098 spiritale
1398 2039 1586 2084 informe

194 2109 489 2168 praestantius,
516 2123 647 2168 quam
680 2109 714 2152 si
743 2108 979 2153 formatum
1013 2126 1169 2169 corpus
1204 2121 1336 2168 esset,
1361 2112 1585 2170 corporale

196 2188 339 2223 autem
357 2178 544 2222 informe
566 2180 865 2237 praestantius,
896 2195 1027 2239 quam
1056 2180 1089 2223 si
1113 2181 1292 2225 omnino
1319 2180 1427 2224 nihil
1445 2191 1584 2226 esset:

195 2258 325 2309 atque
347 2250 404 2292 ita
423 2248 702 2307 penderent
692 2265 737 2292 1n
759 2259 835 2293 tuo
862 2250 997 2294 verbo
1018 2250 1250 2304 informia,
1277 2251 1356 2295 nisi
1375 2266 1451 2310 per
1471 2251 1586 2296 idem

195 2319 378 2361 verbum
397 2328 700 2363 revocarentur
715 2319 769 2363 ad
784 2321 993 2364 unitatem
1006 2330 1143 2374 tuam,
1158 2330 1201 2364 et
1216 2320 1524 2376 formarentur,
1542 2331 1617 2365 et
1607 2326 1628 2345 ’
1632 2312 1661 2333 s

198 2397 339 2432 essent
365 2388 417 2431 ab
437 2404 526 2433 uno
548 2398 590 2433 te
619 2404 789 2433 summo
813 2390 930 2434 bono
957 2391 1155 2434 universa
1171 2391 1286 2435 bona
1308 2357 1585 2444 valde.Qi1id

198 2468 239 2502 te
254 2467 580 2516 promeruerant
593 2468 644 2502 ut
658 2469 797 2504 essent
815 2460 965 2504 saltem
983 2459 1184 2505 informia
1196 2496 1207 2515 ,
1225 2476 1324 2520 quae
1340 2476 1482 2520 neque
1498 2462 1583 2506 hoc

198 2538 338 2573 essent
353 2563 364 2583 ,
389 2529 470 2573 nisi
488 2544 537 2572 ex
562 2531 631 2573 te?
