1871 3162
577 191 924 230 coursssstonuu‚
959 193 1042 220 Lm.
1076 192 1152 221 x11.
1464 185 1548 224 327

176 257 352 316 gitatio,
384 265 568 303 conetur
587 270 682 301 eam
711 255 781 301 vel
811 269 936 300 nosse
966 255 1239 314 ignorando,
1269 259 1338 303 vel
1359 259 1557 317 ignorare

176 326 411 372 noscendo.

177 505 1554 525 mmmmmmmmmmmmwm

703 637 921 685 CAPUT
965 640 1052 685 Vl.

246 792 380 855 Quid
403 793 517 839 olim
541 809 648 838 cum
672 791 965 838 Mam'choeis
989 795 1190 839 senserit
1214 793 1273 839 de
1302 797 1506 840 materia

605 865 822 925 informi,
855 862 974 922 quid
991 864 1145 909 modo.

235 1037 309 1078 VI.
336 1036 430 1079 Eoo
448 1049 551 1078 vero
565 1068 576 1089 ς
601 1034 805 1089 Domine,
827 1035 861 1078 si
883 1043 1026 1079 totum
1043 1035 1250 1080 confitear
1270 1034 1350 1078 tibi
1372 1049 1446 1079 ore
1465 1050 1563 1080 meo

174 1114 216 1149 et
244 1104 410 1148 calamo
444 1119 542 1148 meo
564 1139 574 1159 ,
605 1103 821 1163 quidquid
854 1103 908 1147 de
938 1104 1018 1148 ista
1038 1105 1216 1148 materia
1245 1103 1431 1149 docuisti
1465 1120 1560 1161 me,

174 1176 301 1234 cujus
325 1183 450 1217 antea
470 1189 629 1217 nomen
652 1174 830 1216 audiens
848 1182 891 1216 et
912 1188 1000 1217 non
1018 1172 1262 1231 intelligens
1285 1175 1562 1219 narrantibus

172 1244 280 1287 mihi
297 1244 354 1287 eis
376 1244 451 1303 qui
470 1258 558 1287 non
576 1242 890 1301 intelligerent,
921 1258 1016 1287 eam
1043 1259 1144 1288 cum
1172 1244 1397 1303 speciebus
1426 1245 1561 1290 innu-

172 1315 301 1359 meris
318 1324 361 1358 et
382 1315 506 1358 variis
544 1314 814 1372 cogitabam,
839 1323 882 1358 et
903 1313 1002 1358 ideo
1034 1331 1123 1359 non
1154 1331 1249 1359 eam
1287 1317 1559 1376 cogitabam,

172 1385 312 1429 foedas
330 1395 373 1429 et
393 1384 624 1429 horribiles
648 1384 808 1429 formas
830 1385 1091 1444 perturbatis
1113 1385 1339 1430 ordinibus
1355 1378 1559 1433 rolvebat

172 1457 339 1500 animus
355 1490 365 1510 ,
401 1456 476 1499 sed
493 1454 653 1499 formas
678 1464 848 1512 tamen,
872 1465 915 1499 et
935 1455 1123 1500 informe
1147 1456 1420 1515 appellabam
1438 1493 1448 1513 ,
1472 1474 1562 1503 non

172 1527 293 1587 quod
315 1536 480 1571 careret
503 1525 642 1570 forma
658 1561 668 1581 ,
690 1525 764 1569 sed
782 1525 900 1586 quod
916 1526 1048 1570 talem
1065 1527 1248 1571 haberet
1263 1561 1274 1582 ,
1299 1536 1348 1571 ut
1370 1528 1402 1571 si
1426 1543 1563 1588 appa·-

172 1606 288 1641 reret
302 1632 313 1653 ‚
334 1596 558 1642 insolitum
575 1605 617 1641 et
638 1597 931 1655 incongruum
950 1605 1216 1641 aversaretur
1237 1612 1386 1642 sensus
1409 1613 1531 1643 meus
1547 1634 1558 1655 ,

171 1676 214 1711 et
236 1667 576 1712 conturbaretur
607 1668 837 1725 infirmitas
871 1666 1074 1711 hominis.
1099 1668 1263 1711 Verum
1286 1677 1431 1712 autem
1456 1668 1567 1713 illud

174 1739 293 1800 quod
315 1738 559 1797 cogitabam
578 1773 588 1793 ,
608 1754 696 1782 non
720 1739 963 1798 privatione
985 1739 1125 1782 omnis
1147 1737 1320 1795 formae,
1346 1740 1419 1784 sed
1440 1755 1562 1784 com-

168 1810 395 1870 paratione
425 1808 730 1853 formosiorum
764 1818 854 1853 erat
883 1808 1071 1853 informe
1102 1828 1110 1854 z
1142 1819 1184 1853 et
1218 1809 1429 1854 suadebat
1457 1826 1557 1854 vera

170 1880 301 1935 ratio,
339 1887 388 1922 ut
408 1879 550 1923 omnis
581 1878 735 1923 formae
769 1879 1112 1939 qualescumque
1144 1879 1343 1940 reliquias
1379 1882 1559 1926 omnino

168 1950 466 2003 detraherem,
497 1949 531 1992 si
553 1947 709 1993 vellem
734 1964 908 2007 prorsus
939 1947 1127 1995 informe
1154 1950 1367 2008 cogitare,
1397 1960 1440 1994 et
1467 1967 1557 1995 non
1593 1983 1595 1985 ·

167 2031 378 2080 poteram.
418 2019 558 2064 Citius
591 2019 708 2062 enim
743 2034 833 2063 non
870 2034 960 2063 esse
998 2020 1253 2075 censebam,
1286 2020 1407 2081 quod
1437 2023 1557 2066 omni
1593 2007 1597 2049 Ῐ

167 2092 308 2137 forma
326 2091 591 2151 privaretur,
615 2105 745 2150 quam
775 2091 1019 2149 cogitabam
1037 2090 1246 2150 quiddam
1262 2092 1374 2135 inter
1397 2091 1557 2137 forma-

170 2173 263 2207 tum
296 2171 339 2206 et
370 2161 505 2217 nihil,
540 2176 619 2205 nec
652 2160 889 2205 formatum
919 2176 999 2205 nec
1032 2161 1167 2217 nihil,
1202 2161 1390 2207 informe
1418 2179 1554 2223 prope

169 2233 293 2278 nihil.
334 2236 391 2277 Et
427 2233 607 2278 cessavit
645 2247 765 2276 mens
795 2247 890 2276 mea
928 2233 1194 2292 interrogare
1223 2234 1325 2278 hinc
1359 2235 1558 2294 spiritum

170 2319 314 2350 meum
338 2305 519 2364 plenum
538 2303 800 2362 imaginibus
824 2303 1112 2349 formatorum
1137 2320 1369 2365 corporum
1386 2340 1397 2360 ,
1422 2315 1465 2350 et
1485 2321 1556 2351 eas

171 2392 250 2436 pro
284 2375 461 2420 arbitrio
495 2383 738 2419 mutantem
759 2410 769 2429 ,
796 2383 930 2435 atque
959 2376 1223 2433 variantem,
1255 2384 1297 2419 et
1325 2375 1494 2421 intendi
1514 2377 1560 2421 in

171 2447 261 2505 ipsa
279 2461 459 2505 corpora
475 2481 485 2500 ,
503 2461 743 2505 eorumque
766 2444 1101 2490 mutabilitatem
1119 2446 1246 2490 altius
1261 2447 1446 2506 inspexi,
1467 2463 1552 2507 qua

175 2516 377 2560 desinunt
401 2531 489 2560 esse
527 2515 646 2575 quod
672 2515 844 2560 fuerant
861 2552 873 2570 ,
899 2525 940 2559 et
963 2517 1175 2575 incipiunt
1207 2532 1295 2560 esse
1321 2519 1438 2576 quod
1467 2533 1554 2561 non
