1871 3162
604 231 948 266 CONFEsstONUM,
983 231 1065 256 Lm.
1103 230 1199 257 xm.
1488 217 1569 256 405)

197 305 377 349 affectus
418 301 637 347 ordinatos
673 301 953 346 continentiae
985 301 1131 359 vigore
1172 300 1380 343 formasti.
1428 303 1570 358 Atque

196 373 298 418 inde
315 373 394 418 tibi
408 372 485 417 soli
502 382 689 416 mentem
711 370 926 416 subditam
940 407 951 424 ,
972 379 1014 415 et
1030 369 1191 415 nullius
1207 370 1471 413 auctoritatis
1485 371 1572 413 hu-

195 460 335 489 manae
353 444 407 488 ad
428 444 685 487 imitandum
711 442 976 501 indigentem
994 477 1004 496 ,
1031 441 1243 485 renovasti
1270 439 1324 484 ad
1341 440 1573 498 imaginem

196 524 238 558 et
260 513 584 558 similitudinem
607 522 753 570 tuam3
775 513 1083 572 praestantique
1113 511 1353 555 intellectui
1387 511 1571 553 rationa-

196 583 326 628 bilem
350 584 564 627 actionem
585 593 791 643 tanquam
808 583 901 626 viro
924 581 1148 625 foeminam
1168 580 1419 634 subdidisti,
1440 580 1575 624 omni·

196 653 366 713 busque
394 654 477 697 tuis
498 653 744 697 ministeriis
762 651 816 696 ad
834 651 1119 711 perficiendos
1145 650 1295 695 fideles
1312 651 1355 694 in
1383 651 1463 694 hac
1489 650 1575 692 vita

195 723 463 779 necessariis,
488 724 543 768 ab
562 723 723 767 eisdem
742 721 943 766 fidelibus
964 720 1019 766 ad
1036 737 1140 766 usus
1155 719 1433 781 temporales,
1459 719 1577 763 fruc-

195 804 318 839 tuosa
335 794 382 838 in
412 794 611 839 futurum
644 809 774 854 opera
797 793 983 853 praeberi
1005 791 1194 838 voluisti.
1223 795 1325 836 Haec
1348 791 1491 836 omnia
1513 790 1577 833 vi-

195 866 348 910 demus
361 900 372 920 ,
393 874 436 909 et
452 865 566 910 bona
581 874 682 909 sunt
703 863 832 909 valde
846 898 857 916 ‚
877 864 1086 924 quoniam
1103 872 1152 908 tu
1166 879 1215 907 ea
1228 862 1346 907 vides
1368 863 1413 905 in
1433 861 1573 914 nobis,

195 937 272 996 qui
295 936 502 996 Spiritum
522 951 611 995 quo
632 950 682 980 ea
703 933 948 979 videremus
971 942 1014 978 et
1034 934 1081 979 in
1101 934 1160 979 eis
1183 943 1225 978 te
1242 947 1483 978 amaremus
1500 932 1577 975 de-

195 1005 296 1051 disti
314 1006 453 1051 nobis.

194 1172 1567 1192 mmmmmmmmmmmmmmmmmmm

651 1320 868 1370 CAPUT
897 1322 1100 1368 XXXV.

710 1485 860 1545 Optat
875 1502 1064 1546 pacem.

257 1663 306 1703 L.
332 1662 508 1704 Domum
533 1660 666 1712 Deus,
692 1672 841 1716 pacem
864 1656 919 1701 da
941 1657 1066 1701 nobis
1086 1692 1097 1712 ‚
1133 1658 1277 1702 omnia
1298 1658 1412 1703 enim
1442 1674 1570 1718 praes«

198 1730 317 1774 titisti
339 1729 487 1784 nobis,
514 1743 662 1788 pacem
687 1728 844 1787 quietis
861 1763 872 1782 ‚
897 1743 1045 1787 pacem
1068 1728 1258 1784 sabbati,
1290 1729 1459 1773 sabbati
1485 1729 1575 1773 siue

199 1816 387 1860 vespera.
406 1800 556 1844 Omnis
574 1798 736 1859 quippe
752 1798 829 1842 iste
842 1797 948 1842 ordo
965 1796 1280 1857 pulcherrimus
1294 1815 1437 1843 rerum
1452 1800 1575 1843 valde

200 1871 412 1915 bonarum
451 1869 591 1914 modis
634 1868 720 1912 suis
761 1868 942 1927 peractis
973 1868 1231 1914 transiturus
1253 1879 1340 1926 est,
1367 1879 1409 1914 et
1450 1885 1574 1913 mane

199 1942 361 2002 quippe
380 1942 424 1985 in
442 1941 500 1985 eis
521 1939 685 1985 factum
707 1948 770 1984 est
785 1974 795 1994 ‚
816 1949 858 1984 et
881 1955 1070 1999 vespera.
