1871 3162
261 192 344 229 516
688 202 720 230 s.
760 204 986 232 nucusrmr
1017 204 1195 232 zrtscopi

253 268 446 311 dioribus
460 266 714 313 auferuntur
733 272 750 313 Ρ
778 271 886 323 Quae
908 271 941 313 si
962 270 1091 314 etiam
1112 285 1189 330 per
1211 279 1346 315 totam
1369 271 1499 314 vitam
1522 285 1626 315 cum

251 337 426 381 homine
447 348 762 397 permanerent,
788 347 830 382 et
846 354 934 383 non
951 338 1196 384 desererent
1213 339 1463 384 dilectorem
1476 355 1621 395 suum,

250 407 340 465 ipse
361 405 453 450 illas
470 423 545 451 sua
562 417 700 452 morte
718 407 944 452 desereret.
967 412 1135 460 Quanta
1152 418 1214 453 est
1235 409 1350 453 enim
1372 409 1460 453 vita
1482 409 1628 453 homi-

252 475 316 518 nis
334 510 345 529 ,
386 476 553 520 etiamsi
583 478 799 520 senescat?
822 480 910 520 Aut
937 491 1037 520 cum
1065 478 1147 521 sibi
1174 479 1370 522 homines
1391 487 1545 537 optant
1564 493 1632 522 se-

250 554 497 600 nectutem,
529 546 634 604 quid
665 546 782 588 aliud
804 555 957 604 optant
989 546 1067 590 nisi
1097 546 1273 605 longam
1305 547 1633 591 infirmitatem?

255 614 322 659 Sic
340 624 381 658 et
404 615 587 658 honores
606 615 678 673 huj
687 631 733 658 us
748 615 909 671 saeculi,
930 615 1036 675 quid
1060 625 1162 660 sunt
1174 616 1255 660 nisi
1270 617 1454 675 typlmS,
1480 626 1523 662 et
1538 617 1634 660 ina-

253 685 385 739 nitas,
411 693 453 727 et
477 684 613 727 ruinae
636 685 909 743 periculum?
932 686 1042 739 Quia
1063 686 1121 731 sic
1147 687 1367 745 Scriptura
1390 696 1538 731 sancta
1565 687 1636 730 di-

252 755 310 797 cit
329 773 337 798 :
360 773 378 794 «
398 755 548 797 Omnis
567 770 667 798 caro
683 753 870 811 foenum,
892 765 934 799 et
949 756 1118 800 claritas
1138 757 1326 800 hominis
1343 765 1393 800 ut
1410 757 1491 801 flos
1508 755 1634 800 foeni.

258 842 276 864 »
312 826 502 868 Foenum
545 825 657 868 aruit
672 859 682 879 ,
728 824 806 869 flos
845 824 1007 870 decidit
1030 843 1042 870 .·
1069 827 1254 871 verbum
1285 836 1431 871 autem
1466 826 1638 871 Domini

262 913 281 934 n
317 904 464 938 manet
477 894 522 938 in
539 899 792 939 aeternum¹.
815 914 835 937 »
853 896 958 940 Ideo
971 897 1201 956 quiveram
1220 897 1412 956 requiem
1431 906 1473 941 et
1491 911 1638 941 veram

259 963 506 1008 felicitatem
532 964 747 1008 desiderat
765 1000 775 1019 ,
812 966 945 1010 debet
976 965 1127 1010 tollere
1148 981 1268 1025 spem
1292 981 1412 1009 suam
1435 966 1489 1009 de
1509 966 1638 1009 rebus

258 1033 509 1079 mortalibus
533 1043 576 1078 et
602 1035 964 1093 praetereuntibus
981 1070 991 1089 ,
1024 1045 1067 1079 et
1092 1051 1184 1079 eam
1203 1035 1417 1080 collocare
1443 1036 1488 1079 in
1508 1035 1641 1079 verbo

259 1104 455 1159 Domini,
479 1113 529 1148 ut
542 1105 711 1149 haerens
733 1105 771 1148 ei
784 1104 904 1164 quod
917 1115 1063 1149 manet
1079 1105 1124 1149 in
1138 1115 1351 1150 aeternum
1367 1140 1378 1160 ,
1405 1106 1536 1149 etiam
1553 1105 1643 1164 ipse

258 1189 358 1218 cum
380 1174 454 1219 illo
477 1184 650 1219 maneat
676 1175 722 1219 in
743 1184 970 1219 aeternum.

317 1246 457 1289 XXV.
482 1247 592 1290 Sunt
609 1246 738 1289 etiam
752 1246 948 1290 homines
962 1246 1037 1305 qui
1053 1261 1134 1290 nec
1148 1245 1303 1290 divites
1317 1253 1522 1306 quaerunt
1536 1259 1642 1299 esse,

262 1329 341 1358 nec
364 1313 419 1358 ad
441 1329 572 1359 vanas
605 1312 824 1360 honorum
847 1330 1026 1375 pompas
1060 1315 1261 1360 ambiunt
1282 1315 1508 1375 pervenire
1535 1329 1545 1356 :
1571 1313 1646 1358 sed

262 1384 449 1442 gaudere
469 1394 512 1430 et
534 1387 801 1446 requiescere
821 1386 976 1430 volunt
997 1386 1043 1430 in
1063 1387 1234 1446 popinis
1257 1396 1300 1430 et
1328 1387 1374 1430 in
1394 1384 1648 1430 fornicatio-

261 1455 415 1509 nibus,
443 1464 486 1499 et
506 1455 551 1499 in
575 1456 750 1499 theatris
773 1465 904 1515 atque
926 1455 1182 1514 spectaculis
1204 1455 1462 1513 nugacitatis
1484 1469 1583 1513 quae
1601 1454 1647 1498 in

263 1526 430 1585 magnis
459 1526 706 1570 civitatibus
731 1527 860 1584 gratis
890 1527 1070 1569 habent.
1107 1525 1191 1570 Sed
1218 1526 1278 1570 sic
1301 1526 1430 1568 etiam
1456 1525 1537 1583 ipsi
1575 1533 1650 1569 aut

264 1605 528 1641 consumunt
550 1610 627 1654 per
649 1595 863 1639 luxuriam
887 1603 1187 1654 paupertatem
1213 1610 1335 1638 suam
1352 1629 1363 1648 ,
1389 1604 1432 1638 et
1454 1594 1510 1638 ab
1531 1609 1650 1652 eges-

267 1673 356 1709 tate
370 1673 517 1723 postea
545 1664 590 1706 in
610 1664 726 1708 furta
745 1673 787 1708 et
814 1664 1093 1718 effracturas,
1125 1672 1167 1706 et
1191 1662 1428 1723 aliquando
1450 1664 1580 1707 etiam
1606 1664 1651 1708 in

268 1734 493 1778 latrocinia
518 1732 765 1791 prosiliunt,
787 1742 830 1776 et
849 1733 994 1777 subito
1017 1732 1162 1777 multis
1179 1742 1222 1777 et
1240 1734 1406 1792 magnis
1421 1732 1652 1778 timoribus

268 1803 530 1862 implentur3
562 1813 604 1846 et
627 1804 703 1863 qui
724 1804 769 1846 in
803 1803 963 1863 popina
985 1803 1116 1861 paulo
1146 1813 1245 1847 ante
1280 1803 1536 1857 cantabant,
1561 1804 1650 1862 jam

272 1874 472 1932 planctus
495 1873 672 1916 carceris
696 1873 926 1916 somniant.
960 1871 1120 1917 Studiis
1134 1881 1279 1916 autem
1304 1871 1648 1931 spectaculorum

271 1943 383 1985 fiunt
404 1941 677 1985 daemonibus
694 1941 850 1985 similes
868 1976 879 1996 ,
915 1941 1178 1985 clamoribus
1205 1941 1292 1985 suis
1324 1940 1544 1985 incitando
1566 1941 1652 1985 ho—

271 2013 431 2065 mines,
453 2021 501 2055 ut
523 2012 767 2055 seinvicem
788 2011 958 2056 caedant
975 2046 985 2065 ,
1006 2026 1241 2070 secumque
1259 2012 1449 2055 habeant
1471 2020 1653 2055 conten-

270 2084 377 2126 tiosa
399 2083 630 2125 certamina
654 2082 729 2141 qui
752 2097 795 2125 se
816 2098 904 2126 non
923 2082 1128 2126 laeserunt
1145 2116 1156 2136 ,
1182 2080 1288 2125 dum
1311 2081 1480 2140 placere
1501 2081 1651 2124 insano

272 2151 434 2211 populo
457 2152 641 2210 cupiunt
661 2172 671 2207 3
696 2167 804 2211 quos
827 2153 860 2195 si
882 2149 1265 2195 animadverterint
1285 2165 1375 2193 esse
1396 2148 1647 2204 concordes,

272 2233 378 2267 tunc
400 2237 471 2266 eos
489 2222 676 2265 oderunt
698 2231 740 2265 et
758 2230 1102 2280 persequuntur,
1129 2229 1170 2263 et
1188 2228 1396 2278 tanquam
1416 2217 1650 2262 collusores

272 2303 318 2336 ut
345 2291 531 2336 fustibus
553 2291 837 2334 verberentur
860 2289 1131 2344 exclamant,
1162 2298 1205 2332 et
1230 2289 1343 2332 hanc
1376 2288 1650 2347 iniquitatem

274 2360 411 2405 facere
445 2360 573 2404 etiam
607 2359 821 2403 vindicem
856 2359 1134 2419 iniquitatum
1169 2357 1361 2418 judicem
1396 2366 1581 2415 cogunt3
1617 2357 1650 2401 si

272 2439 415 2475 autem
450 2429 688 2475 horrendas
718 2429 919 2474 adversus
940 2428 1124 2474 invicem
1157 2427 1399 2472 inimicitias
1433 2441 1505 2473 eos
1526 2441 1649 2471 exer-

322 2522 328 2535 ¹
349 2515 407 2544 ¹²5¹?
443 2525 473 2544 xv
513 2514 532 2541 G
548 2519 578 2543 el*
594 2514 612 2545 S
