1871 3162
604 275 952 311 covaEssroNUM,
987 275 1069 300 ΜΒ.
1105 275 1166 300 1x.
1490 268 1567 304 211

193 347 425 397 praetereo,
450 338 550 396 quia
568 337 758 381 multum
780 337 950 382 festino.
974 337 1134 396 Accipe
1150 337 1440 381 confessiones
1461 353 1573 383 meas

192 416 236 451 et
254 408 485 466 gratiarum
499 408 702 461 actiones,
721 410 834 451 Deus
849 422 969 452 meus
981 442 992 462 ,
1014 407 1069 451 de
1091 407 1218 451 rebus
1240 407 1570 451 innumerabili—

192 478 274 521 bus
293 477 421 521 etiam
443 478 488 520 in
522 477 705 521 silentio.
731 476 814 522 Sed
849 494 936 522 non
959 478 1191 537 praeteribo
1214 476 1433 537 quidquid
1466 479 1573 521 mihi

193 548 334 591 anima
357 548 540 606 parturit
558 546 612 590 de
628 546 702 591 illa
725 545 887 590 famula
910 556 981 591 tua
998 582 1009 601 ,
1034 563 1133 607 quae
1155 563 1224 590 me
1251 548 1510 606 parturivit,
1533 557 1576 591 et

192 632 321 661 carue
343 624 392 659 ut
408 617 451 659 in
473 617 585 660 hanc
607 616 891 675 temporalem
904 652 919 672 ,
936 626 978 660 et
995 618 1126 661 corde
1146 626 1195 660 ut
1217 617 1261 660 in
1282 626 1489 661 aeternam
1506 617 1579 660 lu-

192 702 285 731 cem
304 702 515 730 nascerer.
541 689 638 731 Non
655 688 763 746 ejus,
783 687 857 730 sed
879 696 954 730 tua
975 686 1118 731 dicam
1137 686 1253 730 dona
1275 688 1317 730 in
1339 703 1409 741 ea,
1436 703 1579 746 neque

192 758 308 802 enim
325 773 369 811 se
386 758 518 817 ipsam
540 757 700 801 fecerat
717 767 793 801 aut
814 758 1072 802 educaverat
1091 774 1135 802 se
1156 759 1308 817 ipsam.
1337 761 1402 801 Tu
1425 759 1578 803 creasti

192 843 310 882 cam,
336 843 416 871 nec
431 837 553 887 pater
574 843 653 871 nec
675 836 813 871 mater
833 828 995 872 sciebat
1023 828 1162 888 qualis
1185 844 1237 872 ex
1263 829 1322 872 eis
1345 829 1482 872 fieret.
1520 831 1578 872 Et

192 899 379 943 erudivit
401 914 495 942 eam
514 899 560 942 in
575 899 729 943 timore
746 908 823 942 tuo
841 900 959 958 virga
977 900 1136 944 Christi
1154 900 1232 953 tui,
1253 899 1445 958 regimen
1462 899 1578 944 unici

192 966 289 1012 Filii
312 969 376 1012 tui
396 969 442 1012 in
463 969 595 1013 domo
617 969 744 1023 fidei,
775 969 892 1013 bono
913 970 1110 1013 membro
1133 969 1337 1013 Ecclesiae
1362 979 1464 1013 tuae.
1490 972 1579 1014 Nec

191 1048 354 1082 tantam
376 1054 473 1096 erga
496 1055 616 1083 suam
654 1039 925 1098 disciplinam
955 1039 1221 1097 diligentiam
1251 1039 1400 1083 matris
1422 1039 1583 1098 praedi-

191 1110 339 1164 cahat,
360 1119 567 1170 quantam
584 1109 759 1154 famulae
783 1109 1006 1170 cujusdam
1026 1112 1273 1169 decrepitae,
1296 1126 1394 1170 quae
1414 1121 1579 1169 patrem

191 1181 282 1239 ejus
319 1180 531 1224 infantem
570 1190 841 1238 portaverat,
874 1182 985 1224 sicut
1018 1182 1146 1225 dorso
1174 1181 1577 1240 grandiuscularum

191 1249 435 1308 puellarum
454 1249 622 1308 parvuli
640 1251 801 1308 portari
822 1250 977 1294 solent.
997 1252 1133 1310 Cujus
1151 1252 1210 1294 rei
1228 1252 1362 1310 gratia
1385 1261 1427 1295 et
1446 1267 1579 1311 prop-

189 1329 256 1363 ter
273 1329 489 1364 senectam
507 1335 555 1363 ac
582 1335 723 1363 mores
745 1321 929 1378 optimos
940 1321 990 1364 -in
1014 1321 1146 1365 domo
1168 1321 1411 1366 Christiana
1435 1323 1535 1366 satis
1557 1339 1580 1366 a

191 1389 378 1434 dominis
409 1391 721 1434 honorabatur.
759 1392 885 1435 Unde
918 1392 1046 1435 etiam
1078 1408 1227 1436 curam
1261 1392 1580 1437 dominicarum

190 1460 378 1504 filiarum
402 1461 673 1504 commissam
694 1461 775 1504 sibi
798 1461 1025 1519 diligenter
1049 1463 1252 1520 gerebat,
1277 1472 1320 1506 et
1343 1473 1434 1506 erat
1455 1464 1498 1507 in
1523 1465 1581 1507 eis

191 1530 440 1575 coercendis
455 1566 466 1584 ,
487 1546 589 1574 cum
612 1546 719 1589 opus
740 1540 875 1585 esset,
901 1541 1049 1575 sancta
1071 1533 1296 1576 severitate
1318 1534 1550 1577 vehemens
1567 1570 1578 1588 ,

192 1611 323 1661 atque
339 1602 384 1645 in
407 1600 613 1645 docendis
643 1602 784 1646 sobria
812 1602 1054 1659 prudentia.
1087 1606 1196 1648 Nam
1219 1620 1287 1648 eas
1313 1615 1467 1664 praeter
1485 1607 1578 1650 illas

190 1672 318 1715 horas
351 1671 510 1731 quibus
541 1671 595 1715 ad
629 1686 820 1715 mensam
854 1683 1084 1731 parentum
1111 1673 1452 1719 moderatissime
1488 1676 1579 1719 ale-

192 1743 369 1796 bantur,
390 1743 554 1785 etiamsi
577 1743 905 1787 exardescerent
933 1745 1027 1799 siti,
1064 1761 1141 1789 nec
1165 1762 1319 1805 aquam
1347 1747 1494 1789 bibere
1522 1749 1578 1790 si·-

191 1813 324 1856 nebat
344 1847 355 1866 ,
382 1825 626 1871 praecavens
642 1812 1002 1856 consuetudinem
1024 1815 1182 1857 malam
1201 1849 1211 1868 ,
1238 1823 1281 1857 et
1301 1814 1464 1860 addens
1486 1833 1579 1860 verr

192 1883 298 1926 bum
334 1898 503 1926 sanum.
546 1901 566 1922 «
595 1882 728 1926 Modo
755 1898 913 1942 aquam
947 1884 1116 1938 bibitis,
1153 1886 1254 1944 quia
1287 1886 1333 1929 in
1365 1897 1578 1946 potestate

195 1971 215 1993 »
250 1953 400 1995 vinum
425 1968 513 1995 non
535 1952 726 2009 habetis3
749 1968 847 1995 cum
880 1962 1024 1996 autem
1058 1953 1112 1997 ad
1146 1955 1322 1999 maritos
1343 1958 1546 2002 veneritis
1564 1994 1575 2011 ,

195 2040 215 2063 »
250 2022 375 2065 factae
395 2021 584 2065 dominae
613 2022 922 2079 apothecarum
952 2032 994 2066 et
1015 2023 1311 2079 cellariorum,
1343 2042 1455 2086 aqua
1483 2043 1578 2072 sor-

196 2111 216 2133 »
250 2092 398 2144 debit,
419 2091 494 2136 sed
514 2107 606 2135 mos
628 2091 806 2149 potandi
830 2092 1096 2150 praevalebit.
1122 2112 1142 2134 »
1169 2098 1260 2139 Hac
1280 2097 1446 2141 ratione
1464 2114 1578 2157 prae-

191 2162 379 2222 cipiendi
398 2174 439 2206 et
466 2162 981 2221 auctoritateimperandi
1008 2163 1208 2209 frenabat
1235 2165 1484 2212 aviditatem
1514 2178 1582 2212 te-

193 2232 371 2276 nerioris
404 2232 566 2286 aetatis,
598 2241 640 2275 et
671 2232 808 2290 ipsam
844 2232 1086 2292 puellarum
1124 2235 1239 2279 sitim
1278 2236 1496 2281 formabat
1525 2238 1581 2283 ad

193 2303 426 2346 honestum
452 2302 630 2346 modum
646 2338 657 2357 ,
680 2312 728 2346 ut
754 2304 843 2362 jam
867 2319 946 2347 nec
963 2303 1120 2349 liberet
1145 2305 1266 2365 quod
1284 2322 1373 2350 non
1390 2307 1578 2353 deceret.

252 2375 417 2417 XVIII.
444 2376 499 2417 Et
520 2382 785 2432 surrepserat
821 2383 993 2428 tamen,
1025 2375 1137 2419 sicut
1164 2376 1269 2419 mihi
1290 2376 1381 2420 filio
1417 2378 1581 2424 famula

196 2453 270 2488 tua
288 2443 506 2498 narrabat,
529 2453 793 2503 surrepserat
810 2444 847 2487 ei
867 2444 1118 2490 vinolentia.
1139 2447 1251 2490 Nam
1269 2462 1369 2491 cum
1387 2447 1442 2492 de
1462 2464 1583 2494 more

198 2523 405 2573 tanquam
430 2513 573 2573 puella
593 2514 734 2557 sobria
759 2512 989 2572 juberetur
1011 2531 1035 2558 a
1070 2515 1324 2573 parentibus
1358 2518 1413 2560 de
1442 2534 1584 2578 cuppa

198 2585 350 2628 vinum
377 2582 630 2642 depromere
649 2618 659 2638 ,
693 2584 904 2628 submisso
934 2584 1091 2642 poculo
1120 2601 1205 2643 qua
1232 2586 1418 2645 desuper
1440 2598 1580 2646 patet,

1313 2661 1327 2695 1
1345 2660 1360 2695 ἰ
