1871 3162
606 230 954 267 counrssronmm,
990 230 1073 256 Lm.
1109 230 1189 255 ΧΠ.
1489 216 1571 256 343

191 299 391 343 distincta
408 332 419 353 ‚
444 311 543 356 quae
564 311 683 341 nunc
707 298 797 357 jam
820 294 987 354 digesta
1008 294 1094 338 suis
1117 293 1342 338 ordinibus
1363 303 1572 338 vocantur

190 367 353 412 coelum
374 377 417 412 et
438 376 552 411 terra
571 386 584 424 3
608 365 684 411 illa
705 365 925 426 spiritalis,
949 365 1044 410 haec
1064 362 1297 424 corporalis
1318 372 1529 408 creatura.

187 534 611 552 mmmmm
617 531 1572 552 WUWWWUMMMMWUMMMMMMMM

655 667 871 716 CAPUT
909 667 1095 716 XVIII.

427 823 548 885 Quis
570 837 707 868 error
740 822 968 868 innoxius
991 822 1037 866 ιή
1061 820 1336 881 Scripturz's.

238 983 423 1029 XXVII.
453 987 620 1039 Qmsscs
653 983 855 1028 omnibus
880 981 1038 1027 auditis
1066 990 1109 1025 et
1140 979 1440 1035 consideratis,
1475 978 1577 1024 nolo

179 1054 321 1098 verbis
344 1055 635 1112 contendere,
656 1053 710 1098 ad
729 1055 836 1098 nihil
853 1054 971 1098 enim
993 1051 1100 1096 utile
1114 1061 1194 1107 est,
1216 1051 1297 1094 nisi
1315 1049 1370 1094 ad
1391 1050 1575 1094 subver-

178 1123 344 1167 sionem
367 1125 642 1169 audientium
660 1127 690 1167 ¹.
726 1124 794 1168 Ad
829 1122 1166 1168 aedificationem
1192 1130 1336 1165 autem
1368 1121 1486 1165 bona
1511 1130 1575 1164 est

178 1192 263 1247 lex,
285 1194 317 1237 si
330 1195 425 1253 quis
436 1210 484 1238 ea
502 1194 693 1252 legitime
708 1203 874 1250 utatur,
889 1192 990 1254 quia
1008 1192 1105 1236 finis
1127 1192 1218 1252 ejus
1236 1199 1299 1235 est
1316 1191 1501 1235 charitas
1518 1189 1573 1235 de

178 1263 309 1308 corde
332 1280 459 1324 puro,
472 1275 514 1309 et
529 1265 793 1310 conscientia
808 1266 939 1319 bona,
952 1273 994 1308 et
1014 1264 1101 1307 fide
1118 1279 1207 1307 non
1220 1263 1318 1306 ficta
1331 1263 1362 1305 ².
1382 1264 1439 1306 Et
1452 1262 1573 1306 novit

176 1334 382 1392 Magister
399 1344 544 1380 noster
565 1338 611 1378 in
629 1334 790 1394 quibus
811 1334 984 1378 duobus
1000 1333 1227 1392 praeceptis
1252 1341 1388 1376 totam
1412 1335 1572 1390 Legem

177 1405 503 1465 Prophetasque
525 1405 843 1464 suspenderit?
861 1407 970 1458 Quae
983 1405 1090 1449 mihi
1106 1403 1307 1448 ardenter
1328 1403 1569 1455 confitenti,

175 1477 290 1518 Deus
302 1490 440 1530 meus,
456 1473 607 1520 lumen
625 1474 853 1520 oculorum
872 1490 1069 1518 meorum
1082 1475 1126 1518 in
1141 1473 1331 1526 occulto,
1344 1471 1452 1533 quid
1464 1473 1570 1516 mihi

175 1545 316 1601 obest,
341 1561 443 1590 cum
469 1546 637 1591 diversa
655 1546 699 1589 in
715 1546 781 1590 'his
805 1545 949 1589 verbis
971 1544 1154 1602 intelligi
1181 1543 1359 1603 possint,
1385 1559 1485 1603 quae
1504 1552 1570 1587 >ta—

175 1630 276 1659 men
292 1631 393 1660 vera
412 1617 512 1670 sint,
534 1616 657 1676 quid,
674 1617 870 1676 inquam,
891 1615 998 1659 mihi
1021 1615 1160 1670 obest,
1187 1615 1219 1658 si
1241 1613 1361 1658 aliud
1374 1629 1454 1673 ego
1469 1629 1569 1658 sen-

173 1700 283 1740 sero,
309 1702 442 1746 quam
466 1687 598 1731 sensit
620 1686 726 1731 alius
751 1701 849 1730 eum
876 1686 1054 1730 sensisse
1082 1685 1158 1744 qui
1181 1684 1382 1743 scripsit?
1409 1685 1569 1728 Omnes

173 1755 353 1816 quidem
377 1758 453 1817 qui
471 1757 676 1817 legimus,
698 1758 880 1801 nitimur
897 1758 980 1801 hoc
995 1757 1201 1813 indagare
1223 1764 1354 1815 atque
1374 1771 1569 1815 compre-

173 1826 380 1882 hendere,
399 1828 520 1888 quod
541 1828 681 1873 voluit
698 1828 771 1872 ille
791 1843 923 1887 quem
938 1827 1135 1886 legimus.
1148 1829 1205 1870 Et
1219 1841 1319 1870 cum
1334 1841 1434 1869 eum
1455 1827 1568 1870 veri-

172 1896 320 1941 dicum
343 1897 574 1953 credimus,
606 1897 714 1942 nihil
745 1898 865 1959 quod
895 1897 1053 1941 falsum
1076 1912 1165 1940 esse
1187 1897 1254 1941 vel
1278 1897 1476 1941 novimus
1499 1897 1564 1942 vel

172 1977 391 2026 putamus,
413 1969 624 2012 audemus
637 1984 737 2012 eum
756 1970 999 2012 existimare
1013 1967 1182 2011 dixisse.
1204 1970 1316 2011 Dum
1332 1983 1435 2026 ergo
1450 1969 1566 2028 quis·

172 2052 259 2096 que
281 2047 465 2081 conatur
486 2037 531 2081 id
552 2038 710 2081 sentire
742 2039 785 2081 in
810 2037 1042 2096 Scripturis
1081 2038 1252 2092 sanctis,
1281 2037 1401 2097 quod
1433 2037 1480 2081 in
1505 2038 1564 2082 eis

171 2106 303 2151 sensit
318 2106 390 2151 ille
407 2107 483 2167 qui
498 2108 683 2166 scripsit,
699 2107 805 2168 quid
820 2107 921 2152 mali
943 2117 1006 2152 est
1019 2109 1052 2152 si
1067 2109 1150 2152 hoc
1167 2109 1339 2162 sentiat,
1357 2098 1477 2169 qood
1494 2118 1559 2164 tu,

170 2176 246 2220 lux
260 2178 456 2222 omnium
475 2178 759 2223 veridicarum
782 2179 1010 2233 mentium,
1045 2179 1235 2224 ostendis
1264 2195 1414 2223 verum
1446 2195 1558 2235 esse,

172 2248 338 2292 etiamsi
352 2249 434 2293 hoc
451 2264 541 2293 non
562 2250 692 2293 sensit
710 2249 781 2293 ille
802 2265 933 2309 quem
954 2249 1076 2310 legit,
1104 2266 1203 2295 cum
1231 2260 1273 2294 et
1294 2249 1367 2294 ille
1388 2265 1557 2308 verum,
1619 2270 1647 2294 t„
1679 2251 1683 2253 ’

172 2333 250 2362 nec
273 2327 419 2362 tamen
434 2320 517 2364 hoc
539 2320 746 2364 senserit?

219 2431 226 2446 ¹
249 2435 267 2456 2
286 2425 366 2456 Tim.
387 2437 420 2463 11,
442 2426 492 2462 ῐίι.
515 2443 554 2449 -—
576 2433 589 2449 ²
615 2438 626 2458 1
648 2427 729 2457 Tim.
752 2438 773 2463 ι,
796 2427 826 2461 5,
850 2426 883 2458 8.
901 2443 941 2449 -
964 2426 976 2449 3
998 2426 1292 2466 Matth.xx1r,4o.
