1871 3162
207 214 289 253 342
645 229 677 253 s.
713 226 945 256 AUGUsTIM
977 227 1158 255 Enscom

207 306 296 335 non
319 291 657 350 incongruenter
681 290 912 335 informem
934 291 1058 336 istam
1084 290 1309 335 materiam
1336 288 1584 348 intelligen-

214 360 314 405 dam
331 376 419 405 esse
436 362 729 406 consentiunt.

250 433 390 475 XXV.
410 431 525 485 Quid
541 432 575 475 si
587 431 703 476 dicat
719 431 844 486 alius,
855 430 1051 475 eamdem
1065 430 1362 486 infornjtatem
1371 428 1585 474 confusio·

209 517 399 562 nemque
412 501 622 557 materiae,
647 501 747 546 coeli
770 511 812 545 et
833 511 959 545 terrae
977 502 1151 546 nomine
1168 503 1287 561 prius
1307 501 1584 553 insinuatam,

215 573 333 633 quod
352 588 401 615 ex
419 587 467 615 ea
490 572 680 616 mundus
692 573 769 615 iste
786 571 962 615 visibilis
975 587 1075 616 cum
1098 572 1300 616 omnibus
1314 571 1478 615 naturis
1490 585 1590 629 quae

219 643 265 686 in
274 658 324 686 eo
333 640 675 686 manifestissime
689 652 913 702 apparent,
934 643 1009 702 qui
1025 642 1124 687 coeli
1136 651 1311 686 etterrae
1321 641 1497 686 nomine
1509 656 1590 684 sae-

218 727 273 771 pe
292 712 500 771 appellari
514 711 637 766 solet,
651 713 851 756 conditus
867 722 997 773 atque
1012 711 1229 772 perfectus
1247 714 1333 755 est?
1345 711 1462 765 Quid
1474 710 1508 755 si
1523 710 1591 754 di-

218 792 287 826 cat
325 791 367 826 et
401 782 523 837 alius,
550 781 711 826 coelum
737 791 780 826 et
796 791 955 826 terram
971 782 1150 843 quidem
1165 781 1425 826 invisibilem
1442 780 1592 825 visibi-

215 853 391 914 lemque
413 862 614 897 naturam
643 868 733 897 non
753 852 1004 897 indecenter
1039 853 1321 913 appellatam3
1347 867 1394 896 ac
1418 867 1490 909 per
1513 852 1594 896 hoc

215 925 459 969 universam
483 933 742 979 creaturam,
771 939 903 983 quam
920 922 1080 968 fecitin
1101 924 1317 983 Sapientia
1334 957 1345 977 ,
1370 922 1416 966 id
1444 932 1522 977 est,
1549 922 1596 965 in

214 994 449 1053 Principio,
465 997 594 1048 Deus,
620 995 923 1054 hujuscemodi
945 993 1116 1038 duobus
1138 992 1360 1037 vocabulis
1375 1007 1463 1036 esse
1478 1007 1598 1036 com—

217 1066 498 1125 prehensanr,
518 1075 820 1109 verumtamen
834 1066 937 1125 quia
954 1081 1045 1110 non
1066 1065 1120 1109 de
1138 1066 1228 1124 ipsa
1247 1063 1486 1108 substantia
1503 1063 1596 1117 Dei,

219 1135 295 1180 sed
323 1151 374 1179 ex
408 1135 545 1180 nihilo
573 1144 729 1180 cuncta
759 1135 874 1179 facta
893 1145 1015 1190 sunt,
1037 1135 1139 1195 quia
1161 1150 1250 1178 non
1287 1142 1388 1177 sunt
1409 1133 1596 1192 idipsum

218 1206 339 1266 quod
362 1209 477 1250 Deus
492 1241 503 1261 ,
538 1215 581 1250 et
601 1207 714 1250 inest
735 1205 938 1266 quaedam
961 1204 1228 1250 mutabilitas
1257 1204 1481 1258 omnibus,
1513 1203 1600 1247 sive

216 1286 437 1329 maneant,
463 1277 574 1321 sicut
594 1287 754 1321 aeterna
787 1276 943 1320 domus
972 1276 1075 1333 Dei,
1105 1276 1191 1319 sive
1220 1283 1466 1329 mutentur,
1491 1274 1602 1317 sicut

219 1348 363 1392 anima
385 1348 570 1391 hominis
592 1358 635 1392 et
651 1363 808 1407 corpus
824 1382 835 1402 ,
856 1362 1135 1392 communem
1152 1346 1350 1390 omnium
1372 1359 1516 1388 rerum
1538 1345 1602 1388 in-

220 1417 454 1462 visibilium
476 1417 799 1478 visibiliumque
832 1417 1054 1461 materiem
1072 1417 1216 1460 adhuc
1238 1414 1486 1469 informem,
1527 1413 1601 1457 sed

219 1498 335 1532 certe
356 1487 644 1542 formabilem,
661 1490 780 1533 unde
802 1489 924 1532 fieret
944 1486 1108 1532 coelum
1129 1496 1172 1529 et
1188 1496 1316 1539 terra,
1332 1484 1378 1528 id
1402 1494 1480 1539 est,
1497 1485 1601 1529 invi-

219 1558 354 1602 sibilis
371 1568 502 1618 atque
518 1558 693 1602 visibilis
703 1559 793 1618 jam
810 1567 996 1617 utraque
1013 1556 1197 1601 formata
1215 1565 1426 1609 creatura,
1444 1556 1510 1599 his
1526 1570 1602 1598 no-

224 1630 414 1674 minibus
447 1630 734 1685 enuntiatam,
761 1630 920 1690 quibus
946 1628 1236 1688 appellaretur
1258 1646 1274 1667 «
1304 1630 1433 1670 Terra
1454 1626 1603 1670 invisi-

226 1719 247 1742 »
283 1699 380 1744 bilis
403 1710 445 1744 et
467 1701 751 1759 incomposita
769 1736 780 1755 ,
803 1719 823 1742 »
843 1710 885 1744 et
911 1720 930 1741 «
954 1700 1161 1744 Tenebrae
1187 1713 1314 1758 super
1336 1698 1554 1755 abyssum,
1579 1716 1597 1738 »

222 1786 268 1815 ea
291 1771 569 1816 distinctione
590 1780 640 1814 ut
662 1790 682 1812 «
703 1773 831 1815 Terra
852 1770 1076 1815 invisibilis
1112 1779 1155 1814 et
1175 1768 1460 1827 incomposita
1488 1787 1507 1809 »
1534 1769 1602 1812 in-

220 1841 440 1900 telligatur
482 1843 680 1885 materies
701 1841 936 1901 corporalis
968 1849 1068 1884 ante
1110 1839 1366 1900 qualitatem
1418 1838 1599 1889 formam

44 1897 47 1921 =.
107 1910 122 1925 ³
156 1928 167 1948 .-
222 1912 480 1957 «Tenebrae
502 1920 649 1955 autem
669 1926 798 1970 super
839 1911 1062 1965 abyssum,
1091 1929 1111 1951 »
1159 1909 1359 1969 spiritalis
1402 1909 1600 1952 materies

217 1993 318 2029 ante
343 1983 655 2028 cohibitionem
679 1983 803 2042 quasi
820 1982 996 2026 fluentis
1017 1980 1403 2034 immoderationis,
1425 1988 1467 2023 et
1501 1989 1601 2023 ante

216 2055 581 2099 illuminationem
607 2052 851 2111 Sapientiae.
1201 2107 1204 2109 Α

276 2126 437 2169 XXVI.
459 2127 536 2167 Est
551 2122 694 2167 adhuc
706 2122 825 2183 quod
842 2121 958 2166 dicat
971 2121 1004 2166 si
1021 2121 1118 2181 quis
1140 2120 1248 2164 alius
1269 2118 1388 2173 velit,
1411 2134 1500 2163 non
1522 2120 1601 2162 sci-

215 2196 316 2240 licet
333 2197 424 2254 jam
446 2193 656 2253 perfectas
679 2202 809 2252 atque
827 2192 1032 2236 formatas
1054 2190 1289 2235 invisibiles
1320 2189 1598 2249 visibilesque

214 2276 407 2319 naturas,
423 2264 523 2309 coeli
542 2274 584 2308 et
604 2274 730 2307 terrae
748 2263 925 2308 nomine
939 2262 1167 2319 significari
1185 2276 1286 2305 cum
1303 2259 1463 2318 legitur
1489 2278 1497 2303 :
1514 2279 1533 2300 «
1547 2262 1599 2303 In

220 2354 239 2377 »
274 2335 487 2395 principio
508 2333 611 2379 fecit
632 2338 744 2378 Deus
766 2333 927 2377 coelum
945 2341 987 2376 et
1010 2343 1167 2376 terram
1190 2349 1238 2387 3»
1265 2330 1339 2374 sed
1362 2331 1496 2389 ipsam
1521 2330 1599 2373 ad-

215 2407 302 2449 huc
325 2405 554 2450 informem
576 2405 899 2449 inchoationem
939 2419 1083 2447 rerum
1119 2401 1390 2446 formabilem
1432 2401 1598 2444 creabi-

214 2477 388 2536 lemque
420 2479 641 2521 materiam
671 2476 736 2519 his
758 2475 1011 2520 nominibus
1033 2472 1308 2532 appellatam,
1330 2472 1450 2532 quod
1479 2472 1523 2514 in
1545 2486 1593 2515 ea

206 2551 292 2607 jam
318 2558 457 2591 essent
489 2549 566 2592 ista
591 2546 784 2599 confusa,
810 2545 1004 2590 noudum
1044 2544 1323 2604 qualitatibus
1354 2542 1589 2602 formisque
