1871 3162
579 228 919 264 εοΝΕΕεειοΝυΜ,
953 227 1036 252 Lm.
1073 227 1133 251 Χῖ.
1457 214 1540 254 303

168 293 250 337 bus
272 294 636 352 viginti-quatuor
673 291 884 350 expletur,
911 304 1096 350 quarum
1119 289 1254 346 prima
1277 297 1450 331 caeteras
1472 291 1544 331 l'u-

168 372 283 408 turas
317 364 471 417 habet,
496 363 725 407 novissima
747 362 1007 422 praeteritas,
1047 359 1190 418 aliqua
1213 373 1316 403 vero
1338 358 1542 417 interjec-

169 441 307 477 tarum
326 441 424 477 ante
441 447 484 476 se
501 432 752 491 praeteritas,
768 440 867 490 post
882 446 926 476 se
948 429 1131 481 futuras,
1147 431 1203 472 Et
1220 428 1310 488 ipsa
1327 443 1414 471 una
1435 428 1543 471 hora

162 502 353 562 fugitivis
370 503 590 563 particulis
614 504 779 561 agitur:
807 501 1023 562 quidquid
1045 502 1134 561 ejus
1152 499 1363 554 avolavit,
1382 508 1541 557 praete-

164 575 297 617 ritum
320 583 404 631 est,
428 573 642 633 quidquid
665 574 755 633 ejus
777 581 924 628 restat,
950 571 1165 616 futurum.
1190 571 1231 616 Si
1254 568 1362 630 quid
1378 568 1541 613 intelli-

164 644 280 702 gitur
301 645 521 703 temporis,
547 643 668 703 quod
701 644 742 687 in
771 642 912 687 nullas
940 643 1031 701 Jam
1061 641 1131 685 vel
1162 641 1207 684 in
1237 640 1542 684 minutissimas

162 723 485 758 momentorum
507 722 647 772 partes
669 712 802 757 dividi
817 712 964 771 possit,
989 712 1035 756 id
1057 712 1199 756 solum
1221 720 1284 755 est
1298 709 1418 770 quod
1437 726 1545 768 prze-

162 799 255 827 sens
278 783 461 828 dicatur.
487 783 616 836 Quod
638 792 784 828 tamen
805 782 864 826 ita
888 782 1046 841 raptim
1068 797 1090 826 a
1108 780 1259 826 futuro
1275 781 1321 824 in
1342 781 1542 840 praeteri-

163 862 258 897 tum
301 852 550 908 transvolat,
595 862 645 897 ut
681 852 801 896 nulla
838 851 1007 897 morula
1044 850 1318 895 extendatur.
1361 853 1469 895 Nam
1510 852 1543 894 si

163 923 412 968 extenditur
427 959 438 979 ,
463 924 672 970 dividitur
689 925 734 968 in
749 924 1017 983 praeteritum
1040 933 1083 967 et
1104 923 1305 968 futurum
1325 941 1335 967 ε
1357 937 1543 981 praesens

162 1004 304 1039 autem
329 994 501 1039 nullum
518 996 650 1040 habet
680 995 885 1054 spatium.
921 994 1007 1039 Ubi
1025 1003 1088 1039 est
1106 1010 1209 1053 ergo
1226 1003 1400 1052 tempus
1423 993 1545 1052 quod

158 1063 337 1123 longum
366 1064 590 1109 dicamus?
619 1069 688 1110 An
717 1064 948 1109 futurum?
970 1067 1068 1110 Non
1098 1064 1281 1123 quidem
1316 1062 1502 1107 dicimus
1530 1081 1540 1106 ι

159 1137 358 1194 Longum
378 1145 462 1192 est,
481 1136 585 1196 quia
599 1135 798 1180 nondum
814 1144 878 1179 est
893 1134 1014 1194 quod
1030 1134 1213 1192 longum
1234 1134 1310 1191 sit3
1333 1133 1410 1178 sed
1431 1132 1542 1176 diei-

157 1220 254 1260 mus
274 1224 285 1251 2
305 1208 507 1265 Longum
530 1206 626 1250 erit.
653 1205 839 1258 Quando
860 1205 995 1263 igitur
1015 1204 1126 1248 erit?
1154 1205 1197 1249 Si
1224 1204 1341 1248 enim
1368 1213 1412 1247 et
1434 1213 1540 1248 tunc

156 1291 256 1320 cum
280 1276 424 1321 adhuc
445 1275 646 1321 futurum
674 1276 770 1331 erit,
791 1291 881 1320 non
894 1275 976 1320 erit
990 1275 1196 1333 longum,
1221 1275 1323 1335 quia
1346 1273 1468 1334 quod
1489 1274 1543 1318 sit

157 1345 355 1404 longum,
387 1346 586 1392 nondum
611 1347 694 1390 erit
723 1364 732 1390 ε
765 1346 800 1390 si
827 1353 974 1390 autem
999 1354 1105 1390 tunc
1125 1345 1207 1389 erit
1234 1344 1417 1403 longum
1440 1359 1542 1387 cum

155 1431 206 1460 ex
235 1414 409 1471 futuro,
433 1415 553 1476 quod
582 1416 778 1462 nondum
802 1427 882 1471 est,
913 1431 1000 1460 esse
1017 1417 1108 1475 jam
1127 1415 1308 1474 coeperit
1326 1450 1338 1473 ,
1361 1424 1405 1460 et
1429 1430 1541 1473 prae-

157 1502 253 1531 sens
284 1486 450 1531 factum
481 1487 586 1542 erit,
623 1495 672 1530 ut
705 1486 838 1546 possit
873 1501 963 1531 esse
983 1485 1105 1546 quod
1133 1486 1314 1544 longum
1343 1486 1422 1543 sit,
1451 1486 1541 1544 jam

154 1557 447 1616 superioribus
463 1557 644 1602 vocibus
665 1556 824 1601 clamat
853 1571 1042 1616 praesens
1070 1565 1265 1616 tempus,
1288 1555 1470 1615 longum
1495 1571 1540 1599 se

154 1642 243 1673 esse
259 1643 348 1673 non
369 1642 507 1688 posse.
