1871 3162
298 193 323 231 7
327 190 355 231 4
616 214 619 216 -
730 207 763 234 s.
799 205 1029 235 Aneus'nm
1059 207 1241 236 131²1scor1

301 269 345 315 Si
365 270 554 314 conabar
576 285 669 315 eam
691 270 752 315 ibi
773 287 934 331 ponere
956 281 1007 316 ut
1027 273 1340 333 requiesceret,
1365 287 1442 332 per
1467 271 1597 315 inane
1622 271 1681 316 la·

297 339 501 395 bebatur,
522 349 565 384 et
585 341 745 385 iterum
766 342 920 386 ruebat
936 357 1064 402 super
1085 358 1155 386 me
1172 378 1184 398 ,
1214 352 1257 387 et
1278 358 1357 401 ego
1378 342 1488 385 mihi
1509 357 1673 385 reman-

297 426 436 455 seram
453 411 606 456 infelix
623 412 744 457 locus
759 447 771 468 ,
796 413 872 456 ubi
896 429 976 457 nec
1002 429 1091 457 esse
1114 429 1307 473 possem,
1334 428 1414 457 nec
1435 413 1538 457 inde
1560 427 1681 457 rece-

297 482 415 526 dere.
440 485 537 535 Quo
555 483 672 527 enim
693 499 766 528 cor
780 498 927 527 meum
945 482 1115 543 fugeret
1136 501 1159 528 a
1181 483 1310 528 corde
1324 485 1449 528 meo?
1471 499 1559 543 quo
1572 499 1597 527 a
1612 498 1681 527 me

298 553 391 612 ipso
409 552 631 614 fugerem?
648 570 736 615 quo
754 570 823 598 me
838 570 927 599 non
949 557 1183 615 sequerer?
1202 557 1258 599 Et
1272 564 1420 599 tamen
1434 553 1528 613 fugi
1542 553 1597 598 de
1610 569 1683 614 pa-

297 624 394 667 tria.
409 625 554 668 Minus
571 625 687 668 enim
701 640 800 669 eum
818 625 1072 685 quaerebant
1088 624 1204 670 oculi
1217 625 1318 680 mei,
1337 624 1415 668 ubi
1432 623 1578 668 videre
1592 639 1682 668 non

298 692 525 752 solebant3
549 705 680 754 atque
701 711 726 739 a
750 695 1028 755 Thagastensi
1046 694 1208 755 oppido
1230 695 1332 740 veni
1353 695 1678 754 Carthaginem.

299 869 368 886 ΜΜ
371 869 866 889 mmmmm

1082 873 1680 891 mmmmm

795 1003 1014 1054 CAPUT
1048 1007 1188 1053 VIII.

355 1161 563 1222 Tempus
584 1168 631 1205 et
647 1162 914 1207 amicorum
935 1159 1175 1220 colloquia
1197 1160 1355 1207 dolori
1371 1159 1636 1208 medentur.

357 1322 483 1365 XIII.
517 1323 614 1366 Non
642 1329 799 1366 vacant
826 1329 1046 1380 tempora,
1078 1336 1159 1365 nec
1188 1322 1323 1366 otiose
1343 1320 1582 1366 volvuntur
1607 1336 1685 1380 per

299 1406 445 1435 sensus
467 1401 637 1435 nostros
655 1411 664 1436 ε
682 1391 853 1436 faciunt
874 1392 920 1434 in
942 1392 1087 1436 animo
1109 1393 1217 1436 mira
1239 1407 1383 1450 opera.
1410 1393 1523 1435 Ecce
1539 1391 1686 1435 venie-

299 1461 407 1504 bant
427 1471 471 1504 et
497 1461 776 1517 praeteribant
799 1461 855 1504 de
879 1460 950 1503 die
972 1461 1017 1504 in
1044 1460 1178 1515 diem,
1204 1471 1247 1505 et
1269 1460 1486 1506 veniendo
1506 1470 1550 1505 et
1572 1477 1685 1520 prae-

299 1529 513 1575 tereundo
534 1530 784 1574 inserebant
809 1530 916 1573 mihi
938 1531 1100 1589 species
1122 1531 1223 1575 alias
1252 1540 1295 1575 et
1315 1532 1415 1575 alias
1437 1532 1682 1587 memorias,

300 1610 342 1645 et
351 1600 560 1660 paulatim
574 1600 864 1645 resarciebant
877 1615 945 1644 me
965 1601 1154 1658 pristinis
1176 1601 1406 1659 generibus
1429 1601 1686 1647 delectatio-

300 1687 424 1726 num,
441 1671 602 1731 quibus
620 1670 805 1714 cedebat
814 1669 939 1714 dolor
953 1685 1074 1714 meus
1091 1670 1188 1727 ille3
1205 1670 1280 1715 sed
1295 1672 1587 1716 succedebant
1598 1688 1688 1717 non

298 1740 476 1801 quidem
499 1740 668 1785 dolores
699 1740 785 1795 alii,
809 1755 950 1784 causae
967 1749 1114 1784 tamen
1135 1740 1318 1785 aliorum
1337 1740 1555 1786 dolorum.
1573 1745 1684 1788 Nam

299 1811 416 1855 unde
431 1827 499 1854 me
517 1810 723 1855 facillime
740 1819 783 1854 et
796 1810 840 1853 in
858 1810 1012 1854 intima
1035 1809 1160 1855 dolor
1180 1810 1253 1855 ille
1270 1821 1586 1870 penetraverat,
1606 1813 1687 1856 nisi

299 1883 401 1942 quia
417 1880 615 1926 fuderam
630 1883 675 1925 in
692 1897 866 1925 arenam
883 1882 1069 1925 animam
1089 1897 1248 1937 meam,
1264 1882 1485 1941 diligendo
1499 1886 1686 1928 moritu-

299 1967 398 1996 rum
422 1968 471 1996 ac
490 1952 524 1995 si
544 1967 632 1996 non
646 1952 932 1995 moriturum?
949 1953 1136 1995 Maxime
1155 1953 1316 2011 quippe
1338 1969 1408 1997 me
1429 1954 1688 2012 reparabant

300 2032 430 2082 atque
452 2023 706 2067 recreabant
727 2022 912 2066 aliorum
941 2022 1178 2066 amicorum
1207 2023 1374 2077 solatia,
1400 2039 1502 2084 cum
1529 2025 1687 2084 quibus

298 2093 495 2137 amabam
505 2093 623 2151 quod
635 2108 711 2151 pro
720 2101 762 2136 te
771 2092 969 2136 amabam
979 2101 1021 2136 et
1031 2093 1114 2136 hoc
1123 2102 1213 2136 erat
1222 2093 1373 2151 ingens
1386 2093 1535 2139 fabula
1544 2104 1586 2139 et
1595 2094 1687 2140 lon-

299 2178 404 2222 gum
416 2163 707 2217 mendacium,
722 2163 791 2222 cuj
798 2178 846 2206 us
858 2162 1101 2207 adulterina
1113 2162 1424 2208 confricatione
1442 2181 1687 2224 corrumpe-

300 2235 429 2278 batur
441 2248 562 2277 mens
581 2243 726 2278 nostra
739 2233 938 2292 pruriens
952 2234 997 2276 in
1018 2233 1210 2277 auribus.
1230 2233 1313 2278 Sed
1330 2233 1402 2278 illa
1418 2235 1525 2278 mihi
1540 2234 1687 2280 fabula

300 2319 390 2347 non
402 2303 685 2358 moriebatur,
702 2303 735 2346 si
750 2303 847 2362 quis
858 2304 1095 2347 amicorum
1111 2319 1307 2347 meorum
1323 2314 1578 2348 moreretur.
1592 2305 1687 2349 Alia

300 2384 421 2418 erant
443 2390 542 2433 quae
562 2375 608 2417 in
630 2375 689 2417 eis
710 2373 894 2432 amplius
921 2374 1152 2433 capiebant
1175 2375 1391 2429 animum,
1423 2375 1616 2436 colloqui
1640 2385 1686 2420 et

300 2442 531 2497 corridere,
548 2452 592 2488 et
605 2443 790 2488 vicissim
805 2443 1016 2488 benevole
1033 2444 1227 2504 obsequi,
1245 2444 1374 2488 simul
1388 2444 1533 2505 legere
1548 2445 1684 2491 libros

298 2513 590 2573 dulciloquos,
628 2514 754 2559 simul
787 2516 956 2574 nugari,
977 2524 1021 2558 et
1041 2515 1169 2559 simul
1190 2515 1425 2570 honestari,
1450 2516 1681 2560 dissentire
