1871 3162
772 278 916 305 mnnx.
1452 276 1533 313 557

200 345 304 376 CAPUT
345 342 392 377 ιιι.
417 345 464 376 De
480 343 594 376 Fausto
610 344 789 377 Manichaeo
815 349 851 378 et
871 346 912 378 de
939 344 1199 388 philosophorum
1218 350 1366 383 caecitate
1391 352 1445 393 qui

461 410 519 441 per
536 404 702 433 creaturas
716 401 900 434 Creatorem
919 412 983 434 non
999 408 1231 444 cognoverunt.
1365 417 1445 450 pag.
1494 411 1532 439 91

347 466 394 488 xv.
419 454 493 487 Sola
509 455 567 488 Dei
584 455 723 498 cognitio
741 456 831 490 beat.
1493 466 1536 496 94

361 520 391 542 v.
417 509 582 542 Manichaei
593 511 635 544 de
644 512 737 545 astris
754 512 915 555 imperitia
932 512 1094 556 indignum
1111 524 1183 547 eum
1201 514 1263 548 fide
1277 516 1306 548 in
1323 517 1445 550 caeteris

460 565 616 599 faciebat.
1492 576 1535 606 95

350 631 391 654 vi.
417 623 551 654 Faustus
569 622 738 666 eloquens,
756 623 812 656 sed
826 623 1005 657 liberalium
1020 625 1258 668 disciplinarum
1275 636 1399 669 expers.
1494 632 1536 661 97

335 687 391 710 vn.
416 677 583 710 Alienatur
600 689 618 711 a
634 684 724 712 secta
739 679 995 712 Manichaeorum.
1492 686 1535 716 99

320 743 389 765 vm.
415 733 630 767 Proficiscitur
649 737 783 768 Romam
800 739 912 768 contra
930 736 1039 768 matris
1056 736 1267 770 voluntatem.
1472 741 1533 771 101

345 798 390 821 11.
415 789 510 821 Febri
522 795 689 832 correptus
705 791 884 833 periculose
896 791 1033 824 laborat.
1473 797 1536 827 103

356 855 388 876 x.
415 847 547 878 Errores
569 850 645 879 ante
657 853 838 890 susceptam
855 848 1019 890 Evangelii
1033 848 1222 882 doctrinam.
1471 853 1536 883 2105

346 910 390 932 n.
417 900 560 938 Qualiter
573 902 768 944 Augustinus
785 903 958 936 contulerit
971 914 1044 936 cum
1061 904 1246 937 Catholicis.
1473 908 1537 938 108

333 966 389 987 xn.
418 957 515 989 Fraus
529 957 753 1000 discipulorum
767 961 874 991 Romae
892 960 923 991 in
940 964 1167 1002 praeceptores,
1474 963 1537 993 109

324 1021 389 1044 xlu.
414 1015 570 1048 Docturus
586 1014 783 1048 rhetoricam
801 1015 940 1048 mittitur
958 1016 1172 1048 Mediolanum
1189 1028 1195 1047 ;
1219 1015 1260 1047 ab
1278 1015 1448 1049 Ambrosio

455 1069 637 1111 suscipitur.
1472 1074 1488 1103 1
1498 1075 1536 1104 10

322 1133 388 1156 xlv.
413 1124 532 1158 Audito
552 1125 719 1159 Ambrosio
737 1126 888 1169 paulatim
906 1127 947 1160 ab
968 1127 1127 1161 erroribus
1143 1128 1312 1171 resipiscit.
1474 1130 1534 1160 111

146 1430 240 1468 Cum
259 1431 335 1477 jam
365 1433 542 1471 Monnica
559 1435 673 1481 ipsius
694 1439 815 1470 mater
846 1435 1101 1472 Mediolanum
1118 1436 1352 1480 advenisset,
1383 1437 1533 1482 ipseque

192 1502 328 1527 annum
342 1493 461 1528 aetatis
478 1498 604 1537 ageret
623 1494 877 1539 trigesimum,
895 1495 1085 1530 Ambrosii
1107 1494 1349 1530 concionibus
1369 1494 1532 1530 admoni-

191 1555 250 1585 tus
269 1549 459 1587 catholicae
472 1552 651 1587 doctrinae
670 1552 866 1587 veritatem
879 1580 888 1597 ,
904 1563 1014 1598 quam
1029 1552 1226 1588 Manichaei
1242 1552 1330 1588 falso
1348 1553 1533 1589 insimula-

191 1609 279 1644 bant
292 1636 302 1651 ‚
325 1610 441 1655 magis
458 1611 651 1656 magisque
672 1610 918 1654 intelligebat.
934 1611 1058 1656 Alypii
1074 1611 1181 1646 amici
1195 1611 1250 1647 sui
1268 1621 1389 1647 mores
1404 1622 1529 1658 prose-

191 1668 333 1714 quitur.
362 1669 407 1704 In
437 1669 584 1704 diversa
602 1670 839 1712 rapiebatur,
869 1669 958 1704 dum
990 1669 1036 1704 de
1054 1669 1128 1705 vita
1150 1670 1281 1703 melius
1305 1670 1530 1706 instituenda

191 1726 437 1767 deliberaret;
457 1724 590 1761 mortis
619 1733 768 1770 quoque
787 1732 828 1758 ac
855 1721 982 1766 judicii
1012 1729 1116 1759 metu
1134 1724 1328 1769 perculsus
1342 1755 1351 1772 ,
1370 1728 1417 1763 ad
1445 1728 1530 1763 vitae

190 1785 473 1821 conversionem
486 1784 524 1818 in
542 1783 620 1818 dies
637 1780 925 1817 accendebatur.

214 1923 317 1966 cmv
362 1942 384 1964 1.
410 1930 599 1972 Augustinus
615 1939 676 1962 nec
692 1928 902 1967 manichaeus,
923 1937 983 1960 nec
999 1926 1194 1962 catholicus.
1465 1934 1528 1964 113

351 1998 385 2020 ιι.
410 1986 517 2029 Epulae
534 1990 569 2020 et
581 1985 703 2028 synaxis
715 1984 801 2027 apud
813 1983 958 2026 sepulcra
971 1984 1162 2026 Martyrum.
1464 1990 1529 2021 115

336 2054 381 2077 111.
406 2043 645 2086 occupationes
662 2046 696 2074 et
712 2041 815 2073 studia
833 2039 1004 2073 Ambrosii.
1465 2046 1527 2076 116

336 2109 380 2131 iv.
407 2098 593 2132 Doctrinam
606 2096 758 2130 Ecclesiae
770 2094 937 2128 Ambrosio
951 2094 1164 2128 concionante
1179 2096 1339 2139 intelligit.
1464 2101 1528 2132 118

350 2165 383 2186 v.
410 2157 456 2187 De
471 2164 635 2186 sacrorum
649 2152 819 2185 Librorum
837 2151 1034 2184 auctoritate
1048 2156 1082 2184 et
1098 2152 1278 2185 necessario
1291 2163 1360 2186 usu.
1466 2156 1529 2187 120

340 2220 386 2242 vi.
412 2212 458 2242 De
474 2208 602 2243 miseria
630 2207 870 2241 ambitiosorum
900 2206 1039 2239 adducto
1058 2207 1204 2250 exemplo
1221 2208 1359 2241 mendici
1381 2207 1440 2241 lae-

454 2264 564 2296 tantis.
1464 2266 1527 2297 122

329 2330 385 2353 vu.
410 2319 557 2362 Alypium
570 2329 588 2352 a
608 2317 804 2352 Circensium
823 2316 944 2349 insania
964 2318 1140 2350 convertit.
1464 2323 1529 2354 124

319 2386 388 2410 vm.
413 2375 542 2418 Alypius
555 2374 681 2417 capitur
692 2372 815 2406 insania
827 2372 973 2405 ludorum
995 2372 1272 2416 gladiatoriorum,
1298 2385 1316 2408 a
1329 2375 1440 2419 quibus

454 2435 551 2464 antea
563 2430 787 2463 abhorruerat.
1464 2434 1528 2466 126

338 2498 384 2519 1x.
409 2487 539 2530 Alypius
557 2490 594 2519 ut
605 2487 657 2519 fur
677 2484 939 2528 apprehenditur.
1464 2490 1526 2520 127

354 2553 384 2575 x.
411 2546 458 2576 De
474 2543 657 2586 integritate
679 2541 783 2583 Alypii
801 2545 835 2574 et
847 2541 988 2573 adventu
1006 2541 1160 2574 Nebridii.
1464 2546 1528 2578 129

342 2609 385 2631 xi.
412 2600 530 2633 Anxius
545 2598 733 2643 Augustinus
751 2598 792 2631 de
804 2597 1000 2631 instituenda
1020 2599 1088 2630 vita
1101 2598 1273 2633 deliberat.
1466 2603 1525 2632 131

314 2662 485 2694 cxxxu.
1321 2655 1372 2692 36
