1871 3162
284 183 340 222 46
707 194 742 220 s.
777 190 1006 221 Aucusnm
1039 192 1219 220 nmscom

284 257 442 303 tidiens
458 267 501 302 et
517 257 837 317 reprehendens
858 276 868 302 :
888 258 921 301 si
938 266 1084 301 autem
1104 255 1265 310 doleat,
1286 264 1432 299 manet
1454 255 1664 311 intentus,

283 337 328 371 et
350 326 542 386 gaudens
562 327 841 384 lacrymatur.
1665 322 1668 323 ⁷

344 399 425 440 III.
451 399 566 454 Ergo
583 405 786 440 amantur
802 405 846 440 et
864 394 1066 440 dolores?
1088 397 1216 440 Certe
1248 395 1387 439 omnis
1407 395 1540 438 homo
1563 409 1670 452 gau-

285 465 386 510 dere
404 465 515 510 vult.
541 470 610 510 An
638 481 742 510 cum
763 466 970 510 miserum
991 465 1211 508 neminem
1244 479 1333 508 esse
1362 463 1496 508 libeat
1512 498 1524 519 ,
1561 463 1671 508 libet

283 546 431 581 tamen
452 552 543 581 esse
564 537 885 581 misericordem
910 555 919 580 z
939 534 1061 595 quod
1081 535 1183 594 quia
1205 550 1293 579 non
1311 535 1402 578 sine
1419 533 1570 578 dolore
1587 543 1667 589 est,

283 607 366 650 hac
386 622 474 650 una
496 623 624 651 causa
647 616 849 650 amantur
870 605 1070 650 dolores?
1091 614 1134 649 et
1154 605 1239 649 hoc
1259 604 1313 648 de
1333 603 1408 648 illa
1429 619 1540 647 vena
1562 604 1672 647 ami-

285 677 399 721 citiae
430 686 508 721 est.
531 677 616 722 Sed
640 693 729 737 quo
756 677 906 722 vadit?
934 692 1022 736 quo
1047 676 1176 720 fluit?
1201 677 1258 719 Ut
1283 675 1390 735 quid
1411 674 1603 718 decurrit
1626 675 1673 719 in

286 756 521 791 torrentem
545 747 651 806 picis
668 746 890 790 bullientis
903 781 914 801 ‚
930 756 1057 790 aestus
1070 746 1279 790 immanes
1300 754 1509 789 tetrarum
1524 743 1673 801 libidj.

288 831 412 870 num,
428 818 473 859 in
491 832 600 876 quos
612 818 702 875 ipsa
718 826 911 860 mutatur
925 825 968 859 et
983 818 1166 860 vertitur
1183 831 1259 874 per
1277 825 1432 860 nutum
1448 808 1674 874 proprium

287 886 342 930 de
366 885 531 929 coelesti
552 886 780 929 serenitate
811 886 981 929 detorta
1017 895 1148 945 atque
1172 885 1369 945 dejecta?
1399 884 1675 944 Repudietur

287 969 390 1012 ergo
405 954 727 998 misericordia?
745 944 1044 1014 Nequaquam.
1061 957 1176 1012 Ergo
1193 964 1394 999 amentur
1408 955 1578 999 dolores
1593 954 1674 998 ali-

287 1024 482 1085 quando.
507 1026 590 1069 Sed
621 1039 722 1068 cave
749 1024 1086 1079 immunditiam,
1112 1024 1253 1068 anima
1275 1040 1386 1079 mea,
1416 1025 1498 1068 sub
1529 1033 1676 1068 tutore

290 1097 381 1139 Deo
398 1110 519 1147 meo,
545 1096 639 1145 Deo
662 1103 834 1152 patrum
859 1085 1122 1147 nostrorum,
1143 1103 1186 1137 et
1203 1093 1414 1138 laudabili
1438 1103 1481 1137 et
1498 1109 1676 1152 supere-

287 1164 449 1209 xaltato
466 1165 512 1207 in
529 1165 675 1208 omnia
692 1163 872 1208 saecula1
890 1183 898 1208 :
916 1179 1018 1207 cave
1035 1164 1372 1208 immunditiam.
1392 1167 1543 1224 Neque
1558 1164 1675 1208 enim

286 1251 405 1280 nunc
427 1251 516 1279 non
546 1228 753 1279 misereor*
776 1254 786 1280 ι
812 1234 887 1278 sed
915 1244 1021 1278 tunc
1057 1235 1101 1278 in
1134 1235 1311 1278 theatris
1345 1235 1673 1294 congaudebam

288 1305 556 1358 amantibus,
589 1320 689 1348 cum
719 1319 808 1348 sese
850 1304 1111 1348 fruebantur
1143 1319 1218 1363 per
1252 1304 1414 1363 flagitia
1432 1339 1442 1359 ‚
1479 1305 1676 1364 quamvis

287 1376 382 1419 haec
399 1374 650 1431 imaginarie
676 1382 875 1432 gererent
907 1374 951 1416 in
977 1373 1083 1417 ludo
1114 1374 1364 1432 spectaculi.
1393 1376 1506 1418 Cum
1529 1383 1675 1417 autem

288 1460 378 1489 sese
397 1444 679 1497 amittebant,
705 1444 827 1502 quasi
842 1443 1085 1501 misericors
1106 1444 1415 1502 contristabar3
1441 1453 1483 1487 et
1502 1453 1675 1487 utrum-

288 1530 375 1575 que
393 1514 641 1558 delectabat
656 1523 817 1557 tamen.
838 1507 965 1558 Nunc
982 1528 1083 1557 vero
1106 1514 1238 1571 magis
1259 1514 1464 1558 misereor
1485 1514 1677 1573 gauden-

288 1595 377 1629 tem
398 1586 443 1628 in
468 1585 630 1642 flagitio
648 1619 658 1635 ,
679 1599 809 1644 quam
838 1583 959 1627 velut
980 1583 1089 1627 dura
1125 1599 1374 1645 perpessum
1411 1585 1676 1645 detrimento

288 1655 540 1715 perniciosae
557 1654 808 1714 voluptatis,
830 1663 873 1697 et
890 1653 1117 1697 amissione
1139 1655 1303 1697 miserae
1320 1653 1552 1699 felicitatis.
1571 1658 1676 1699 Haec

290 1735 405 1770 certe
421 1726 562 1770 verior
598 1724 916 1781 misericordia3
949 1725 1020 1767 sed
1046 1739 1134 1768 non
1167 1725 1210 1767 in
1240 1740 1288 1768 ea
1312 1725 1499 1770 delectat
1530 1725 1670 1770 dolor.

291 1800 400 1842 Nam
416 1798 493 1840 etsi
516 1796 782 1855 approbatur
799 1795 943 1839 officio
960 1795 1195 1849 charitatis,
1212 1795 1288 1854 qui
1302 1796 1421 1840 dolet
1442 1797 1672 1855 miserum3

290 1867 441 1917 mallet
462 1876 607 1910 tamen
625 1867 777 1926 utique
799 1862 888 1909 non
916 1881 1004 1909 esse
1026 1865 1148 1924 quod
1181 1866 1371 1920 doleret,
1398 1867 1475 1926 qui
1506 1883 1676 1926 germa-

291 1939 408 1982 nitus
430 1938 668 1981 misericors
690 1947 768 1980 est.
797 1937 841 1981 Si
866 1937 981 1979 enim
1018 1946 1081 1980 est
1109 1937 1319 1980 malevola
1353 1938 1671 1994 benevolentia,

292 2007 411 2068 quod
429 2008 521 2051 fieri
542 2023 630 2050 non
648 2015 810 2065 potest3
830 2015 970 2065 potest
993 2014 1035 2049 et
1057 2005 1129 2048 ille
1150 2006 1226 2064 qui
1257 2007 1465 2050 veraciter
1498 2007 1676 2052 sinceri-

293 2088 446 2138 terque
467 2078 710 2131 miseretur‚
728 2092 888 2136 cupere
902 2092 990 2119 esse
1004 2076 1177 2119 miseros
1195 2085 1244 2119 ut
1269 2078 1534 2122 misereatur.
1552 2081 1676 2133 Non-

293 2148 440 2193 nullus
480 2148 627 2206 itaque
664 2145 789 2190 dolor
821 2146 1157 2205 approbandUS‚
1194 2146 1340 2190 nullus
1362 2148 1572 2192 amandus
1593 2159 1671 2195 est.

294 2222 387 2263 Hoc
417 2218 533 2262 enim
572 2227 641 2271 tu,
677 2217 857 2261 Domine
899 2220 1033 2269 Deus,
1069 2217 1146 2275 qui
1169 2218 1331 2261 animas
1363 2233 1478 2262 amas
1497 2254 1506 2273 ‚
1544 2219 1675 2279 longe

293 2290 465 2349 lateque
488 2289 638 2348 purius
659 2303 791 2348 quarn
826 2303 928 2341 nos,
960 2297 1003 2331 et
1035 2288 1404 2346 incorruptibilius
1434 2291 1672 2347 misereris,

295 2360 415 2420 quod
430 2358 554 2402 nullo
568 2358 717 2402 dolore
739 2358 952 2417 sauciaris.
976 2376 994 2397 «
1012 2359 1068 2401 Et
1088 2357 1142 2401 ad
1162 2358 1254 2402 haec
1275 2359 1632 2420 quisidoneus2?
1649 2379 1670 2402 »

355 2432 431 2474 IV.
456 2434 514 2473 At
534 2444 615 2488 ego
643 2437 746 2473 tunc
781 2429 910 2473 miser
930 2427 1080 2473 dolore
1101 2429 1328 2485 amabam,
1351 2439 1394 2474 et
1424 2422 1675 2490 quaerebam

344 2521 354 2539 ¹
375 2516 452 2547 Dan.
470 2525 515 2555 ιιι,
537 2513 590 2547 52.
612 2531 654 2537 —
672 2521 685 2538 ²
704 2516 775 2546 Cor.
792 2525 829 2555 11,
848 2514 898 2545 16.
