1871 3162
259 166 341 207 150
689 175 723 204 s.
759 174 989 205 Auens-rrm
1022 177 1204 205 131>1scor1

312 243 390 286 IX.
411 242 486 285 His
508 242 654 302 itaque
678 241 835 285 auditis
849 251 893 285 et
913 241 1086 286 creditis
1101 277 1112 296 ,
1138 241 1233 286 talis
1251 241 1414 301 quippe
1430 255 1634 285 narrave-

254 321 342 366 rat,
368 312 508 355 omnis
529 311 603 355 illa
626 311 849 355 reluctatio
872 326 967 355 mea
983 311 1172 356 resoluta
1193 311 1382 356 concidit
1402 331 1410 355 :
1431 321 1474 355 et
1496 311 1634 370 primo

255 383 498 427 Firminum
520 383 661 441 ipsum
693 390 873 426 conatus
900 397 995 425 sum
1018 382 1072 425 ab
1094 381 1168 425 illa
1189 382 1436 426 curiositate
1460 397 1636 425 revoca·

253 467 299 496 re
314 487 326 507 ,
360 467 461 496 cum
493 451 683 495 dicerem
707 449 1109 495 constellationibus
1133 452 1223 510 ejus
1242 451 1445 510 inspectis
1467 460 1516 494 ut
1536 465 1638 494 vera

253 522 608 583 pronuntiarem,
642 520 840 564 debuisse
872 536 942 564 me
976 521 1129 581 utique
1158 521 1302 565 videre
1329 521 1413 575 ibi,
1438 530 1638 580 parentes

254 593 368 636 inter
389 607 488 635 suos
517 606 606 634 esse
628 590 851 649 primarios
869 625 879 645 ,
910 590 1104 634 nobilem
1125 589 1335 634 familiam
1356 591 1542 650 propriae
1578 591 1640 634 ci-

235 664 419 717 (vitatis,
447 661 612 705 natales
646 661 880 719 ingenuos,
910 661 1137 705 honestam
1170 660 1500 715 educationem,
1530 660 1642 704 libe-

254 734 451 793 ralesque
484 733 719 777 doctrinas.
745 735 802 776 At
835 732 869 776 si
891 748 960 775 me
981 732 1055 776 ille
1077 748 1223 776 servus
1255 748 1306 775 ex
1328 732 1489 776 eisdem
1512 746 1641 775 cons-

254 804 574 858 tellationibus,
607 803 710 863 quia
736 813 780 847 et
806 803 920 847 illius
949 804 1053 863 ipsae
1086 814 1228 848 essent
1255 803 1541 848 consuluisset
1557 838 1568 855 ,
1594 812 1644 846 ut

256 874 398 918 eidem
428 889 605 934 quoque
627 888 726 917 vera
757 873 995 932 proferrem
1013 908 1024 927 ,
1059 873 1260 918 debuisse
1292 889 1363 917 me
1387 888 1559 916 rursum
1580 872 1644 915 ibi

255 945 402 990 videre
436 945 767 1004 abjectissimam
806 943 1016 987 familiam
1037 979 1048 998 ,
1087 944 1381 988 conditionem
1413 943 1613 988 servilem
1634 976 1646 997 ,

257 1024 301 1059 et
338 1024 494 1059 caetera
517 1014 646 1072 longe
672 1029 695 1057 a
729 1013 946 1072 prioribus
979 1012 1141 1067 aliena,
1177 1012 1396 1072 longeque
1423 1012 1640 1056 distantia.

259 1085 384 1130 Unde
407 1094 555 1128 autem
577 1085 700 1127 fieret
721 1092 771 1127 ut
793 1083 943 1127 eadem
972 1083 1204 1142 inspiciens
1232 1083 1399 1126 diversa
1426 1082 1613 1141 dicerem
1632 1117 1643 1136 ,

257 1156 291 1199 si
313 1171 415 1199 vera
437 1154 628 1198 dicerem
647 1175 658 1211 3
683 1153 717 1197 si
735 1162 882 1197 autem
901 1153 1049 1196 eadem
1070 1151 1275 1206 dicerem,
1301 1151 1407 1195 falsa
1426 1152 1615 1195 dicerem
1635 1169 1646 1196 ;

260 1225 364 1270 inde
390 1225 623 1270 certissime
644 1223 789 1281 colligi
810 1239 860 1267 ea
877 1239 975 1283 quae
997 1238 1099 1266 vera
1116 1221 1397 1267 consideratis
1415 1221 1649 1266 constella-

262 1296 454 1340 tionibus
469 1294 718 1339 dicerentur
733 1328 744 1348 ,
766 1308 855 1337 non
876 1302 968 1337 arte
989 1292 1075 1337 dici
1091 1328 1102 1347 ,
1127 1291 1204 1336 sed
1221 1302 1335 1336 sorte
1352 1327 1362 1346 ,
1385 1308 1484 1352 quae
1502 1301 1649 1335 autem

263 1365 371 1410 falsa
387 1400 398 1421 ,
424 1381 515 1409 non
536 1367 640 1408 artis
661 1363 877 1423 imperitia
892 1398 903 1417 ,
924 1362 999 1407 sed
1021 1363 1146 1407 sortis
1167 1361 1408 1406 mendacio.

322 1439 378 1479 X.
408 1436 524 1480 Hinc
545 1444 692 1479 autem
711 1443 890 1493 accepto
913 1432 1034 1477 aditu
1053 1468 1064 1486 ,
1089 1433 1181 1491 ipse
1204 1448 1375 1476 mecum
1398 1431 1499 1476 talia
1516 1433 1653 1476 rumi-

263 1505 411 1552 nando
427 1541 438 1560 ,
463 1521 519 1549 ne
541 1505 638 1565 quis
655 1505 909 1549 eorumdem
934 1502 1172 1547 delirorum
1189 1503 1266 1562 qui
1283 1501 1413 1546 talem
1437 1511 1652 1562 quaestum

265 1587 574 1637 sequerentur,
601 1591 710 1636 quos
726 1576 816 1636 jam
835 1576 1015 1635 jamque
1031 1574 1238 1618 invadere
1261 1583 1393 1633 atque
1414 1574 1557 1617 irrisos
1583 1589 1653 1617 re-

266 1647 419 1692 fellere
436 1646 667 1706 cupiebam
684 1680 696 1700 ,
717 1645 824 1689 mihi
845 1644 904 1688 ita
927 1644 1142 1688 resisteret
1158 1679 1168 1698 ,
1194 1644 1317 1703 quasi
1334 1654 1410 1687 aut
1435 1644 1655 1687 Firminus

266 1718 374 1762 mihi
392 1727 474 1762 aut
495 1717 559 1761 illi
581 1725 702 1776 pater
723 1715 830 1760 falsa
851 1717 1113 1769 narraverit,
1150 1713 1318 1758 intendi
1343 1714 1656 1759 consideratio-
1683 1768 1687 1770 Π

269 1803 370 1832 nem
403 1788 448 1831 in
477 1803 549 1831 eos
576 1787 652 1846 qui
675 1786 835 1845 gemini
860 1794 1099 1830 nascuntur
1123 1805 1131 1830 :
1156 1800 1345 1845 quorum
1369 1784 1567 1844 plerique
1597 1786 1656 1828 ita

270 1867 367 1918 post
387 1857 574 1901 invicem
591 1855 841 1900 funduntur
861 1871 912 1900 ex
932 1865 1080 1910 utero,
1108 1865 1158 1900 ut
1179 1871 1362 1916 parvum
1379 1857 1521 1915 ipsum
1543 1865 1656 1899 tem-

269 1928 384 1987 poris
413 1925 691 1971 intervallum
715 1925 1033 1986 quantamlibet
1054 1926 1142 1970 vim
1163 1926 1210 1969 in
1234 1940 1377 1969 rerum
1406 1934 1561 1968 natura
1580 1925 1658 1968 ha-

268 1999 372 2043 bere
394 1997 684 2051 contendant,
705 1996 850 2055 colligi
873 2006 1017 2040 tamen
1034 1997 1224 2040 humana
1243 1996 1545 2041 observatione
1567 2011 1657 2040 non

269 2068 418 2129 possit,
434 2068 676 2127 litterisque
699 2067 857 2125 signari
879 2067 1057 2111 omnino
1080 2081 1168 2110 non
1190 2065 1342 2120 valeat,
1363 2081 1470 2125 quas
1492 2066 1658 2109 mathe-

270 2139 453 2183 maticus
475 2139 749 2197 inspecturus
771 2145 835 2180 est
856 2145 906 2179 ut
926 2151 1027 2179 vera
1056 2135 1324 2195 pronuntiet.
1346 2138 1402 2179 Et
1419 2151 1508 2179 non
1529 2145 1658 2179 erunt

270 2225 395 2265 vera,
419 2209 520 2269 quia
553 2207 725 2251 easdem
752 2206 914 2250 litteras
948 2206 1204 2266 inspiciens,
1238 2204 1392 2249 eadem
1415 2205 1570 2249 debuit
1591 2204 1657 2249 di-

270 2295 367 2324 cere
393 2280 448 2324 de
480 2277 595 2322 Esaii
629 2286 672 2321 et
700 2277 864 2333 Jacob,
888 2275 963 2320 sed
985 2291 1076 2320 non
1097 2276 1249 2320 eadem
1282 2275 1458 2335 utrique
1487 2274 1658 2320 accide-

269 2359 387 2394 runt.
414 2349 540 2394 Falsa
562 2364 665 2407 ergo
686 2345 849 2391 diceret
870 2366 879 2392 z
906 2355 982 2391 aut
1003 2346 1037 2390 si
1058 2361 1158 2390 vera
1181 2346 1366 2400 diceret,
1392 2361 1481 2390 non
1503 2344 1656 2389 eadem

267 2419 453 2475 diceret,
490 2419 658 2464 etiamsi
690 2418 844 2462 eadem
876 2416 1121 2477 inspiceret.
1153 2418 1252 2461 Non
1288 2430 1393 2474 ergo
1430 2424 1543 2470 arte,
1579 2415 1654 2459 sed

268 2497 382 2534 sorte
402 2504 504 2534 vera
525 2487 703 2533 diceret.
738 2490 804 2532 Tu
820 2487 933 2532 enim
950 2521 962 2542 ,
995 2486 1178 2531 Domine
1193 2484 1429 2546 justissime
1449 2483 1654 2529 modera-
