1871 3162
620 245 963 282 commssmrwm,
999 244 1080 270 Lm.
1118 245 1214 270 xm.
1518 232 1596 269 391

228 323 311 357 tem
349 312 619 373 proximum,
646 326 725 355 nec
757 326 807 354 ex
836 309 1024 353 hominis
1052 307 1237 351 melioris
1267 307 1522 351 auctoritate
1540 309 1605 351 vi-

227 393 390 427 ventes.
415 386 565 442 Neque
587 382 702 425 enim
732 380 877 425 dixisti
898 399 907 425 :
933 380 1030 423 Fiat
1046 379 1177 423 homo
1192 376 1431 421 secundum
1444 391 1602 434 genus:

223 455 314 508 sed,
344 474 363 496 «
388 453 613 497 Faciamus
633 452 857 496 hominem
880 451 935 494 ad
954 450 1184 507 imaginem
1210 458 1254 491 et
1275 447 1604 491 similitudinem

229 543 249 565 »
284 532 473 568 nostram
490 526 521 577 ¹,
550 541 569 563 »
592 531 642 566 ut
663 536 740 566 nos
765 520 998 579 probemus
1014 534 1114 579 quae
1131 518 1183 562 sit
1199 513 1402 563 'voluntas
1418 525 1510 560 tua.
1537 517 1606 561 Ad

224 594 307 637 hoc
322 593 437 636 enim
458 591 726 651 dispensator
750 590 822 635 ille
839 600 940 634 tuus
968 604 1174 648 generans
1209 603 1286 646 per
1322 585 1604 644 Evangelium

223 664 378 718 filios2‚
411 679 466 707 ne
494 679 662 723 semper
680 662 882 722 parvulos
911 661 1091 704 haberet
1112 675 1222 720 quos
1244 658 1356 702 lacte
1388 658 1604 712 nutriret,

221 744 263 778 et
293 743 502 794 tanquam
526 735 670 778 nutrix
701 733 919 778 foveretssz
955 751 974 773 «
1000 730 1331 784 Reformamini,
1366 729 1526 789 inquit,
1561 726 1607 772 in

223 825 242 846 η
279 806 470 849 novitate
493 805 646 848 mentis
663 813 830 858 vestrae,
858 803 911 847 ad
929 801 1204 862 probandum
1229 816 1305 845 vos
1328 815 1427 860 quae
1450 801 1503 844 sit
1522 814 1604 845 vo·-

225 894 244 916 »
279 875 424 919 luntas
445 876 548 929 Dei,
588 874 708 934 quod
746 875 911 918 bonum
940 883 982 916 et
1010 872 1330 931 beneplacitum
1366 879 1409 914 et
1432 869 1602 929 perfec-

222 964 241 987 »
280 955 374 990 tum
395 947 426 988 4.
447 945 675 1005 »Ideoque
694 961 781 988 non
796 944 928 988 dicis:
951 945 1045 987 Fiat
1064 944 1210 996 homo,
1231 942 1322 993 sed,
1344 941 1606 985 «Faciamus

224 1034 243 1057 n
280 1016 517 1060 hominem.
555 1035 574 1056 »
611 1018 698 1060 Nec
720 1015 825 1058 dicis
853 1013 1135 1058 :Secundum
1165 1027 1300 1070 genus
1329 1030 1337 1055 ε
1364 1010 1454 1061 sed,
1501 1010 1611 1054 «Ad

222 1104 242 1127 »
279 1086 511 1143 imaginem
535 1095 578 1129 et
609 1084 938 1129 similitudinem
976 1092 1184 1127 nostram.
1211 1100 1230 1122 »
1262 1085 1411 1126 Mente
1445 1081 1613 1140 quippe

217 1165 466 1210 renovatus,
492 1164 534 1199 et
557 1155 823 1214 conspiciens
843 1154 1108 1198 intellectam
1122 1153 1346 1196 veritatem
1366 1160 1485 1195 tuam
1499 1186 1510 1205 ‚
1531 1151 1609 1195 ho-

216 1227 334 1270 mine
354 1226 699 1269 demonstratore
716 1223 998 1283 nonindiget‚
1016 1232 1065 1267 ut
1088 1238 1213 1267 suum
1235 1237 1370 1279 genus
1387 1222 1608 1280 imitetur3

216 1296 292 1342 sed
304 1295 629 1340 demonstrante
642 1305 684 1339 te
703 1297 857 1354 probat
871 1296 962 1354 ipse
979 1310 1079 1354 quae
1094 1294 1147 1338 sit
1159 1291 1361 1337 voluntas
1374 1301 1466 1347 tua,
1481 1291 1603 1352 quod

151 1386 154 1388 ’
215 1367 383 1410 bonum
405 1376 448 1410 et
486 1367 810 1426 beneplacitum
834 1375 876 1409 et
893 1363 1136 1425 perfectum
1155 1383 1163 1409 z
1186 1373 1229 1407 et
1250 1362 1379 1407 doces
1397 1378 1495 1406 eum
1510 1364 1602 1422 jam

213 1451 414 1496 capacem
446 1436 592 1480 videre
634 1437 887 1480 Trinitatem
918 1436 1118 1489 unitatis,
1144 1443 1187 1477 et
1215 1434 1427 1477 unitatem
1457 1434 1597 1477 Trini-

211 1508 327 1552 tatis.
356 1506 548 1566 Ideoque
570 1505 795 1565 pluraliter
821 1506 938 1550 dicto
960 1525 969 1550 2
999 1524 1016 1546 «
1044 1505 1270 1548 Faciamus
1294 1504 1512 1547 hominem
1536 1524 1545 1559 3
1574 1522 1594 1544 »

211 1576 486 1636 singulariter
502 1586 649 1620 tamen
670 1576 856 1620 infertur
877 1595 884 1619 :
914 1595 933 1616 «
959 1579 1013 1620 Et
1037 1574 1139 1618 fecit
1159 1578 1273 1618 Deus
1297 1575 1516 1618 hominem
1543 1592 1551 1618 :
1572 1592 1591 1615 ι)

210 1658 252 1693 et
268 1648 494 1707 pluraliter
516 1648 632 1692 dicto
659 1667 667 1691 :
694 1667 713 1688 «
740 1647 806 1691 Ad
824 1647 1057 1705 imaginem
1077 1654 1295 1696 nostram3
1323 1664 1342 1685 »
1362 1642 1593 1702 singulari-

208 1728 273 1762 ter
291 1718 500 1763 infertur:
526 1738 545 1760 «
565 1719 632 1762 Ad
652 1718 886 1776 imaginem
905 1717 996 1760 Dei.
1017 1735 1036 1757 »
1058 1720 1123 1759 Ita
1140 1717 1272 1760 homo
1294 1724 1528 1759 renovatur
1546 1715 1590 1759 in

207 1790 470 1848 agnitionem
510 1790 582 1833 Dei
597 1824 607 1843 ,
645 1789 885 1832 secundum
917 1788 1147 1846 imaginem
1186 1788 1276 1846 ejus
1309 1787 1385 1846 qui
1426 1787 1588 1831 creavit

206 1862 331 1904 eum⁵
360 1879 369 1904 ι
393 1869 435 1903 et
471 1859 670 1918 spiritalis
700 1860 881 1903 effectus
907 1858 1076 1918 judicat
1111 1859 1255 1902 omnia
1273 1893 1284 1912 ,
1311 1873 1411 1917 quae
1432 1859 1584 1917 utique

200 1931 437 1991 judicanda
454 1941 555 1976 sunt
573 1952 583 1988 ς
600 1932 690 1990 ipse
713 1939 857 1974 autem
875 1946 898 1974 a
920 1930 1092 1973 nemine
1108 1929 1346 1989 judicatur.

254 2047 261 2062 ¹
283 2043 360 2074 Gen.
381 2053 404 2083 1,
425 2042 476 2073 26.
504 2058 544 2062 —
561 2048 572 2062 ²
600 2052 610 2071 1
636 2042 709 2073 Cor.
728 2052 773 2080 lv,
796 2041 827 2071 5.
857 2057 884 2063 -
902 2038 914 2062 3
937 2053 948 2072 1
969 2040 1077 2072 Thess.
1101 2052 1136 2080 ιι,
1159 2051 1190 2082 7.
1214 2057 1256 2062 —
1274 2039 1289 2069 4
1305 2042 1396 2072 Rom.
1413 2050 1468 2080 xu,
1491 2048 1523 2069 “-
1541 2053 1583 2062 *—

206 2096 222 2120 ⁵
239 2100 318 2130 Gen.
339 2110 363 2139 ι,
382 2106 436 2139 27,
456 2103 488 2130 et
509 2097 625 2130 Coloss.
643 2109 687 2138 m,
718 2108 764 2128 ιο,
