1871 3162
634 233 978 269 CONFESSIONUM,
1015 235 1095 261 Lm.
1132 237 1208 263 νη,
1511 229 1591 268 165

220 420 257 435 w
262 419 325 434 §MK
330 418 466 434 VWVVQM
470 418 678 434 wumxffimq
683 419 818 435 &mm
822 421 890 436 m}
894 421 1101 438 mzxwu=uu
1105 422 1314 439 ιἋΛνὶἃΜὶΙιἎὶ
1318 424 1526 440 ΝΛΜΝΝΊὶΝΛινὶ
1530 426 1596 442 mx

695 564 909 614 CAPUT
945 568 1080 614 XIX.

399 729 533 791 Quid
559 733 759 777 senserit
779 730 838 777 de
864 731 1048 778 Christi
1070 735 1418 781 incarnatione.

272 907 411 949 XXV.
446 907 539 949 Eco
557 920 661 950 vero
679 905 799 949 aliud
821 906 1053 965 putabam,
1079 915 1340 966 tantumque
1362 906 1599 951 sentiebam

212 975 269 1021 de
291 976 477 1020 Domino
499 977 671 1020 Christo
691 991 806 1031 meo,
842 985 1058 1036 quantum
1079 976 1134 1020 de
1156 976 1405 1021 excellentis
1426 978 1598 1035 sapien-

212 1046 284 1090 tiae
307 1046 416 1100 viro,
447 1045 518 1089 cui
538 1045 685 1090 nullus
707 1055 851 1104 posset
873 1046 1063 1105 aequari3
1090 1046 1326 1102 praesertim
1349 1046 1452 1105 quia
1475 1046 1597 1089 mira-

212 1115 358 1160 biliter
380 1125 507 1160 natus
528 1131 579 1159 ex
597 1116 792 1174 Virgine,
808 1115 864 1159 ad
895 1114 1144 1174 exemplum
1172 1116 1599 1160 contemnendorum

211 1185 514 1244 temporalium
548 1200 628 1244 pro
659 1184 936 1244 adipiscenda
966 1184 1306 1239 immortalitate,
1339 1185 1486 1229 divina
1520 1201 1598 1244 pro

210 1256 335 1301 nobis
357 1272 459 1300 cura
479 1265 646 1300 tantam
667 1257 968 1300 auctoritatem
990 1254 1225 1314 magisterii
1246 1257 1452 1300 meruisse
1471 1257 1596 1301 vide-

210 1327 353 1371 batur.
385 1326 501 1380 Quid
539 1336 684 1370 autem
715 1327 970 1371 sacramenti
1002 1326 1251 1370 haberetz«
1271 1326 1467 1370 Verbum
1494 1341 1594 1371 caro

211 1415 232 1438 »
257 1396 422 1441 factum
451 1398 557 1450 est1,
580 1414 601 1437 »
636 1411 692 1440 ne
721 1396 927 1454 suspicari
950 1395 1127 1454 quidem
1154 1404 1366 1454 poteram.
1407 1398 1595 1440 Tantum

209 1482 496 1526 cognoveram
528 1482 580 1510 ex
609 1467 657 1510 iis
681 1481 779 1526 quae
807 1466 862 1509 de
884 1465 960 1510 illo
982 1466 1138 1524 scripta
1165 1464 1452 1519 traderentur,
1491 1468 1593 1525 quia

208 1537 488 1581 manducavit
505 1545 547 1579 et
563 1535 692 1590 bibit,
711 1535 931 1589 dormivit,
953 1535 1208 1589 ambulavit,
1229 1535 1490 1580 exhilaratus
1509 1545 1587 1591 est,

208 1607 484 1652 contristatus
497 1614 575 1660 est,
588 1605 897 1649 sermocinatus
911 1613 992 1662 est,
1004 1620 1094 1649 non
1105 1605 1276 1649 haesisse
1285 1621 1458 1649 carnem
1472 1606 1591 1650 illam

209 1677 354 1720 Verbo
377 1686 469 1729 tuo,
495 1675 576 1719 nisi
600 1690 700 1719 cum
723 1675 865 1718 anima
887 1684 931 1718 et
952 1683 1098 1718 mente
1120 1676 1326 1719 humana.
1353 1677 1481 1721 Novit
1506 1677 1590 1720 hoc

208 1746 348 1791 omnis
365 1745 580 1805 quinovit
598 1743 1080 1788 incommutabilitatem
1097 1745 1231 1788 Verbi
1248 1745 1328 1799 tui,
1355 1761 1487 1804 quam
1509 1761 1589 1804 ego

204 1819 294 1876 jam
327 1831 533 1861 noveram
566 1824 779 1874 quantum
802 1824 1020 1874 poteram,
1045 1830 1125 1859 nec
1147 1816 1324 1859 omnino
1347 1816 1589 1875 quidquam

208 1887 310 1931 inde
331 1886 604 1930 dubitabam.
630 1885 803 1929 Etenim
830 1900 947 1929 nunc
969 1900 1142 1929 movere
1171 1887 1365 1930 membra
1400 1887 1589 1944 corporis

207 1972 283 2016 per
314 1955 599 2009 voluntatem,
625 1970 743 1999 nunc
767 1969 857 1999 non
883 1969 1083 1999 movere:
1109 1970 1227 1999 nunc
1250 1954 1396 2015 aliquo
1426 1956 1587 2000 affectu

208 2027 336 2080 affici,
370 2041 487 2069 nunc
510 2040 600 2069 non
622 2025 761 2069 affici:
786 2040 905 2068 nunc
926 2025 1120 2084 proferre
1139 2040 1216 2084 per
1232 2026 1353 2084 signa
1375 2026 1587 2084 sapientes

207 2097 456 2151 sententias,
473 2111 592 2140 nunc
606 2110 694 2139 esse
706 2096 752 2138 in
766 2095 937 2139 silentio
953 2115 962 2140 ε
985 2097 1158 2155 propria
1170 2105 1271 2140 sunt
1286 2096 1588 2141 mutabilitatis

208 2167 363 2211 animae
379 2175 422 2210 et
442 2169 613 2210 mentis.
633 2168 743 2219 Quae
759 2166 793 2210 si
814 2164 920 2222 falsa
939 2165 994 2210 de
1009 2165 1085 2210 illo
1106 2167 1263 2226 scripta
1281 2175 1435 2220 essent,
1457 2167 1585 2211 etiam

208 2239 353 2282 omnia
370 2236 716 2296 periclitarentur
734 2236 978 2292 mendacio,
1001 2252 1143 2297 neque
1164 2237 1210 2281 in
1230 2237 1312 2281 illis
1331 2236 1483 2281 litteris
1501 2237 1588 2280 ulla

208 2309 310 2352 fidei
337 2307 450 2352 salus
479 2308 625 2366 generi
654 2308 847 2353 humano
878 2317 1136 2352 remaneret.
1170 2308 1281 2360 Quia
1315 2307 1461 2366 itaque
1490 2323 1589 2351 vera

208 2379 365 2437 scripta
401 2387 518 2433 sunt,
558 2387 700 2423 totum
737 2378 959 2422 hominem
993 2379 1038 2421 in
1071 2379 1242 2423 Christo
1278 2378 1560 2434 agnoscebam
1578 2399 1588 2433 ²,

209 2462 298 2492 non
318 2463 473 2506 corpus
491 2457 660 2492 tantum
683 2448 885 2502 hominis,
913 2457 988 2492 aut
1009 2462 1108 2491 cum
1132 2462 1311 2506 corpore
1333 2448 1422 2490 sine
1442 2457 1588 2490 ment(-

255 2544 267 2563 ¹
281 2545 369 2575 Joan.
397 2555 421 2585 1,
447 2543 494 2584 ¹4·
