1871 3162
544 246 894 287 CONFESSIONUM,
929 249 1012 276 Lm.
1047 251 1108 276 1v.
1456 240 1510 278 67

137 434 403 451 {mmmmm

732 433 1489 451 ΜΜΙἏΜΛΜΜΝΜΙΛΑΜΜΜΜΜΜ
1492 435 1523 451 W

642 566 859 616 CAPUT
897 569 990 614 ΙΙΙ.

136 720 216 766 Ab
234 720 525 783 astrologia,
544 723 624 766 cai
637 720 825 767 deditas
842 731 964 778 erat,
977 737 1070 781 per
1084 736 1246 766 senem
1262 719 1512 768 medic-inse

461 801 507 836 et
527 808 685 837 rerum
700 794 906 852 peritum
924 802 1192 839 revocatur.

200 949 276 990 IV.
313 949 507 1000 Immone
529 946 625 991 illos
646 946 800 1006 planos
814 982 826 1002 ‚
850 962 960 1007 quos
980 947 1307 993 Mathematicos
1328 956 1488 992 vocant
1505 983 1517 1004 ,

137 1015 266 1075 plane
287 1016 512 1060 consulere
533 1031 623 1060 non
645 1014 902 1061 desistebam
922 1051 934 1071 ‚
971 1017 1092 1077 quod
1123 1017 1244 1076 quasi
1267 1017 1438 1061 nullum
1461 1018 1520 1062 eis

140 1094 249 1130 esset
276 1086 531 1129 sacrificium
549 1120 560 1139 ,
587 1094 632 1129 et
653 1086 786 1129 nullae
803 1101 951 1146 preces
971 1121 982 1141 ‚
1019 1086 1076 1130 ad
1102 1087 1293 1146 aliquem
1320 1087 1523 1146 spiritum

140 1156 198 1199 ob
220 1155 532 1200 divinationem
567 1155 860 1213 dirigerentur
885 1175 894 1201 ε
917 1156 1037 1216 quod
1057 1165 1203 1200 tamen
1225 1157 1458 1201 christiana
1478 1166 1521 1201 et

139 1240 240 1269 vera
262 1225 398 1284 pietas
435 1234 754 1285 consequenter
780 1225 951 1285 repellit
978 1235 1022 1270 et
1046 1227 1240 1272 damnat.
1266 1230 1438 1272 Bonum
1460 1237 1524 1272 est

140 1297 257 1340 enim
279 1296 479 1340 confiteri
500 1296 580 1339 tibi
601 1331 612 1351 ,
637 1296 823 1340 Domine
843 1331 853 1351 ‚
878 1306 921 1340 et
937 1297 1080 1341 dicere
1106 1316 1114 1342 :
1146 1316 1166 1340 «
1185 1299 1388 1343 Miserere
1409 1299 1494 1343 mei
1514 1333 1526 1354 ‚

142 1384 163 1408 »
199 1381 303 1410 cura
320 1366 509 1409 animam
531 1381 674 1410 meam
690 1401 701 1422 ‚
735 1366 942 1426 quoniam
959 1367 1136 1426 peccavi
1172 1368 1251 1411 tibi
1267 1370 1279 1393 ¹
1303 1370 1323 1409 ›'›
1345 1389 1356 1427 3
1380 1383 1524 1428 neque

142 1436 197 1480 ad
213 1436 432 1480 licentiam
456 1436 663 1495 peccandi
685 1437 807 1480 abuti
840 1436 1112 1495 indulgentia
1135 1436 1207 1481 'tua
1227 1473 1238 1493 ‚
1263 1440 1338 1482 sed
1370 1439 1526 1483 merni—

142 1508 253 1551 nisse
283 1506 513 1551 dominicae
550 1508 667 1551 vocis
701 1526 710 1551 :
752 1526 773 1549 «
794 1508 907 1551 Ecce
927 1522 1056 1551 sanus
1077 1508 1218 1552 factus
1240 1525 1307 1566 es3
1326 1510 1415 1568 jam
1439 1510 1529 1554 noli

145 1597 166 1620 »
201 1593 395 1637 peccare,
417 1593 471 1621 ne
488 1579 597 1637 quid
617 1578 698 1621 tibi
712 1578 903 1621 deterius
920 1578 1214 1637 coming-2112.»
1236 1582 1376 1632 Quam
1393 1590 1530 1624 totam

143 1648 207 1692 illi
228 1648 528 1693 salubritatem
560 1648 802 1692 interficere
822 1657 1037 1692 conantur
1058 1684 1068 1703 ‚
1106 1644 1207 1693 cum
1237 1650 1390 1694 dicunt
1423 1670 1432 1696 2
1465 1655 1526 1695 De

146 1719 260 1763 coelo
283 1719 360 1763 tibi
379 1727 442 1762 est
463 1717 727 1762 inevitabilis
744 1733 871 1762 causa
893 1719 1117 1778 peccandi.
1143 1721 1199 1763 Et
1216 1755 1227 1775 ‚
1263 1722 1410 1765 Venus
1444 1722 1528 1766 hoc

148 1788 266 1844 fecit,
292 1798 367 1833 aut
386 1791 614 1843 Saturnus,
635 1797 710 1832 aut
729 1791 860 1833 Mars.
888 1788 1060 1833 Scilicet
1080 1798 1130 1834 ut
1147 1791 1280 1834 homo
1297 1792 1387 1835 sine
1402 1791 1532 1851 culpa

149 1860 203 1904 sit
222 1894 233 1915 ‚
273 1875 372 1903 caro
394 1868 436 1902 et
458 1859 630 1917 sanguis
652 1867 695 1902 et
710 1859 900 1917 ‘superba
933 1859 1121 1918 putredo
1145 1879 1155 1905 :
1197 1860 1441 1920 culpandus
1476 1863 1530 1907 sit

150 1939 295 1974 autem
318 1929 418 1974 coeli
442 1945 490 1973 ac
512 1930 702 1973 siderum
723 1939 890 1974 creator
913 1939 956 1974 et
987 1930 1224 1976 ordinator.
1266 1935 1322 1977 Et
1350 1934 1446 1993 quis
1468 1942 1532 1978 est

148 2002 219 2045 hic
233 2000 314 2044 nisi
332 2003 444 2044 Deus
462 2009 623 2053 noster,
647 2001 832 2044 suavitas
849 2010 892 2045 et
913 2001 1034 2059 origo
1051 2002 1233 2060 justitiae
1249 2038 1261 2058 ‚
1285 2003 1362 2063 qui
1385 2003 1526 2049 reddis

149 2072 387 2131 unicuique
401 2071 642 2115 secundum
664 2086 794 2129 opera
814 2072 906 2132 ejus
920 2072 954 2127 35
974 2080 1017 2115 et
1033 2087 1107 2117 cor
1123 2074 1360 2119 contritum
1381 2083 1423 2119 et
1439 2075 1527 2119 hu-

152 2142 365 2187 miliatum
387 2157 476 2186 non
497 2142 662 2201 spernis
676 2142 713 2185 4?

211 2214 266 2256 V.
300 2215 405 2256 Erat
420 2227 472 2256 eo
492 2220 687 2271 tempore
707 2212 773 2255 vir
793 2214 943 2270 sagax⁵
964 2247 975 2268 ‚
1001 2213 1181 2258 medicae
1203 2216 1303 2260 artis
1325 2217 1530 2275 peritissi-

154 2298 249 2327 mus
269 2317 280 2338 ‚
306 2291 435 2342 atque
457 2283 501 2325 in
522 2297 570 2325 ea
593 2280 900 2337 nobilissimus,
923 2282 999 2341 qui
1022 2284 1280 2342 proconsule
1301 2302 1434 2331 manu
1456 2304 1534 2334 sua

157 2367 362 2398 coronam
394 2351 514 2396 illam
542 2352 823 2410 agonisticam
850 2353 1118 2412 imposuerat
1149 2370 1238 2399 non
1269 2372 1374 2402 sano
1404 2360 1536 2419 capiti

210 2459 315 2492 'Psah
334 2471 385 2501 XL,
402 2459 431 2491 5.
465 2475 496 2481 -
515 2466 528 2481 ²
550 2461 642 2490 Joan.
670 2470 703 2499 v,
730 2458 779 2499 14.
807 2476 846 2482 —
867 2458 880 2482 3
908 2461 1027 2493 Matth.
1046 2472 1136 2501 xxvr,
1155 2471 1208 2504 27.
1230 2480 1272 2486 —-
1291 2463 1308 2494 4
1332 2467 1412 2498 Psal,
1430 2478 1460 2503 L,
1485 2479 1534 2509 ¹9·

163 2534 204 2539 —-
224 2515 238 2539 5
258 2516 405 2553 Scilicet,
427 2515 645 2553 Vindicianus‚
669 2525 707 2546 ex
732 2515 857 2548 nomine
876 2521 985 2558 postea
1003 2517 1181 2559 designatus
1209 2518 1264 2550 lib.
1283 2530 1336 2561 vn,
1358 2533 1429 2564 cap.
1449 2523 1486 2557 6,
1509 2528 1542 2555 et

164 2572 204 2604 ab
218 2572 390 2613 Augustino
408 2569 552 2601 laudatus
565 2570 595 2601 in
610 2570 708 2612 Epist.
728 2581 861 2602 cxxxvni
881 2572 918 2602 ad
937 2572 1150 2604 Marcellinum
1168 2584 1187 2604 n
1221 2582 1251 2605 2.

1284 2630 1320 2665 Γ).
