1871 3162
305 200 357 238 38
732 210 1025 238 s.AUGUSTm1
1056 209 1237 239 131’18001’1

307 279 411 319 Erat
433 276 546 319 enim
573 276 676 319 mihi
693 275 922 319 1331101313
945 263 1091 333 copia,
1115 274 1189 319 illa
1211 285 1354 320 autem
1375 275 1568 343 decerpsi
1585 285 1683 347 tap-

303 355 397 390 tum
415 355 465 390 ut
487 345 668 401 furarer.
693 348 801 391 Nam
825 345 1027 403 deceipta
1050 345 1230 411 ffiojgci,
1256 346 1456 410 Qtus
1476 346 1580 411 13113
1609 361 1682 390 30-

304 416 393 461 lam
429 410 705 476 iniquitatem
726 450 738 471 ‚
769 430 856 474 qua
886 412 1075 483 laetabar
1093 402 1256 461 fruens.
1297 419 1406 462 Nam
1428 426 1472 461 et
1496 410 1541 460 31
1575 415 1685 476 quid

303 486 481 532 illorum
501 501 733 546 pomorum
754 485 932 531 intravit
947 469 995 529 in
1011 501 1059 530 os
1078 501 1252 543 meum,
1277 486 1608 532 condimentum
1624 487 1686 531 ibi

302 556 474 602 facinus
494 566 602 601 erat.
634 559 691 600 Et
711 571 830 600 nunc
844 590 856 610 ‚
892 555 1077 600 Domine
1098 558 1213 600 Deus
1241 571 1390 611 meus,
1411 571 1561 616 quaero
1577 555 1686 616 quid

303 641 374 670 me
412 627 458 671 in
479 625 597 671 furto
619 625 925 691 d9lectayerit,
956 634 1000 669 et
1020 640 1120 670 ecce
1141 627 1302 685 species
1335 626 1457 670 nulla
1479 635 1558 671 est.
1588 628 1686 672 Non

301 696 402 742 dico
438 698 549 742 sicut
572 698 618 740 in
643 687 861 763 333311313
872 704 1003 756 atque
1025 695 1287 755 prudentia3
1310 696 1387 741 sed
1411 711 1554 756 neque
1575 697 1687 741 sicut

302 767 348 810 in
365 776 512 811 mente
533 763 720 811 hominis
738 775 870 826 atque
891 766 1100 810 memoria
1117 775 1160 810 et
1181 766 1374 810 sensibus
1395 775 1439 810 et
1452 775 1708 838 vegetante

300 838 416 881 vita·
408 852 589 897 ,33333
610 837 722 881 sicut
743 837 933 898 speci9sa
954 846 1056 881 sunt
1078 835 1217 880 sidera
1237 846 1281 881 et
1301 828 1458 901 decora
1473 833 1580 881 ν13313
1602 836 1688 880 suis

301 916 345 951 et
368 916 481 950 terra
505 916 547 950 et
565 922 683 950 mare
705 906 833 966 plena
863 904 1070 970 foetibu3,
1096 907 1173 966 qui
1195 888 1437 970 succedunt
1470 908 1687 952 nascendo

302 978 642 1036 decedentibus·
671 994 760 1022 non
792 978 946 1042 saltem
961 970 1011 1022 ut
1032 965 1096 1022 est
1125 964 1330 1038 quaedam
1351 978 1566 1023 defectiva
1588 993 1688 1038 spe-

303 1050 388 1094 cies
407 1059 450 1093 et
471 1049 711 1114 umbratica
727 1040 840 1094 vitiis
858 1036 1130 1093 fallentibus.

362 1121 490 1164 XIII.
515 1122 625 1164 Nam
646 1109 689 1163 9t
708 1104 909 1178 superbia
932 1118 1234 1163 celsitudinem
1265 1119 1486 1176 imitatur,
1518 1134 1618 1163 cum
1640 1127 1690 1162 tu

305 1189 358 1233 sis
382 1204 494 1233 unus
523 1204 653 1248 super
673 1189 818 1233 omnia
846 1192 959 1232 Deus
976 1188 1181 1233 excelsus.
1209 1192 1265 1233 Et
1284 1190 1464 1234 ambitio
1481 1189 1589 1249 quid
1611 1189 1691 1232 nisi

304 1261 491 1304 honores
510 1260 667 1319 quaerit
688 1269 731 1303 et
751 1259 955 1318 gloriam,
980 1275 1080 1303 cum
1099 1269 1148 1303 tu
1172 1261 1225 1304 sis
1248 1276 1337 1319 prae
1365 1261 1532 1304 cunctis
1551 1261 1693 1304 hono-

304 1330 466 1373 randus
495 1345 608 1372 unus
632 1338 676 1373 et
705 1329 914 1407 gloriosus
945 1329 992 1373 in
1013 1317 1334 1374 3313Γ33139Ἐ1
1356 1330 1516 1373 saevitia
1547 1339 1692 1389 potes-

305 1409 448 1444 tatum
467 1399 608 1443 timeri
629 1398 755 1443 vult:
782 1399 877 1459 quis
900 1408 1046 1443 autem
1072 1399 1292 1445 timendus
1316 1400 1397 1444 nisi
1415 1417 1527 1444 unus
1551 1404 1690 1457 Deus,

306 1471 428 1529 cujus
450 1471 652 1528 potestati
674 1469 781 1528 eripi
810 1478 884 1513 aut
913 1469 1111 1513 subtrahi
1142 1470 1250 1529 quid
1283 1473 1457 1529 potest?
1482 1471 1662 1530 quando
1677 1506 1689 1526 ,

308 1549 384 1584 aut
406 1540 505 1594 ubi,
533 1548 610 1583 aut
638 1555 750 1599 quo,
786 1538 855 1583 vel
877 1555 900 1583 3
929 1555 1018 1598 quo
1054 1541 1225 1598 potest?
1248 1543 1304 1584 Et
1326 1540 1551 1584 blanditiae
1574 1540 1694 1585 lasci-

310 1609 523 1653 vientium
545 1608 681 1652 amari
715 1608 871 1652 volunt
896 1628 906 1653 :
929 1608 1005 1652 sed
1027 1624 1170 1669 neque
1203 1608 1407 1654 blandius
1442 1620 1506 1654 est
1532 1609 1697 1670 aliquid

308 1689 385 1724 tua
402 1679 635 1734 charitate,
657 1694 738 1723 nec
766 1688 937 1723 amatur
958 1680 1202 1740 quidquam
1231 1680 1445 1725 salubrius
1467 1697 1598 1741 quam
1621 1681 1696 1726 illa

309 1765 401 1809 prae
419 1749 585 1794 cunctis
607 1748 794 1794 formosa
813 1759 856 1793 et
873 1749 1089 1794 luminosa
1106 1751 1262 1796 veritas
1279 1760 1370 1795 tua.
1395 1753 1451 1795 Et
1472 1751 1696 1796 curiositas

312 1821 518 1865 affectare
529 1820 704 1863 videtur
717 1819 912 1864 studium
934 1820 1148 1877 scientiae3
1165 1836 1267 1865 cum
1290 1830 1338 1864 tu
1361 1822 1507 1865 omnia
1525 1837 1696 1866 summe

313 1890 496 1935 noveris.
525 1890 773 1947 Ignorantia
795 1905 973 1950 quoque
990 1890 1082 1948 ipsa
1103 1900 1235 1949 atque
1251 1890 1434 1934 stultitia
1452 1926 1463 1942 ‚
1490 1891 1697 1950 simplici·-

310 1961 410 2005 tatis
437 1969 481 2004 et
516 1960 782 2004 innocentiae
810 1960 988 2003 nomine
1020 1959 1178 2017 tegitur
1210 1978 1219 2003 :
1251 1960 1355 2019 quia
1383 1967 1426 2002 te
1462 1959 1697 2019 simplicius

312 2030 554 2090 quidquam
587 2045 677 2074 non
712 2030 940 2089 reperitur.
987 2028 1104 2081 Quid
1137 2037 1181 2073 te
1213 2038 1358 2072 autem
1393 2029 1692 2086 innocentius,

314 2098 673 2160 quandoquidem
702 2113 832 2157 opera
854 2114 931 2142 sua
953 2097 1076 2142 malis
1094 2098 1268 2143 inimica
1289 2107 1391 2143 sunt
1407 2101 1425 2140 ‘?
1440 2102 1498 2143 Et
1524 2101 1697 2159 ignavia

313 2170 437 2231 quasi
453 2169 647 2229 quietem
667 2169 833 2229 appetit
854 2187 863 2213 :
899 2183 998 2228 quae
1020 2183 1123 2213 vero
1145 2169 1267 2228 quies
1289 2177 1406 2213 certa
1428 2178 1583 2229 praeter
1606 2173 1697 2215 Do-

311 2241 512 2285 minum?
532 2238 721 2283 Luxuria
751 2239 992 2283 satietatem
1018 2247 1149 2298 atque
1171 2238 1487 2283 abundantiam
1508 2254 1553 2284 se
1573 2241 1696 2300 cupit

245 2319 251 2322 ’
309 2310 453 2354 vocari
471 2330 483 2367 ;
507 2317 557 2353 tu
579 2317 724 2353 autem
746 2323 790 2353 33
811 2306 1040 2368 plenitudo
1059 2316 1103 2353 et
1123 2308 1376 2353 indeficiens
1396 2309 1522 2368 copia
1545 2310 1695 2355 incor-

306 2378 525 2438 ruptibilis
557 2379 797 2424 suavitatis.
836 2379 1006 2424 Effusio
1049 2379 1319 2423 liberalitatis
1354 2379 1555 2424 obtendit
1594 2396 1695 2425 um-

308 2450 433 2493 bram
453 2467 463 2494 :
491 2448 567 2493 sed
591 2449 810 2495 bonorum
841 2449 1040 2494 omnium
1061 2448 1239 2507 largitor
1263 2450 1614 2496 affluentissimus
1643 2461 1694 2496 tu

305 2534 364 2563 es.
401 2519 591 2564 Avaritia
613 2519 751 2565 multa
778 2518 997 2579 possidere
1026 2518 1152 2578 vult3
1175 2529 1219 2564 et
1240 2529 1290 2564 tu
1311 2519 1502 2579 possides
1522 2523 1684 2566 omnia.
