<?xml version="1.0" encoding="UTF-8"?>
<!DOCTYPE html PUBLIC "-//W3C//DTD XHTML 1.0 Transitional//EN"
    "http://www.w3.org/TR/xhtml1/DTD/xhtml1-transitional.dtd">
<html xmlns="http://www.w3.org/1999/xhtml" xml:lang="en" lang="en">
 <head>
  <title>
</title>
<meta http-equiv="Content-Type" content="text/html;charset=utf-8" />
  <meta name='ocr-system' content='tesseract 3.04.00' />
  <meta name='ocr-capabilities' content='ocr_page ocr_carea ocr_par ocr_line ocrx_word'/>
</head>
<body>
  <div class='ocr_page' id='page_1' title='image "./operaomniaaccura25auguuoft_0468.png"; bbox 0 0 1871 3162; ppageno 0'>
   <div class='ocr_carea' id='block_1_1' title="bbox 289 197 1234 239">
    <p class='ocr_par' dir='ltr' id='par_1_1' title="bbox 289 197 1234 239">
     <span class='ocr_line' id='line_1_1' title="bbox 289 197 1234 239; baseline 0.001 -1"><span class='ocrx_word' id='word_1_1' title='bbox 289 197 376 239; x_wconf 77' lang='lat'>454</span> <span class='ocrx_word' id='word_1_2' title='bbox 729 208 763 238; x_wconf 91' lang='lat' dir='ltr'>s.</span> <span class='ocrx_word' id='word_1_3' title='bbox 797 208 1030 239; x_wconf 68' lang='lat' dir='ltr'>nmmum</span> <span class='ocrx_word' id='word_1_4' title='bbox 1051 210 1234 239; x_wconf 72' lang='lat'>131‘18001’1</span> 
     </span>
    </p>
   </div>
   <div class='ocr_carea' id='block_1_2' title="bbox 288 273 1676 906">
    <p class='ocr_par' dir='ltr' id='par_1_2' title="bbox 288 273 1676 906">
     <span class='ocr_line' id='line_1_2' title="bbox 288 273 1669 336; baseline 0.004 -16"><span class='ocrx_word' id='word_1_5' title='bbox 288 276 419 334; x_wconf 85' lang='lat' dir='ltr'>cygni</span> <span class='ocrx_word' id='word_1_6' title='bbox 441 275 497 319; x_wconf 89' lang='lat' dir='ltr'>ab</span> <span class='ocrx_word' id='word_1_7' title='bbox 527 276 688 320; x_wconf 86' lang='lat' dir='ltr'>anseris</span> <span class='ocrx_word' id='word_1_8' title='bbox 709 284 833 320; x_wconf 89' lang='lat' dir='ltr'>tactu</span> <span class='ocrx_word' id='word_1_9' title='bbox 858 273 984 320; x_wconf 89' lang='lat' dir='ltr'>facile</span> <span class='ocrx_word' id='word_1_10' title='bbox 1006 275 1266 336; x_wconf 72' lang='lat' dir='ltr'>dijudicari?</span> <span class='ocrx_word' id='word_1_11' title='bbox 1286 280 1340 322; x_wconf 99' lang='lat' dir='ltr'>A.</span> <span class='ocrx_word' id='word_1_12' title='bbox 1364 279 1461 324; x_wconf 91' lang='lat' dir='ltr'>Non</span> <span class='ocrx_word' id='word_1_13' title='bbox 1482 279 1669 325; x_wconf 87' lang='lat' dir='ltr'>videtur.</span> 
     </span>
     <span class='ocr_line' id='line_1_3' title="bbox 289 346 1674 408; baseline 0.004 -18"><span class='ocrx_word' id='word_1_14' title='bbox 289 350 343 391; x_wconf 91' lang='lat' dir='ltr'>R.</span> <span class='ocrx_word' id='word_1_15' title='bbox 370 346 486 400; x_wconf 88' lang='lat' dir='ltr'><strong>Quid</strong></span> <span class='ocrx_word' id='word_1_16' title='bbox 523 361 624 391; x_wconf 92' lang='lat' dir='ltr'>cum</span> <span class='ocrx_word' id='word_1_17' title='bbox 645 346 749 391; x_wconf 86' lang='lat' dir='ltr'>talia</span> <span class='ocrx_word' id='word_1_18' title='bbox 770 361 849 391; x_wconf 87' lang='lat' dir='ltr'>nos</span> <span class='ocrx_word' id='word_1_19' title='bbox 870 347 940 392; x_wconf 85' lang='lat' dir='ltr'>vel</span> <span class='ocrx_word' id='word_1_20' title='bbox 961 346 1172 404; x_wconf 83' lang='lat' dir='ltr'><strong>olfacere,</strong></span> <span class='ocrx_word' id='word_1_21' title='bbox 1195 348 1266 394; x_wconf 88' lang='lat' dir='ltr'>vel</span> <span class='ocrx_word' id='word_1_22' title='bbox 1283 358 1470 408; x_wconf 84' lang='lat' dir='ltr'>gustare,</span> <span class='ocrx_word' id='word_1_23' title='bbox 1490 350 1560 395; x_wconf 90' lang='lat' dir='ltr'>vel</span> <span class='ocrx_word' id='word_1_24' title='bbox 1576 359 1674 396; x_wconf 83' lang='lat' dir='ltr'>tan—</span> 
     </span>
     <span class='ocr_line' id='line_1_4' title="bbox 289 417 1673 480; baseline 0.004 -20"><span class='ocrx_word' id='word_1_25' title='bbox 289 430 389 475; x_wconf 86' lang='lat' dir='ltr'>gere</span> <span class='ocrx_word' id='word_1_26' title='bbox 402 417 680 472; x_wconf 85' lang='lat' dir='ltr'>somniamus,</span> <span class='ocrx_word' id='word_1_27' title='bbox 692 432 839 462; x_wconf 92' lang='lat' dir='ltr'>nonne</span> <span class='ocrx_word' id='word_1_28' title='bbox 853 417 1137 463; x_wconf 79' lang='lat' dir='ltr'>similitudine</span> <span class='ocrx_word' id='word_1_29' title='bbox 1147 419 1388 478; x_wconf 86' lang='lat' dir='ltr'>imaginum</span> <span class='ocrx_word' id='word_1_30' title='bbox 1400 420 1673 480; x_wconf 69' lang='lat' dir='ltr'>eodeteriore</span> 
     </span>
     <span class='ocr_line' id='line_1_5' title="bbox 289 487 1676 552; baseline 0.004 -21"><span class='ocrx_word' id='word_1_31' title='bbox 289 503 378 548; x_wconf 92' lang='lat' dir='ltr'>quo</span> <span class='ocrx_word' id='word_1_32' title='bbox 398 488 594 532; x_wconf 89' lang='lat' dir='ltr'>inaniore</span> <span class='ocrx_word' id='word_1_33' title='bbox 609 487 881 547; x_wconf 82' lang='lat' dir='ltr'>decipimur?</span> <span class='ocrx_word' id='word_1_34' title='bbox 898 491 950 532; x_wconf 93' lang='lat' dir='ltr'>A.</span> <span class='ocrx_word' id='word_1_35' title='bbox 971 491 1135 533; x_wconf 89' lang='lat' dir='ltr'>Verum</span> <span class='ocrx_word' id='word_1_36' title='bbox 1154 490 1272 535; x_wconf 91' lang='lat' dir='ltr'>dicis.</span> <span class='ocrx_word' id='word_1_37' title='bbox 1292 494 1346 535; x_wconf 87' lang='lat' dir='ltr'>R.</span> <span class='ocrx_word' id='word_1_38' title='bbox 1364 494 1480 550; x_wconf 84' lang='lat' dir='ltr'>Ergo</span> <span class='ocrx_word' id='word_1_39' title='bbox 1497 502 1676 552; x_wconf 87' lang='lat' dir='ltr'>apparet</span> 
     </span>
     <span class='ocr_line' id='line_1_6' title="bbox 290 560 1675 620; baseline 0.004 -17"><span class='ocrx_word' id='word_1_40' title='bbox 290 574 368 604; x_wconf 92' lang='lat' dir='ltr'>nos</span> <span class='ocrx_word' id='word_1_41' title='bbox 391 560 436 603; x_wconf 90' lang='lat' dir='ltr'>in</span> <span class='ocrx_word' id='word_1_42' title='bbox 458 560 662 604; x_wconf 87' lang='lat' dir='ltr'>omnibus</span> <span class='ocrx_word' id='word_1_43' title='bbox 683 560 882 605; x_wconf 86' lang='lat' dir='ltr'>sensibus</span> <span class='ocrx_word' id='word_1_44' title='bbox 903 560 992 604; x_wconf 90' lang='lat' dir='ltr'>sive</span> <span class='ocrx_word' id='word_1_45' title='bbox 1016 560 1281 620; x_wconf 65' lang='lat' dir='ltr'>aequalibus,</span> <span class='ocrx_word' id='word_1_46' title='bbox 1307 563 1395 607; x_wconf 86' lang='lat' dir='ltr'>sive</span> <span class='ocrx_word' id='word_1_47' title='bbox 1415 563 1462 606; x_wconf 93' lang='lat' dir='ltr'>in</span> <span class='ocrx_word' id='word_1_48' title='bbox 1483 563 1675 609; x_wconf 88' lang='lat' dir='ltr'>deterio—</span> 
     </span>
     <span class='ocr_line' id='line_1_7' title="bbox 290 630 1676 689; baseline 0.004 -15"><span class='ocrx_word' id='word_1_49' title='bbox 290 630 410 674; x_wconf 89' lang='lat' dir='ltr'>ribus</span> <span class='ocrx_word' id='word_1_50' title='bbox 432 631 584 684; x_wconf 88' lang='lat' dir='ltr'>rebus,</span> <span class='ocrx_word' id='word_1_51' title='bbox 618 640 694 675; x_wconf 88' lang='lat' dir='ltr'>aut</span> <span class='ocrx_word' id='word_1_52' title='bbox 716 631 999 676; x_wconf 83' lang='lat' dir='ltr'>similitudine</span> <span class='ocrx_word' id='word_1_53' title='bbox 1017 630 1296 677; x_wconf 86' lang='lat' dir='ltr'>lenocinante</span> <span class='ocrx_word' id='word_1_54' title='bbox 1317 631 1427 689; x_wconf 87' lang='lat' dir='ltr'>falli,</span> <span class='ocrx_word' id='word_1_55' title='bbox 1448 642 1525 677; x_wconf 85' lang='lat' dir='ltr'>aut</span> <span class='ocrx_word' id='word_1_56' title='bbox 1545 635 1676 679; x_wconf 87' lang='lat' dir='ltr'>etiam</span> 
     </span>
     <span class='ocr_line' id='line_1_8' title="bbox 290 700 1676 762; baseline 0.004 -18"><span class='ocrx_word' id='word_1_57' title='bbox 290 702 325 745; x_wconf 89' lang='lat' dir='ltr'>si</span> <span class='ocrx_word' id='word_1_58' title='bbox 344 716 436 745; x_wconf 90' lang='lat' dir='ltr'>non</span> <span class='ocrx_word' id='word_1_59' title='bbox 451 700 645 745; x_wconf 82' lang='lat' dir='ltr'>fallimur</span> <span class='ocrx_word' id='word_1_60' title='bbox 669 703 982 762; x_wconf 89' lang='lat' dir='ltr'>suspendentes</span> <span class='ocrx_word' id='word_1_61' title='bbox 999 704 1346 759; x_wconf 85' lang='lat' dir='ltr'>consensionem,</span> <span class='ocrx_word' id='word_1_62' title='bbox 1371 719 1449 749; x_wconf 91' lang='lat' dir='ltr'>seu</span> <span class='ocrx_word' id='word_1_63' title='bbox 1465 704 1676 749; x_wconf 82' lang='lat' dir='ltr'>differen-</span> 
     </span>
     <span class='ocr_line' id='line_1_9' title="bbox 290 771 1676 837; baseline 0.004 -22"><span class='ocrx_word' id='word_1_64' title='bbox 290 772 395 815; x_wconf 86' lang='lat' dir='ltr'>tiam</span> <span class='ocrx_word' id='word_1_65' title='bbox 433 771 762 830; x_wconf 84' lang='lat' dir='ltr'>dignoscentes,</span> <span class='ocrx_word' id='word_1_66' title='bbox 787 782 936 818; x_wconf 90' lang='lat' dir='ltr'>tamen</span> <span class='ocrx_word' id='word_1_67' title='bbox 959 788 1029 819; x_wconf 87' lang='lat' dir='ltr'>eas</span> <span class='ocrx_word' id='word_1_68' title='bbox 1050 790 1116 819; x_wconf 89' lang='lat' dir='ltr'>res</span> <span class='ocrx_word' id='word_1_69' title='bbox 1145 774 1272 820; x_wconf 84' lang='lat' dir='ltr'>falsas</span> <span class='ocrx_word' id='word_1_70' title='bbox 1308 776 1534 820; x_wconf 88' lang='lat' dir='ltr'>nominare</span> <span class='ocrx_word' id='word_1_71' title='bbox 1568 791 1676 837; x_wconf 88' lang='lat' dir='ltr'>quas</span> 
     </span>
     <span class='ocr_line' id='line_1_10' title="bbox 290 842 1574 906; baseline 0.005 -19"><span class='ocrx_word' id='word_1_72' title='bbox 290 842 539 887; x_wconf 88' lang='lat' dir='ltr'>verisimiles</span> <span class='ocrx_word' id='word_1_73' title='bbox 561 842 943 903; x_wconf 87' lang='lat' dir='ltr'>deprehendimus.</span> <span class='ocrx_word' id='word_1_74' title='bbox 966 848 1018 890; x_wconf 91' lang='lat' dir='ltr'>A.</span> <span class='ocrx_word' id='word_1_75' title='bbox 1046 846 1258 892; x_wconf 86' lang='lat' dir='ltr'>Dubitare</span> <span class='ocrx_word' id='word_1_76' title='bbox 1274 862 1365 892; x_wconf 90' lang='lat' dir='ltr'>non</span> <span class='ocrx_word' id='word_1_77' title='bbox 1380 861 1574 906; x_wconf 86' lang='lat' dir='ltr'>possum.</span> 
     </span>
    </p>
   </div>
   <div class='ocr_carea' id='block_1_3' title="bbox 291 1033 1680 1055">
    <p class='ocr_par' dir='ltr' id='par_1_3' title="bbox 291 1033 1680 1055">
     <span class='ocr_line' id='line_1_11' title="bbox 291 1033 1680 1055; baseline 0.004 -5"><span class='ocrx_word' id='word_1_78' title='bbox 291 1033 1680 1055; x_wconf 59' lang='lat' dir='ltr'>mmmmmmmmmmmmmmummwm</span> 
     </span>
    </p>
   </div>
   <div class='ocr_carea' id='block_1_4' title="bbox 807 1191 1180 1242">
    <p class='ocr_par' dir='ltr' id='par_1_4' title="bbox 807 1191 1180 1242">
     <span class='ocr_line' id='line_1_12' title="bbox 807 1191 1180 1242; baseline 0 -2"><span class='ocrx_word' id='word_1_79' title='bbox 807 1191 1026 1242; x_wconf 89' lang='lat' dir='ltr'><strong>CAPUT</strong></span> <span class='ocrx_word' id='word_1_80' title='bbox 1066 1195 1180 1241; x_wconf 88' lang='lat' dir='ltr'>VII.</span> 
     </span>
    </p>
   </div>
   <div class='ocr_carea' id='block_1_5' title="bbox 469 1356 1500 1417">
    <p class='ocr_par' dir='ltr' id='par_1_5' title="bbox 469 1356 1500 1417">
     <span class='ocr_line' id='line_1_13' title="bbox 469 1356 1500 1417; baseline 0 -16"><span class='ocrx_word' id='word_1_81' title='bbox 469 1356 546 1402; x_wconf 83' lang='lat' dir='ltr'>De</span> <span class='ocrx_word' id='word_1_82' title='bbox 565 1372 680 1402; x_wconf 79' lang='lat' dir='ltr'>ver-0</span> <span class='ocrx_word' id='word_1_83' title='bbox 705 1366 751 1402; x_wconf 79' lang='lat' dir='ltr'>et</span> <span class='ocrx_word' id='word_1_84' title='bbox 771 1356 927 1402; x_wconf 73' lang='lat' dir='ltr'>simili.</span> <span class='ocrx_word' id='word_1_85' title='bbox 955 1356 1226 1417; x_wconf 78' lang='lat' dir='ltr'>Solz&#39;loquz‘a</span> <span class='ocrx_word' id='word_1_86' title='bbox 1247 1374 1335 1403; x_wconf 78' lang='lat' dir='ltr'>cur</span> <span class='ocrx_word' id='word_1_87' title='bbox 1352 1356 1500 1404; x_wconf 80' lang='lat' dir='ltr'>dieta.</span> 
     </span>
    </p>
   </div>
   <div class='ocr_carea' id='block_1_6' title="bbox 290 1526 1685 2583">
    <p class='ocr_par' dir='ltr' id='par_1_6' title="bbox 290 1526 1685 2583">
     <span class='ocr_line' id='line_1_14' title="bbox 349 1526 1678 1585; baseline 0.001 -13"><span class='ocrx_word' id='word_1_88' title='bbox 349 1530 475 1572; x_wconf 86' lang='lat' dir='ltr'>XIII.</span> <span class='ocrx_word' id='word_1_89' title='bbox 495 1530 548 1571; x_wconf 91' lang='lat' dir='ltr'>R.</span> <span class='ocrx_word' id='word_1_90' title='bbox 567 1529 690 1573; x_wconf 71' lang='lat' dir='ltr'>Nunc</span> <span class='ocrx_word' id='word_1_91' title='bbox 707 1528 898 1582; x_wconf 79' lang='lat' dir='ltr'>attende,</span> <span class='ocrx_word' id='word_1_92' title='bbox 915 1526 1023 1571; x_wconf 92' lang='lat' dir='ltr'>dum</span> <span class='ocrx_word' id='word_1_93' title='bbox 1037 1527 1189 1572; x_wconf 90' lang='lat' dir='ltr'>eadem</span> <span class='ocrx_word' id='word_1_94' title='bbox 1206 1543 1381 1572; x_wconf 87' lang='lat' dir='ltr'>rursum</span> <span class='ocrx_word' id='word_1_95' title='bbox 1398 1529 1678 1585; x_wconf 87' lang='lat' dir='ltr'>recurrimus,</span> 
     </span>
     <span class='ocr_line' id='line_1_15' title="bbox 290 1598 1683 1660; baseline 0.001 -17"><span class='ocrx_word' id='word_1_96' title='bbox 290 1615 379 1660; x_wconf 87' lang='lat' dir='ltr'>quo</span> <span class='ocrx_word' id='word_1_97' title='bbox 397 1600 472 1642; x_wconf 91' lang='lat' dir='ltr'>fiat</span> <span class='ocrx_word' id='word_1_98' title='bbox 494 1598 684 1656; x_wconf 88' lang='lat' dir='ltr'>apertius</span> <span class='ocrx_word' id='word_1_99' title='bbox 702 1598 823 1657; x_wconf 90' lang='lat' dir='ltr'>quod</span> <span class='ocrx_word' id='word_1_100' title='bbox 844 1614 1055 1642; x_wconf 83' lang='lat' dir='ltr'>conamur</span> <span class='ocrx_word' id='word_1_101' title='bbox 1078 1598 1323 1642; x_wconf 73' lang='lat' dir='ltr'>ost-endere.</span> <span class='ocrx_word' id='word_1_102' title='bbox 1340 1602 1392 1642; x_wconf 88' lang='lat' dir='ltr'>A.</span> <span class='ocrx_word' id='word_1_103' title='bbox 1413 1601 1602 1656; x_wconf 82' lang='lat' dir='ltr'>Eccum,</span> <span class='ocrx_word' id='word_1_104' title='bbox 1616 1600 1683 1644; x_wconf 92' lang='lat' dir='ltr'>lo-</span> 
     </span>
     <span class='ocr_line' id='line_1_16' title="bbox 291 1669 1681 1731; baseline 0.001 -16"><span class='ocrx_word' id='word_1_105' title='bbox 291 1685 425 1731; x_wconf 88' lang='lat' dir='ltr'>quere</span> <span class='ocrx_word' id='word_1_106' title='bbox 448 1669 569 1729; x_wconf 88' lang='lat' dir='ltr'>quod</span> <span class='ocrx_word' id='word_1_107' title='bbox 591 1669 669 1713; x_wconf 84' lang='lat' dir='ltr'>vis.</span> <span class='ocrx_word' id='word_1_108' title='bbox 701 1672 809 1714; x_wconf 87' lang='lat' dir='ltr'>Nam</span> <span class='ocrx_word' id='word_1_109' title='bbox 834 1685 914 1727; x_wconf 82' lang='lat' dir='ltr'>ego</span> <span class='ocrx_word' id='word_1_110' title='bbox 941 1670 1222 1714; x_wconf 87' lang='lat' dir='ltr'>circumitum</span> <span class='ocrx_word' id='word_1_111' title='bbox 1244 1670 1376 1714; x_wconf 87' lang='lat' dir='ltr'>istum</span> <span class='ocrx_word' id='word_1_112' title='bbox 1397 1670 1529 1715; x_wconf 89' lang='lat' dir='ltr'>semel</span> <span class='ocrx_word' id='word_1_113' title='bbox 1550 1673 1681 1716; x_wconf 86' lang='lat' dir='ltr'>statui</span> 
     </span>
     <span class='ocr_line' id='line_1_17' title="bbox 292 1739 1682 1803; baseline 0.001 -17"><span class='ocrx_word' id='word_1_114' title='bbox 292 1741 474 1786; x_wconf 88' lang='lat' dir='ltr'>tolerare</span> <span class='ocrx_word' id='word_1_115' title='bbox 493 1755 636 1799; x_wconf 77' lang='lat' dir='ltr'>neque</span> <span class='ocrx_word' id='word_1_116' title='bbox 657 1741 703 1784; x_wconf 86' lang='lat' dir='ltr'>in</span> <span class='ocrx_word' id='word_1_117' title='bbox 721 1755 771 1783; x_wconf 93' lang='lat' dir='ltr'>eo</span> <span class='ocrx_word' id='word_1_118' title='bbox 791 1739 1020 1784; x_wconf 82' lang='lat' dir='ltr'>defatiscar</span> <span class='ocrx_word' id='word_1_119' title='bbox 1033 1755 1108 1799; x_wconf 88' lang='lat' dir='ltr'>spe</span> <span class='ocrx_word' id='word_1_120' title='bbox 1128 1750 1250 1784; x_wconf 88' lang='lat' dir='ltr'>tanta</span> <span class='ocrx_word' id='word_1_121' title='bbox 1268 1741 1572 1800; x_wconf 86' lang='lat' dir='ltr'>perveniendi,</span> <span class='ocrx_word' id='word_1_122' title='bbox 1593 1759 1682 1803; x_wconf 89' lang='lat' dir='ltr'>quo</span> 
     </span>
     <span class='ocr_line' id='line_1_18' title="bbox 291 1809 1682 1856; baseline 0.001 -1"><span class='ocrx_word' id='word_1_123' title='bbox 291 1827 369 1855; x_wconf 92' lang='lat' dir='ltr'>nos</span> <span class='ocrx_word' id='word_1_124' title='bbox 390 1809 569 1855; x_wconf 88' lang='lat' dir='ltr'>tendere</span> <span class='ocrx_word' id='word_1_125' title='bbox 592 1810 745 1854; x_wconf 89' lang='lat' dir='ltr'>sentio.</span> <span class='ocrx_word' id='word_1_126' title='bbox 772 1813 825 1853; x_wconf 89' lang='lat' dir='ltr'>R.</span> <span class='ocrx_word' id='word_1_127' title='bbox 848 1813 964 1853; x_wconf 90' lang='lat' dir='ltr'>Bene</span> <span class='ocrx_word' id='word_1_128' title='bbox 985 1810 1105 1854; x_wconf 84' lang='lat' dir='ltr'>facis.</span> <span class='ocrx_word' id='word_1_129' title='bbox 1131 1810 1216 1855; x_wconf 90' lang='lat' dir='ltr'>Sed</span> <span class='ocrx_word' id='word_1_130' title='bbox 1238 1811 1414 1855; x_wconf 84' lang='lat' dir='ltr'>attende</span> <span class='ocrx_word' id='word_1_131' title='bbox 1431 1821 1580 1856; x_wconf 89' lang='lat' dir='ltr'>utrum</span> <span class='ocrx_word' id='word_1_132' title='bbox 1601 1813 1682 1856; x_wconf 90' lang='lat' dir='ltr'>tibi</span> 
     </span>
     <span class='ocr_line' id='line_1_19' title="bbox 290 1880 1679 1942; baseline 0.001 -16"><span class='ocrx_word' id='word_1_133' title='bbox 290 1881 490 1927; x_wconf 76' lang='lat' dir='ltr'>videatur</span> <span class='ocrx_word' id='word_1_134' title='bbox 509 1896 612 1925; x_wconf 90' lang='lat' dir='ltr'>cum</span> <span class='ocrx_word' id='word_1_135' title='bbox 628 1896 709 1926; x_wconf 86' lang='lat' dir='ltr'>ova</span> <span class='ocrx_word' id='word_1_136' title='bbox 726 1880 879 1925; x_wconf 88' lang='lat' dir='ltr'>similia</span> <span class='ocrx_word' id='word_1_137' title='bbox 914 1880 1135 1937; x_wconf 87' lang='lat' dir='ltr'>videmus,</span> <span class='ocrx_word' id='word_1_138' title='bbox 1153 1881 1332 1942; x_wconf 90' lang='lat' dir='ltr'>aliquod</span> <span class='ocrx_word' id='word_1_139' title='bbox 1350 1897 1501 1926; x_wconf 90' lang='lat' dir='ltr'>eorum</span> <span class='ocrx_word' id='word_1_140' title='bbox 1523 1881 1679 1928; x_wconf 83' lang='lat' dir='ltr'>falsum</span> 
     </span>
     <span class='ocr_line' id='line_1_20' title="bbox 292 1950 1681 2011; baseline 0.001 -15"><span class='ocrx_word' id='word_1_141' title='bbox 292 1968 381 1997; x_wconf 89' lang='lat' dir='ltr'>esse</span> <span class='ocrx_word' id='word_1_142' title='bbox 399 1961 516 1996; x_wconf 91' lang='lat' dir='ltr'>recte</span> <span class='ocrx_word' id='word_1_143' title='bbox 532 1967 610 1996; x_wconf 88' lang='lat' dir='ltr'>nos</span> <span class='ocrx_word' id='word_1_144' title='bbox 627 1966 752 2011; x_wconf 87' lang='lat' dir='ltr'>posse</span> <span class='ocrx_word' id='word_1_145' title='bbox 766 1950 925 1996; x_wconf 87' lang='lat' dir='ltr'>dicere.</span> <span class='ocrx_word' id='word_1_146' title='bbox 948 1955 1000 1996; x_wconf 93' lang='lat' dir='ltr'>A.</span> <span class='ocrx_word' id='word_1_147' title='bbox 1019 1952 1150 1998; x_wconf 87' lang='lat' dir='ltr'>Nullo</span> <span class='ocrx_word' id='word_1_148' title='bbox 1167 1952 1301 1998; x_wconf 91' lang='lat' dir='ltr'>modo</span> <span class='ocrx_word' id='word_1_149' title='bbox 1315 1952 1504 1998; x_wconf 87' lang='lat' dir='ltr'>videtur.</span> <span class='ocrx_word' id='word_1_150' title='bbox 1526 1953 1681 1997; x_wconf 85' lang='lat' dir='ltr'>Omnia</span> 
     </span>
     <span class='ocr_line' id='line_1_21' title="bbox 293 2021 1684 2082; baseline 0.001 -16"><span class='ocrx_word' id='word_1_151' title='bbox 293 2023 408 2067; x_wconf 90' lang='lat' dir='ltr'>enim</span> <span class='ocrx_word' id='word_1_152' title='bbox 425 2023 460 2066; x_wconf 88' lang='lat' dir='ltr'>si</span> <span class='ocrx_word' id='word_1_153' title='bbox 481 2038 563 2067; x_wconf 85' lang='lat' dir='ltr'>ova</span> <span class='ocrx_word' id='word_1_154' title='bbox 586 2030 711 2077; x_wconf 86' lang='lat' dir='ltr'>sunt,</span> <span class='ocrx_word' id='word_1_155' title='bbox 731 2037 833 2067; x_wconf 91' lang='lat' dir='ltr'>vera</span> <span class='ocrx_word' id='word_1_156' title='bbox 851 2037 930 2066; x_wconf 83' lang='lat' dir='ltr'>ova</span> <span class='ocrx_word' id='word_1_157' title='bbox 954 2031 1072 2066; x_wconf 89' lang='lat' dir='ltr'>sunt.</span> <span class='ocrx_word' id='word_1_158' title='bbox 1095 2026 1150 2067; x_wconf 89' lang='lat' dir='ltr'>R.</span> <span class='ocrx_word' id='word_1_159' title='bbox 1172 2021 1290 2076; x_wconf 85' lang='lat' dir='ltr'>Quid</span> <span class='ocrx_word' id='word_1_160' title='bbox 1312 2038 1414 2067; x_wconf 88' lang='lat' dir='ltr'>cum</span> <span class='ocrx_word' id='word_1_161' title='bbox 1435 2024 1490 2067; x_wconf 90' lang='lat' dir='ltr'>de</span> <span class='ocrx_word' id='word_1_162' title='bbox 1506 2022 1684 2082; x_wconf 88' lang='lat' dir='ltr'>speculo</span> 
     </span>
     <span class='ocr_line' id='line_1_22' title="bbox 294 2092 1684 2153; baseline 0 -15"><span class='ocrx_word' id='word_1_163' title='bbox 294 2093 503 2138; x_wconf 86' lang='lat' dir='ltr'>resultare</span> <span class='ocrx_word' id='word_1_164' title='bbox 545 2093 782 2153; x_wconf 86' lang='lat' dir='ltr'>imaginem</span> <span class='ocrx_word' id='word_1_165' title='bbox 813 2092 1039 2148; x_wconf 85' lang='lat' dir='ltr'>videmus,</span> <span class='ocrx_word' id='word_1_166' title='bbox 1072 2093 1233 2153; x_wconf 84' lang='lat' dir='ltr'>quibus</span> <span class='ocrx_word' id='word_1_167' title='bbox 1255 2093 1386 2152; x_wconf 81' lang='lat' dir='ltr'>signis</span> <span class='ocrx_word' id='word_1_168' title='bbox 1417 2092 1570 2138; x_wconf 87' lang='lat' dir='ltr'>falsam</span> <span class='ocrx_word' id='word_1_169' title='bbox 1596 2109 1684 2138; x_wconf 91' lang='lat' dir='ltr'>esse</span> 
     </span>
     <span class='ocr_line' id='line_1_23' title="bbox 295 2164 1684 2226; baseline -0.001 -15"><span class='ocrx_word' id='word_1_170' title='bbox 295 2164 739 2226; x_wconf 77' lang='lat' dir='ltr'>comprehendimus?</span> <span class='ocrx_word' id='word_1_171' title='bbox 760 2168 812 2209; x_wconf 93' lang='lat' dir='ltr'>A.</span> <span class='ocrx_word' id='word_1_172' title='bbox 842 2165 1015 2209; x_wconf 85' lang='lat' dir='ltr'>Scilicet</span> <span class='ocrx_word' id='word_1_173' title='bbox 1036 2165 1156 2225; x_wconf 88' lang='lat' dir='ltr'>quod</span> <span class='ocrx_word' id='word_1_174' title='bbox 1178 2181 1268 2210; x_wconf 91' lang='lat' dir='ltr'>non</span> <span class='ocrx_word' id='word_1_175' title='bbox 1284 2173 1458 2209; x_wconf 86' lang='lat' dir='ltr'>tenetur</span> <span class='ocrx_word' id='word_1_176' title='bbox 1474 2201 1486 2221; x_wconf 90' lang='lat'>,</span> <span class='ocrx_word' id='word_1_177' title='bbox 1511 2181 1601 2210; x_wconf 91' lang='lat' dir='ltr'>non</span> <span class='ocrx_word' id='word_1_178' title='bbox 1622 2181 1684 2211; x_wconf 91' lang='lat' dir='ltr'>so-</span> 
     </span>
     <span class='ocr_line' id='line_1_24' title="bbox 295 2235 1684 2296; baseline -0.001 -14"><span class='ocrx_word' id='word_1_179' title='bbox 295 2247 372 2282; x_wconf 90' lang='lat' dir='ltr'>nat</span> <span class='ocrx_word' id='word_1_180' title='bbox 387 2273 399 2293; x_wconf 86' lang='lat'>,</span> <span class='ocrx_word' id='word_1_181' title='bbox 434 2252 525 2282; x_wconf 92' lang='lat' dir='ltr'>non</span> <span class='ocrx_word' id='word_1_182' title='bbox 545 2252 623 2296; x_wconf 84' lang='lat' dir='ltr'>per</span> <span class='ocrx_word' id='word_1_183' title='bbox 649 2251 693 2281; x_wconf 91' lang='lat' dir='ltr'>se</span> <span class='ocrx_word' id='word_1_184' title='bbox 712 2245 913 2281; x_wconf 87' lang='lat' dir='ltr'>movetur</span> <span class='ocrx_word' id='word_1_185' title='bbox 928 2270 940 2291; x_wconf 93' lang='lat'>,</span> <span class='ocrx_word' id='word_1_186' title='bbox 965 2251 1056 2280; x_wconf 88' lang='lat' dir='ltr'>non</span> <span class='ocrx_word' id='word_1_187' title='bbox 1071 2235 1178 2280; x_wconf 81' lang='lat' dir='ltr'>vivit</span> <span class='ocrx_word' id='word_1_188' title='bbox 1192 2271 1204 2291; x_wconf 96' lang='lat'>,</span> <span class='ocrx_word' id='word_1_189' title='bbox 1228 2245 1271 2280; x_wconf 91' lang='lat' dir='ltr'>et</span> <span class='ocrx_word' id='word_1_190' title='bbox 1292 2237 1456 2280; x_wconf 88' lang='lat' dir='ltr'>caeteris</span> <span class='ocrx_word' id='word_1_191' title='bbox 1477 2236 1684 2280; x_wconf 90' lang='lat' dir='ltr'>innume-</span> 
     </span>
     <span class='ocr_line' id='line_1_25' title="bbox 297 2306 1685 2369; baseline 0 -17"><span class='ocrx_word' id='word_1_192' title='bbox 297 2308 525 2365; x_wconf 87' lang='lat' dir='ltr'>rabilibus,</span> <span class='ocrx_word' id='word_1_193' title='bbox 547 2324 646 2369; x_wconf 81' lang='lat' dir='ltr'>quae</span> <span class='ocrx_word' id='word_1_194' title='bbox 664 2309 868 2368; x_wconf 87' lang='lat' dir='ltr'>prosequi</span> <span class='ocrx_word' id='word_1_195' title='bbox 884 2306 1067 2366; x_wconf 86' lang='lat' dir='ltr'>longum</span> <span class='ocrx_word' id='word_1_196' title='bbox 1081 2316 1158 2352; x_wconf 90' lang='lat' dir='ltr'>est.</span> <span class='ocrx_word' id='word_1_197' title='bbox 1177 2310 1231 2351; x_wconf 90' lang='lat' dir='ltr'>R.</span> <span class='ocrx_word' id='word_1_198' title='bbox 1251 2306 1389 2352; x_wconf 90' lang='lat' dir='ltr'>Video</span> <span class='ocrx_word' id='word_1_199' title='bbox 1412 2317 1453 2352; x_wconf 91' lang='lat' dir='ltr'>te</span> <span class='ocrx_word' id='word_1_200' title='bbox 1473 2307 1591 2353; x_wconf 92' lang='lat' dir='ltr'>nolle</span> <span class='ocrx_word' id='word_1_201' title='bbox 1607 2309 1685 2352; x_wconf 93' lang='lat' dir='ltr'>im-</span> 
     </span>
     <span class='ocr_line' id='line_1_26' title="bbox 298 2378 1685 2440; baseline -0.001 -17"><span class='ocrx_word' id='word_1_202' title='bbox 298 2380 479 2435; x_wconf 88' lang='lat' dir='ltr'>morari,</span> <span class='ocrx_word' id='word_1_203' title='bbox 502 2388 546 2423; x_wconf 91' lang='lat' dir='ltr'>et</span> <span class='ocrx_word' id='word_1_204' title='bbox 562 2379 858 2440; x_wconf 90' lang='lat' dir='ltr'>properationi</span> <span class='ocrx_word' id='word_1_205' title='bbox 881 2389 970 2424; x_wconf 84' lang='lat' dir='ltr'>tuae</span> <span class='ocrx_word' id='word_1_206' title='bbox 990 2394 1084 2423; x_wconf 88' lang='lat' dir='ltr'>mos</span> <span class='ocrx_word' id='word_1_207' title='bbox 1112 2378 1326 2438; x_wconf 85' lang='lat' dir='ltr'>gerendus</span> <span class='ocrx_word' id='word_1_208' title='bbox 1349 2387 1427 2422; x_wconf 87' lang='lat' dir='ltr'>est.</span> <span class='ocrx_word' id='word_1_209' title='bbox 1454 2381 1609 2439; x_wconf 91' lang='lat' dir='ltr'>Itaque</span> <span class='ocrx_word' id='word_1_210' title='bbox 1630 2394 1685 2422; x_wconf 92' lang='lat' dir='ltr'>ne</span> 
     </span>
     <span class='ocr_line' id='line_1_27' title="bbox 299 2449 1685 2511; baseline -0.001 -15"><span class='ocrx_word' id='word_1_211' title='bbox 299 2451 468 2509; x_wconf 85' lang='lat' dir='ltr'>singula</span> <span class='ocrx_word' id='word_1_212' title='bbox 491 2461 680 2511; x_wconf 85' lang='lat' dir='ltr'>repetam</span> <span class='ocrx_word' id='word_1_213' title='bbox 695 2487 706 2507; x_wconf 87' lang='lat'>‚</span> <span class='ocrx_word' id='word_1_214' title='bbox 731 2452 765 2496; x_wconf 88' lang='lat' dir='ltr'>si</span> <span class='ocrx_word' id='word_1_215' title='bbox 781 2460 825 2496; x_wconf 89' lang='lat' dir='ltr'>et</span> <span class='ocrx_word' id='word_1_216' title='bbox 844 2451 907 2495; x_wconf 76' lang='lat' dir='ltr'>illi</span> <span class='ocrx_word' id='word_1_217' title='bbox 922 2452 1122 2496; x_wconf 88' lang='lat' dir='ltr'>homines</span> <span class='ocrx_word' id='word_1_218' title='bbox 1133 2485 1144 2506; x_wconf 86' lang='lat'>‚</span> <span class='ocrx_word' id='word_1_219' title='bbox 1169 2465 1279 2510; x_wconf 91' lang='lat' dir='ltr'>quos</span> <span class='ocrx_word' id='word_1_220' title='bbox 1295 2449 1495 2495; x_wconf 88' lang='lat' dir='ltr'>videmus</span> <span class='ocrx_word' id='word_1_221' title='bbox 1511 2451 1558 2494; x_wconf 92' lang='lat' dir='ltr'>in</span> <span class='ocrx_word' id='word_1_222' title='bbox 1573 2465 1685 2495; x_wconf 91' lang='lat' dir='ltr'>som-</span> 
     </span>
     <span class='ocr_line' id='line_1_28' title="bbox 298 2521 1683 2583; baseline 0 -17"><span class='ocrx_word' id='word_1_223' title='bbox 298 2522 387 2578; x_wconf 89' lang='lat' dir='ltr'>nis,</span> <span class='ocrx_word' id='word_1_224' title='bbox 406 2523 574 2577; x_wconf 83' lang='lat' dir='ltr'>vivere,</span> <span class='ocrx_word' id='word_1_225' title='bbox 596 2522 741 2583; x_wconf 87' lang='lat' dir='ltr'>loqui,</span> <span class='ocrx_word' id='word_1_226' title='bbox 767 2524 905 2568; x_wconf 89' lang='lat' dir='ltr'>teneri</span> <span class='ocrx_word' id='word_1_227' title='bbox 928 2538 950 2566; x_wconf 87' lang='lat' dir='ltr'>a</span> <span class='ocrx_word' id='word_1_228' title='bbox 972 2521 1252 2581; x_wconf 86' lang='lat' dir='ltr'>vigilantibus</span> <span class='ocrx_word' id='word_1_229' title='bbox 1273 2531 1463 2581; x_wconf 83' lang='lat' dir='ltr'>possent,</span> <span class='ocrx_word' id='word_1_230' title='bbox 1487 2521 1683 2582; x_wconf 88' lang='lat' dir='ltr'>nihilque</span> 
     </span>
    </p>
   </div>
  </div>
 </body>
</html>
