1871 3162
323 193 409 234 478-
762 208 795 236 3.
832 209 1061 238 1116113Τ1111
1096 211 1274 239 EP15C01³1

313 272 421 316 riato
437 272 562 331 quasi
577 274 753 332 speculo
770 274 1008 329 variantur,
1029 290 1132 320 cum
1152 274 1227 320 illa
1243 275 1376 320 facies
1396 277 1588 322 veritatis
1607 293 1693 324 una

312 351 355 388 et
374 343 656 388 immutabilis
679 354 865 391 maneat.
895 348 1006 391 Tum
1027 346 1144 390 enim
1165 345 1341 392 alterius
1361 356 1494 407 atque
1524 347 1699 393 alterius

309 413 622 471 magnitudinis
639 415 906 475 quadratum
928 417 1009 461 sibi
1031 418 1235 475 cogitatio
1257 417 1454 477 depingit
1471 454 1484 473 ,
1515 428 1560 463 et
1579 420 1700 478 quasi

305 491 407 527 ante
426 483 576 530 oculos
607 483 783 544 praefert
804 507 817 543 3
840 485 917 530 sed
947 501 1070 531 mens
1095 487 1276 532 interior
1304 504 1406 549 quae
1429 488 1526 534 vult
1547 505 1699 534 verum

300 553 446 599 videre
462 590 473 610 ‚
497 555 554 600 ad
574 555 686 600 illud
708 572 752 601 se
775 556 921 616 potius
948 566 1197 612 convertat,
1218 559 1252 602 si
1269 568 1429 617 potest,
1455 559 1699 604 secundum

298 625 419 685 quod
439 626 610 686 judicat
638 628 714 672 illa
737 629 884 674 omnia
912 644 1002 674 esse
1035 629 1263 690 quadrata.
1297 632 1349 674 A.
1376 630 1493 683 Quid
1518 631 1552 674 si
1572 631 1700 675 nobis

298 697 512 756 quispiam
539 697 655 742 dicat
685 700 933 744 seeundum
960 699 1007 745 id
1029 715 1125 744 eam
1149 699 1370 759 judicare,
1408 700 1530 759 quod
1551 701 1699 745 videre

297 767 434 811 0611113
452 767 590 812 solet?
609 772 662 812 R.
684 772 832 822 Quare
850 785 953 828 ergo
970 771 1155 830 judicat,
1177 772 1211 814 si
1233 779 1382 815 tamen
1398 770 1508 815 bene
1526 770 1698 817 erudita

304 846 385 892 est,
409 840 684 898 quantamvis
704 840 838 900 pilam
860 856 1008 886 veram
1031 857 1132 886 vera
1149 841 1326 900 planitie
1353 851 1519 900 puncto
1543 843 1696 900 tangi?

302 909 420 962 Quid
443 909 529 954 tale
551 926 748 971 unquam
772 911 926 957 oculus
955 911 1064 956 vidit
1080 946 1090 966 ‚
1126 921 1201 955 aut
1222 912 1369 956 videre
1391 921 1554 971 potest,
1588 927 1692 956 cum

293 980 385 1039 ipsa
407 981 719 1039 imaginatione
737 983 1015 1040 cogitationis
1038 983 1145 1041 fingi
1174 982 1417 1042 quidquam
1439 983 1695 1042 hujusmodi

304 1067 395 1096 non
416 1054 584 1111 potest?
605 1056 767 1097 Annon
788 1055 872 1098 1106
895 1054 1147 1113 probamus,
1173 1069 1274 1097 cum
1303 1052 1435 1096 etiam
1456 1054 1692 1098 minimum

294 1122 509 1167 circulum
530 1124 812 1183 imaginando
831 1125 978 1169 animo
999 1125 1290 1170 describimus
1305 1159 1316 1179 ,
1342 1133 1385 1168 et
1407 1124 1461 1168 ab
1479 1139 1531 1168 eo
1556 1124 1696 1168 lineas

295 1193 350 1237 ad
376 1203 576 1239 centrum
611 1194 847 1248 ducimus?
881 1198 993 1241 Nam
1014 1211 1116 1240 cum
1139 1196 1247 1240 duas
1272 1195 1524 1240 duxerimus
1542 1229 1554 1249 ,
1577 1196 1696 1239 inter

293 1280 400 1324 quas
423 1265 544 1325 quasi
577 1281 660 1310 acu
690 1267 762 1311 vix
785 1267 919 1325 pungi
943 1267 1102 1325 possit,
1128 1265 1232 1311 alias
1249 1267 1340 1325 jam
1362 1266 1409 1309 in
1431 1265 1580 1310 medio
1602 1281 1697 1312 non

292 1349 522 1393 possumus
540 1336 633 1394 ipsa
655 1336 918 1393 cogitatione
946 1337 1202 1395 imaginaria
1225 1337 1411 1390 ducere,
1441 1345 1491 1380 ut
1513 1335 1568 1380 ad
1586 1351 1694 1380 cen-

296 1413 413 1449 trum
431 1406 522 1450 sine
544 1406 632 1450 ulla
650 1407 959 1453 commixtione
975 1407 1233 1466 perveniant
1252 1425 1261 1451 :
1282 1422 1384 1450 cum
1402 1405 1562 1450 clamet
1585 1406 1695 1450 ratio

299 1475 641 1522 innumerabiles
658 1493 785 1536 posse
807 1477 940 1532 duci,
965 1492 1046 1521 nec
1067 1492 1157 1521 sese
1186 1477 1232 1519 in
1261 1476 1344 1519 illis
1366 1475 1696 1520 incredibilibus
1732 1482 1735 1483 ⁷

298 1548 507 1605 angustiis
529 1549 611 1591 nisi
628 1558 780 1593 centro
802 1563 927 1608 posse
943 1548 1200 1606 contingere
1217 1581 1228 1602 ‚
1257 1546 1316 1590 ita
1337 1556 1387 1590 ut
1408 1547 1455 1590 in
1476 1547 1597 1590 omni
1619 1563 1696 1592 ea-

300 1631 398 1660 rum
421 1617 650 1662 intervallo
672 1618 802 1662 scribi
832 1619 963 1662 etiam
984 1617 1174 1662 circulus
1200 1617 1347 1674 possit.
1377 1619 1471 1660 Hoc
1495 1632 1595 1661 cum
1620 1616 1696 1663 illa

304 1687 529 1745 phantasia
555 1687 736 1747 implere
758 1703 848 1731 non
869 1688 1028 1746 possit,
1054 1687 1278 1745 magisque
1301 1701 1433 1745 quam
1452 1687 1532 1745 ipsi
1555 1686 1694 1743 oculi,

304 1756 478 1801 deficiat
493 1792 504 1813 ,
527 1758 742 1818 siquidem
766 1773 842 1817 per
862 1757 976 1817 ipsos
1000 1766 1064 1801 est
1095 1757 1242 1802 animo
1275 1757 1463 1812 inflicta,
1488 1757 1695 1802 manifes-

304 1836 400 1871 tum
417 1838 482 1873 est
507 1838 552 1873 et
580 1828 770 1873 multum
790 1844 887 1873 eam
920 1828 1099 1872 differre
1121 1844 1145 1872 a
1165 1828 1363 1883 veritate,
1382 1837 1426 1873 et
1446 1826 1566 1873 illam
1588 1828 1695 1873 dum

309 1898 404 1943 haec
424 1899 599 1944 videtur
619 1915 710 1944 non
726 1898 878 1943 videri.
1635 1957 1642 1960 .

364 1971 571 2014 XXXVI.
599 1972 702 2014 Haec
723 1969 924 2014 dicentur
945 1969 1170 2028 operosius
1192 1978 1322 2028 atque
1344 1969 1548 2014 subtilius
1563 2004 1574 2023 ‚
1594 1985 1697 2014 cum

307 2041 361 2085 de
383 2040 669 2101 intelligendo
690 2040 898 2085 disserere
919 2040 1197 2099 coeperimus,
1220 2056 1320 2099 quae
1342 2040 1466 2084 nobis
1488 2056 1699 2099 parspro-

310 2115 446 2174 posita
469 2123 533 2158 est
547 2148 558 2169 ,
579 2128 681 2158 cum
709 2112 767 2157 de
786 2113 943 2156 animae
963 2111 1051 2155 vita
1073 2110 1290 2170 quidquid
1311 2110 1538 2166 sollicitat,
1563 2110 1698 2156 fuerit

307 2195 523 2246 quantum
536 2184 732 2229 valemus
747 2183 1025 2228 enucleatum
1043 2191 1174 2241 atque
1191 2181 1445 2226 discussum.
1462 2185 1559 2228 Non
1578 2183 1696 2227 enim

307 2258 439 2302 credo
455 2266 499 2301 te
517 2270 673 2316 parum
690 2254 948 2308 formidare,
974 2268 1030 2296 ne
1051 2268 1167 2297 mors
1189 2253 1379 2299 humana
1402 2252 1532 2295 etiam
1554 2253 1696 2297 sinon

303 2328 536 2374 interficiat
554 2326 758 2380 animam,
778 2340 924 2369 rerum
939 2333 1088 2368 tamen
1105 2324 1321 2378 omnium,
1344 2332 1387 2368 et
1406 2323 1540 2383 ipsius
1557 2323 1590 2366 si
1605 2339 1694 2382 qua

298 2409 520 2461 comperta
542 2398 674 2443 fuerit
694 2397 886 2443 veritatis
911 2394 1178 2441 oblivionem
1205 2393 1295 2439 infe
1306 2403 1388 2439 rat.
1411 2397 1465 2438 A.
1493 2396 1590 2439 Non
1614 2409 1687 2452 po-

297 2480 380 2516 test
401 2471 501 2515 satis
517 2469 605 2514 dici
626 2477 841 2530 quantum
858 2468 943 2512 hoc
961 2465 1127 2510 malum
1144 2466 1435 2509 metuendum
1453 2465 1522 2509 sit.
1540 2462 1692 2517 Qualis

295 2542 411 2586 enim
428 2540 510 2585 erit
520 2540 594 2584 illa
607 2548 771 2584 aeterna
787 2538 892 2594 vita,
908 2536 979 2582 vel
996 2551 1096 2596 quae
1110 2550 1224 2581 mors
1237 2550 1329 2581 non
1342 2535 1381 2580 ei
1401 2532 1688 2595 proponenda
