1871 3162
298 197 378 234 132
727 211 761 238 s.
796 209 1025 238 Aucus'nm
1058 210 1236 238 nasoon

293 283 356 318 est
377 293 386 319 :
417 289 505 319 non
527 275 654 319 docet
676 276 887 321 catholica
908 275 1014 321 fides
1036 277 1156 337 quod
1186 276 1446 335 putabamus
1461 309 1471 329 ‚
1511 283 1554 318 et
1574 274 1672 319 vani

291 346 599 390 accusabamus
626 365 634 391 :
667 346 787 390 nefas
811 346 974 391 habent
1002 346 1118 392 docti
1142 347 1232 406 ejus
1262 345 1436 391 credere
1460 348 1597 389 Deum
1620 344 1672 387 fi-

293 431 399 475 gura
416 417 596 461 humani
618 418 808 476 corporis
831 418 1112 462 terminatum
1131 438 1142 475 3
1167 426 1210 461 et
1229 417 1481 461 dubitamus
1503 414 1672 475 pulsare

295 502 384 546 quo
402 487 651 546 aperiantur
671 489 857 532 caetera?
873 487 1234 531 Antemeridianis
1250 487 1366 532 horis
1382 485 1583 544 discipuli
1601 500 1674 530 oc-

294 568 458 617 cupant
477 578 486 603 :
518 558 682 602 caeteris
703 558 810 617 quid
845 557 1062 602 facimus?
1085 574 1162 603 cur
1184 574 1273 603 non
1296 557 1343 617 id
1370 557 1566 615 agimus?
1591 556 1674 601 Sed

290 628 466 688 quando
489 628 725 673 salutamus
748 628 906 673 amicos
928 629 1110 689 majores
1127 643 1315 689 quorum
1333 627 1547 686 suffragiis
1565 642 1673 686 opus

289 700 530 743 habemus?
559 698 745 752 Quando
775 714 1066 759 praeparamus
1088 698 1207 758 quod
1235 708 1381 742 emant
1401 697 1674 742 scholastici?

289 768 474 822 Quando
502 784 752 829 reparamus
780 785 858 814 nos
885 771 1024 829 ipsos,
1048 770 1242 814 animum
1265 768 1498 814 relaxando
1528 769 1581 813 ab
1602 769 1671 812 in-

288 841 483 884 tentione
505 842 741 884 curarum?

345 912 465 954 XIX.
494 914 677 954 Pereant
707 911 874 965 omnia,
896 920 939 955 et
960 911 1230 956 dimittamus
1259 912 1350 956 haec
1379 927 1488 955 vana
1512 920 1554 955 et
1575 910 1672 954 ina-

286 981 357 1024 nia
383 1001 390 1025 :
418 980 692 1025 conferamus
725 997 803 1025 nos
843 981 897 1025 ad
928 982 1063 1026 solam
1099 983 1424 1042 inquisitionem
1463 982 1669 1025 veritatis.

287 1052 385 1096 Vita
418 1053 511 1096 haec
542 1053 696 1096 misera
728 1062 817 1107 est,
849 1068 959 1097 mors
994 1053 1173 1097 incerta.
1204 1053 1247 1098 Si
1280 1053 1425 1096 subito
1461 1053 1670 1111 obrepat,

288 1122 509 1183 quomodo
531 1124 634 1167 hinc
658 1123 868 1166 exibimus
887 1144 897 1180 3
919 1133 961 1167 et
984 1123 1060 1166 ubi
1080 1123 1205 1166 nobis
1223 1123 1426 1166 discenda
1452 1131 1552 1166 sunt
1575 1138 1674 1182 quae

286 1195 357 1239 hic
379 1194 752 1252 negleximusPAn
771 1209 859 1237 non
874 1194 1016 1252 potius
1031 1194 1158 1252 hujus
1173 1193 1448 1252 negligentiae
1464 1193 1674 1253 supplicia

285 1264 448 1308 luenda
472 1263 748 1318 sunt?Quid‚
770 1265 803 1307 si
822 1279 936 1307 mors
954 1264 1044 1323 ipsa
1062 1279 1236 1308 omnem
1252 1279 1400 1307 curam
1423 1279 1524 1308 cum
1547 1278 1675 1307 sensu

288 1335 533 1394 amputabit
562 1344 604 1378 et
636 1334 786 1377 finiet?
814 1337 930 1392 Ergo
953 1343 996 1377 et
1022 1335 1105 1378 hoc
1127 1333 1426 1394 quaerendum.
1459 1334 1542 1379 Sed
1564 1334 1675 1378 absit

284 1415 333 1450 ut
355 1407 413 1449 ita
436 1406 503 1449 sit.
535 1407 633 1450 Non
655 1413 807 1459 vacat,
851 1420 940 1448 non
963 1414 1025 1448 est
1057 1406 1186 1448 inane
1209 1404 1328 1464 quod
1362 1412 1449 1448 tam
1481 1405 1674 1448 eminens

285 1476 460 1521 culmen
489 1476 756 1520 auctoritatis
799 1477 1042 1520 christianae
1077 1478 1179 1520 fidei
1201 1486 1293 1521 toto
1323 1478 1426 1521 orbe
1460 1477 1676 1521 diffundi-

285 1557 372 1591 tur.
408 1550 644 1606 Nunquam
670 1555 790 1590 tanta
814 1556 856 1590 et
878 1546 979 1590 talia
1004 1562 1084 1606 pro
1107 1547 1232 1591 nobis
1258 1546 1465 1592 divinitus
1496 1562 1674 1605 ageren-

288 1628 360 1663 tur
379 1654 389 1673 ,
426 1619 459 1661 si
490 1627 629 1661 morte
664 1618 855 1676 corporis
877 1617 1006 1661 etiam
1030 1617 1118 1661 vita
1142 1618 1298 1661 animae
1327 1627 1670 1662 consumeretur.

291 1690 404 1745 Quid
435 1698 692 1733 cunctamur
714 1689 862 1747 igitur,
889 1688 1037 1732 relicta
1060 1704 1134 1747 spe
1163 1689 1333 1743 saeculi,
1366 1688 1564 1733 conferre
1597 1704 1674 1734 nos

294 1770 408 1805 totos
427 1759 482 1804 ad
506 1759 792 1819 quaerendum
815 1763 955 1804 Deum
978 1769 1021 1803 et
1037 1760 1169 1803 vitam
1197 1761 1398 1804 beatam?
1422 1759 1504 1804 Sed
1527 1776 1676 1818 expec-

291 1842 333 1876 ta
357 1851 366 1877 z
391 1830 588 1891 jucunda
621 1839 722 1874 sunt
746 1831 875 1873 etiam
898 1830 975 1874 ista
1005 1850 1012 1874 ;
1032 1831 1194 1874 habent
1213 1846 1301 1873 non
1323 1846 1499 1889 parvam
1523 1829 1674 1874 dulce-

288 1903 434 1946 dinem
457 1917 578 1945 suam
607 1921 615 1946 ε
644 1916 736 1945 non
759 1899 884 1944 facile
913 1900 966 1943 ab
990 1901 1047 1943 eis
1070 1899 1343 1959 praecidenda
1370 1911 1432 1944 est
1456 1901 1640 1944 intentio
1660 1936 1671 1956 ‚

289 1975 391 2034 quia
413 1983 541 2032 turpe
574 1982 637 2017 est
671 1972 726 2016 ad
749 1988 798 2015 ea
820 1987 989 2016 rursum
1025 1971 1179 2015 redire.
1213 1975 1325 2015 Ecce
1346 1974 1434 2031 jam
1459 1981 1673 2031 quantum

290 2055 354 2090 est
376 2053 427 2088 ut
455 2046 710 2103 impetretur
733 2043 886 2102 aliquis
916 2043 1088 2086 honor?
1111 2044 1165 2085 Et
1193 2041 1300 2101 quid
1330 2041 1514 2101 amplius
1542 2043 1587 2086 in
1609 2043 1674 2085 his

290 2114 659 2160 desiderandum?
685 2112 884 2172 Suppetit
913 2112 1150 2155 amicorum
1186 2112 1396 2171 majorum
1421 2113 1545 2171 copia
1578 2132 1586 2156 ε
1626 2121 1675 2156 ut

290 2184 399 2229 nihil
421 2183 540 2228 aliud
556 2219 568 2238 ,
593 2192 635 2226 et
662 2181 849 2226 multum
875 2181 1128 2225 festinemus
1148 2217 1158 2234 ‚
1195 2181 1263 2224 vel
1292 2181 1546 2240 praesidatus
1582 2182 1674 2226 dari

289 2265 460 2315 potest3
491 2264 534 2299 et
566 2254 764 2298 ducenda
799 2269 904 2297 uxor
927 2269 1026 2297 cum
1051 2252 1194 2312 aliqua
1217 2254 1417 2312 pecunia,
1448 2269 1502 2297 ne
1524 2269 1674 2312 sump-

291 2336 385 2371 tum
408 2336 605 2371 nostrum
628 2334 790 2384 gravet,
817 2333 859 2368 et
880 2323 954 2368 ille
976 2325 1056 2368 erit
1077 2323 1232 2368 modus
1256 2324 1519 2382 cupiditatis.
1543 2324 1672 2369 Multi

287 2399 433 2455 magni
455 2399 533 2443 viri
557 2407 600 2442 et
622 2396 862 2440 imitatione
881 2395 1138 2453 dignissimi,
1163 2395 1382 2454 sapientiae
1402 2394 1546 2440 studio
1568 2410 1669 2440 cum

286 2470 542 2528 conjugibus
564 2469 702 2513 dediti
723 2467 918 2512 fuerunt.

342 2543 441 2584 XX.
481 2543 592 2585 Cum
626 2541 720 2584 haec
758 2538 983 2593 dicebam,
1024 2547 1066 2583 et
1096 2537 1363 2583 alternabant
1399 2540 1441 2583 hi
1476 2539 1594 2583 venti
1629 2546 1670 2583 et
