1871 3162
574 268 921 305 CONFESSIONUM‚
956 269 1038 296 mn.
1074 269 1171 296 xm.
1458 262 1540 300 375

170 464 1262 482 Ummmmmmmmmmmmmm
1266 465 1546 485 mmmm

658 620 875 669 CAPUT
910 622 1051 668 XIII.
1095 612 1097 614 ’

311 784 577 831 Ηεηονατίο
599 784 802 830 lzomc'm's
820 782 932 830 dum
956 783 1034 830 hic
1054 784 1166 831 vivit
1186 783 1397 832 nondum

725 856 965 918 perfecta.

214 1026 331 1069 XIV
361 1026 426 1069 ΕΤ
446 1033 594 1069 tamen
623 1024 766 1070 adhuc
799 1040 876 1085 per
911 1025 1071 1080 fidem,
1103 1024 1303 1069 nondum
1333 1040 1410 1085 per
1438 1041 1540 1085 spe-

153 1095 313 1139 ciem¹.
341 1097 425 1153 Spe
453 1096 568 1139 enim
599 1096 704 1140 salvi
737 1095 840 1140 facti
862 1112 1025 1140 sumus.
1054 1098 1158 1154 Spes
1182 1105 1327 1140 autem
1348 1111 1449 1156 quae
1475 1097 1540 1142 vi-

153 1164 281 1209 detur
317 1180 406 1208 non
433 1174 497 1208 est
530 1169 675 1224 spes2.
702 1165 860 1210 Adhuc
897 1166 1076 1223 abyssus
1109 1167 1313 1224 abyssum
1344 1167 1535 1221 invocat,

152 1235 283 1279 sedin
295 1251 402 1280 voce
423 1245 736 1280 cataractarum
756 1246 927 1280 tuarum
941 1239 972 1280 3.
989 1236 1146 1281 Adhuc
1163 1247 1207 1281 et
1218 1236 1291 1280 ille
1309 1237 1384 1297 qui
1399 1237 1505 1282 dicit
1527 1257 1535 1283 :

155 1327 175 1348 «
211 1310 306 1352 Non
337 1309 460 1366 potui
493 1308 613 1352 vobis
646 1309 795 1368 loqui,
830 1309 952 1367 quasi
986 1308 1276 1367 spiritalibus,
1311 1308 1388 1353 sed
1416 1310 1537 1369 quasi

154 1396 173 1418 »
209 1378 453 1422 carnalibus
469 1380 501 1432 ⁴,
525 1397 545 1419 >›
573 1379 701 1423 etiam
725 1379 815 1438 ipse
846 1378 1042 1423 nondum
1076 1394 1120 1423 se
1152 1380 1386 1423 arbitratur
1414 1396 1536 1424 com-

150 1447 426 1507 prehendisse
448 1469 458 1505 3
484 1457 525 1491 et
543 1465 642 1508 quae
667 1458 780 1493 retro
807 1449 992 1502 oblitus,
1018 1449 1064 1492 in
1086 1464 1135 1493 ea
1157 1465 1258 1508 quae
1281 1458 1380 1493 ante
1403 1460 1505 1495 sunt
1521 1486 1532 1505 ‚

149 1518 398 1562 extenditur
412 1520 426 1543 ⁵
439 1553 449 1572 ‚
471 1527 512 1561 et
528 1518 771 1577 ingemiscit
792 1527 991 1576 gravatus
1008 1553 1018 1572 ‚
1036 1512 1085 1562 'et
1102 1519 1191 1562 sitit
1210 1519 1351 1564 anima
1373 1521 1465 1579 ejus
1478 1520 1533 1564 ad

150 1591 285 1632 Deum
310 1589 476 1646 yivum,
497 1588 873 1649 quemadmodum
891 1603 1043 1632 cervus
1067 1588 1122 1632 ad
1139 1587 1282 1633 fontes
1301 1605 1528 1649 aquarum,

147 1666 190 1701 et
207 1657 312 1701 dicit
334 1677 342 1702 ε
374 1677 393 1699 «
420 1659 607 1710 Quando
641 1659 812 1702 veniam
828 1660 873 1700 δῖ)
896 1677 915 1698 n
941 1657 1241 1702 habitaculum
1264 1674 1389 1703 suum
1413 1660 1533 1719 quod

146 1728 201 1771 de
223 1726 335 1772 coelo
354 1737 438 1782 est,
465 1729 719 1787 superindui
737 1728 917 1787 cupiens
934 1730 949 1754 ⁷
965 1763 976 1782 ‚
1005 1737 1047 1771 et
1082 1728 1254 1772 invocat
1282 1727 1531 1774 inferiorem

146 1798 349 1855 abyssum
371 1797 520 1842 dicens
546 1818 555 1842 z
587 1818 606 1840 «
638 1798 781 1844 Nolite
811 1797 1074 1843 conformari
1105 1798 1207 1843 huic
1242 1799 1424 1855 saeculo,
1455 1801 1531 1844 sed

149 1887 168 1910 »
205 1868 502 1914 reformamini
523 1870 567 1913 in
592 1870 784 1914 novitate
813 1870 968 1913 mentis
990 1871 1199 1927 vestrae03
1228 1888 1248 1911 »
1274 1880 1316 1914 et
1341 1889 1360 1912 «
1386 1871 1531 1917 Nolite

148 1959 168 1981 »
203 1941 325 1999 pueri
348 1941 460 1984 effici
494 1941 740 1994 mentibus,
782 1940 857 1984 sed
894 1941 1057 1985 malitia
1092 1941 1261 2000 parvuli
1290 1950 1449 1997 estote,
1481 1952 1531 1986 ut

149 2029 167 2051 »
204 2011 424 2054 mentibus
456 2011 636 2070 perfecti
669 2012 782 2054 sitis⁹
806 2031 816 2067 3
842 2030 861 2051 η
889 2019 931 2054 et
964 2029 983 2051 «
1009 2012 1046 2054 O
1069 2010 1187 2055 stulti
1218 2011 1403 2067 Galatae,
1434 2013 1530 2072 quis

148 2099 167 2121 »
201 2095 278 2124 vos
300 2079 597 2124 fascinavitw?
623 2099 642 2121 n
672 2081 755 2125 Sed
782 2082 871 2140 jam
902 2096 990 2124 non
1022 2082 1067 2124 in
1105 2097 1211 2126 voce
1245 2097 1348 2140 sua3
1380 2082 1424 2125 in
1455 2091 1529 2126 tua

144 2151 258 2193 enim
274 2151 348 2209 qui
362 2151 512 2194 misisti
531 2151 736 2210 Spiritum
754 2160 879 2194 tuum
897 2151 952 2195 de
971 2152 1145 2196 excelsis
1165 2154 1215 2206 ¹¹,
1231 2167 1307 2211 per
1334 2167 1432 2196 eum
1452 2152 1528 2213 qui

145 2219 337 2264 ascendit
362 2221 406 2263 in
428 2221 638 2274 altumw,
664 2231 706 2263 et
724 2221 892 2280 aperuit
918 2231 1152 2266 cataractas
1186 2221 1403 2266 donorum
1427 2237 1527 2266 suo-

144 2291 238 2333 rum
257 2324 268 2344 ‚
293 2298 343 2334 ut
374 2289 564 2334 fluminis
605 2291 792 2349 impetus
822 2290 1059 2354 laetificaret
1086 2292 1303 2337 civitatem
1335 2294 1522 2337 tuam13.

192 2427 237 2451 ¹2
252 2420 324 2450 Cor.
343 2430 376 2458 v,
404 2430 434 2460 7.
452 2437 490 2442 —
514 2427 525 2441 ²
545 2422 639 2452 Rom·
664 2420 800 2462 v111,2.'4.
821 2438 862 2444 —-
880 2419 892 2443 3
913 2421 993 2453 Psal.
1014 2433 1076 2462 xm,
1094 2422 1127 2454 8.
1149 2439 1188 2445 -—
1208 2421 1223 2452 4
1246 2434 1256 2453 1
1278 2425 1350 2455 Cor.
1366 2434 1412 2465 nl,
1435 2434 1464 2454 1.
1483 2439 1524 2446 —

145 2474 160 2498 5
175 2474 288 2516 Philip.
313 2486 357 2516 m,
379 2475 430 2507 13.
451 2493 488 2498 —
507 2474 521 2498 6
537 2477 618 2508 Psal.
638 2485 702 2515 xm,
723 2485 755 2516 2,
772 2477 802 2509 3.
827 2494 867 2499 —
883 2484 896 2509 7
915 2486 934 2509 2
949 2479 1021 2510 Cor.
1038 2488 1070 2517 v,
1095 2487 1127 2510 2.
1146 2495 1186 2500 —
1207 2477 1221 2500 3
1240 2481 1329 2510 Rom.
1350 2490 1405 2519 xn,
1431 2488 1462 2512 2.
1484 2495 1525 2503 -—

143 2540 157 2563 9
175 2543 187 2563 1
210 2533 282 2564 Cor.
300 2543 366 2573 xlv,
391 2542 443 2564 20.
461 2549 499 2555 —-
521 2539 550 2555 ¹⁰
572 2532 674 2565 Galat.
699 2544 744 2572 ιιι,
769 2544 797 2565 1.
814 2550 854 2555 —-
874 2540 899 2556 ¹¹
925 2536 996 2565 Act.
1023 2546 1061 2574 11,
1082 2543 1114 2566 2.
1133 2551 1172 2557 —-
1195 2542 1222 2557 ¹²
1243 2536 1322 2567 Psal.
1347 2546 1444 2575 van,
1472 2546 1521 2577 ¹9·

142 2605 183 2610 —
207 2586 235 2609 '3
256 2588 301 2619 Id.
327 2599 400 2629 nv,
417 2591 446 2620 ὅ,
