1871 3162
562 260 615 286 DE
647 255 975 287 CATECHIZANms
1011 260 1205 286 anninus.
1485 252 1567 288 505

194 323 440 368 timebimus
462 324 648 369 incertos
662 325 799 369 exitus
839 324 1047 369 sermonis
1080 323 1215 367 nostri
1238 333 1412 383 propter
1427 325 1569 369 incer-

193 401 256 437 tos
275 401 419 437 motus
442 393 714 449 auditorum,
743 394 1064 454 delectabitque
1094 408 1173 437 nos
1203 394 1330 437 etiam
1355 394 1446 453 ipsa
1468 409 1568 453 per-

189 465 327 523 pessio
350 464 643 509 molestiarum
673 481 752 525 pro
780 464 1045 510 misericordi
1076 479 1206 524 opere
1227 498 1238 518 ‚
1264 464 1297 507 si
1329 481 1419 509 non
1452 465 1497 508 in
1520 480 1571 509 eo

189 542 379 578 nostram
398 535 579 593 gloriam
610 536 894 596 requiramus.
942 539 1064 580 Tunc
1095 534 1210 579 enim
1236 542 1299 577 est
1334 549 1433 577 vere
1457 530 1573 593 'opus

189 604 372 660 bonum,
388 620 488 649 cum
506 621 527 650 a
540 607 746 652 charitate
761 606 980 666 jaculatur
997 605 1163 664 agentis
1180 604 1382 658 intentio,
1412 615 1451 646 et
1473 612 1574 647 tan-

189 690 322 733 quam
336 674 392 718 ad
405 675 551 719 locum
572 691 698 720 suum
717 675 902 730 rediens,
919 691 1065 719 rursus
1079 675 1126 718 in
1145 675 1354 719 charitate
1380 674 1574 734 requies-

190 744 264 788 cit.
286 746 435 790 Lectio
456 761 558 790 vero
586 762 684 805 quae
706 760 784 790 nos
805 745 1009 801 delectat,
1031 754 1107 789 aut
1127 744 1272 805 aliqua
1298 743 1462 788 auditio
1483 758 1576 787 me-

190 814 307 860 lioris
329 815 506 877 eloquii,
525 825 574 861 ut
591 832 685 860 eam
700 817 942 876 promendo
959 816 1146 861 sermoni
1159 825 1308 861 nostro
1322 829 1576 875 praeponere

191 884 402 940 volentes,
425 901 527 930 cum
549 887 720 945 pigritia
742 886 812 931 vel
834 887 965 931 taedio
981 886 1229 948 loquamur,
1256 885 1481 930 alacriores
1498 899 1576 929 nos

191 956 411 1015 suscipiet,
430 956 756 1017 jucundiorque
778 957 1054 1016 praestabitur
1067 966 1165 1017 post
1177 957 1396 1013 laborem3
1418 965 1461 1000 et
1482 971 1577 1000 ma-

188 1027 283 1085 jore
306 1026 465 1070 fiducia
486 1026 836 1087 deprecabimur,
863 1037 911 1072 ut
940 1028 1145 1088 loquatur
1170 1028 1293 1072 nobis
1324 1031 1435 1071 Deus
1464 1041 1576 1086 quo-

193 1095 325 1140 modo
350 1096 552 1142 volumus
570 1133 580 1153 ,
613 1099 648 1142 si
683 1099 963 1158 suscipiamus
996 1098 1189 1143 hilariter
1205 1107 1255 1142 ut
1274 1097 1480 1158 loquatur
1502 1112 1578 1156 per

194 1181 272 1210 nos
291 1169 514 1227 quomodo
536 1184 784 1228 possumus:
798 1170 858 1213 ita
880 1170 930 1214 fit
951 1178 1000 1213 ut
1017 1169 1300 1228 diligentibus
1324 1171 1463 1212 Deum
1482 1182 1579 1211 om-

195 1238 265 1282 nia
287 1249 550 1284 concurrant
566 1240 613 1285 in
634 1241 802 1285 bonum
824 1243 853 1284 1.

196 1431 265 1447 &htx
271 1433 285 1447 t
290 1432 335 1447 1(ὶὶ
342 1432 472 1448 wwuvvn
478 1432 610 1449 xuwxwix
616 1433 818 1449 &wtxmkx-lx
824 1434 888 1449 ἏΑἱ
894 1434 959 1449 xm}
965 1434 1100 1450 ΧΧᾹΣΝἏΜ
1106 1434 1171 1450 MS
1176 1433 1242 1449 ΈΙΑΛ
1247 1432 1378 1449 ἱἋὶὶνἎ
1384 1431 1580 1449 Ύῑὶἱὶὶνὶῑννὶ

711 1567 923 1613 ἐᾷὲῗῖῗῖ
962 1570 1026 1613 fii
1042 1571 1056 1613 i
1071 1605 1080 1613 .

348 1733 628 1778 Remedium
651 1743 822 1778 contra
841 1736 1033 1778 tertiam
1055 1749 1260 1779 causam
1284 1732 1429 1779 taedii.

260 1919 402 1961 XVII.
439 1920 527 1961 Lm
550 1932 651 1961 vero
675 1916 709 1960 si
723 1916 875 1960 usitata
905 1924 948 1959 et
969 1914 1157 1974 parvulis
1175 1915 1457 1973 congruentia
1471 1930 1583 1974 saepe

204 1999 396 2047 repetere
415 1987 672 2041 fastidimus,
717 2001 1007 2044 congruamus
1034 1985 1092 2029 eis
1114 2001 1191 2044 per
1212 1984 1478 2040 fraternum,
1504 2001 1585 2044 pa-

205 2068 395 2112 ternum,
419 2068 754 2116 maternumque
772 2072 978 2111 amorem,
1006 2066 1048 2100 et
1070 2055 1280 2114 copulatis
1298 2057 1416 2100 cordi
1433 2071 1584 2100 eorum

206 2130 332 2173 etiam
364 2129 489 2173 nobis
523 2145 634 2173 nova
656 2127 938 2171 videbuntur.
974 2126 1285 2171 Tantumenim
1314 2126 1429 2171 valet
1453 2127 1585 2170 animi

208 2200 510 2259 compatientis
551 2200 747 2254 affectus,
788 2208 837 2242 ut
875 2214 974 2242 cum
1000 2197 1059 2242 illi
1085 2199 1336 2243 alliciuntur
1363 2198 1488 2242 uobis
1519 2198 1586 2242 lo-

208 2271 459 2330 quentibus,
486 2280 528 2314 et
550 2286 628 2314 nos
648 2269 730 2313 illis
751 2268 1033 2324 discentibus,
1054 2269 1357 2313 habitemusin
1374 2269 1583 2326 invicem3

210 2350 339 2400 atque
362 2341 420 2385 ita
442 2351 485 2385 et
518 2340 579 2384 illi
616 2356 715 2400 quae
738 2340 923 2384 audiunt
945 2339 1067 2399 quasi
1105 2340 1341 2400 loquantur
1363 2340 1408 2383 in
1440 2340 1583 2397 nobis,

210 2421 252 2455 et
289 2428 365 2455 nos
399 2413 442 2454 in
479 2411 561 2455 illis
594 2410 807 2455 discamus
845 2411 1035 2471 quodam
1067 2412 1199 2456 modo
1230 2428 1328 2472 quae
1362 2411 1581 2456 docemus.

210 2486 363 2529 Nonne
386 2482 579 2527 accidere
600 2484 684 2528 hoc
708 2482 842 2536 solet,
877 2497 976 2526 eum
1003 2482 1097 2528 loca
1135 2482 1337 2542 quaedam
1368 2482 1510 2542 ampla
1545 2491 1587 2525 et

257 2597 263 2614 ¹
288 2595 376 2624 Rom.
396 2602 465 2631 vm,
484 2593 539 2624 28.
