1871 3162
311 225 365 262 26
740 235 773 264 s.
810 234 1040 264 Anaus'rtm
1074 235 1256 263 zmscom

309 314 332 342 a
357 308 397 343 te
425 308 600 358 accepta
621 309 782 344 aeterna
807 308 931 359 pacta
960 308 1181 359 perpetuae
1203 298 1349 343 salutis
1371 297 1592 356 negligant
1608 316 1619 354 3
1638 304 1689 340 ut

310 370 386 429 qui
404 369 475 413 illa
498 385 703 414 sonorum
725 379 868 414 vetera
889 369 1046 429 placita
1070 378 1215 414 teneat
1237 378 1312 413 aut
1332 368 1502 423 doceat,
1523 367 1557 411 si
1580 382 1687 411 con-

310 448 374 482 tra
406 438 673 499 disciplinam
714 440 1037 498 grammaticam
1055 474 1065 494 ,
1106 439 1196 483 sine
1236 438 1494 497 aspiratione
1533 437 1687 496 primae

311 508 517 566 syllabae,
559 510 749 553 ominem
780 509 961 563 dixerit,
993 508 1218 569 displiceat
1240 508 1374 566 magis
1407 507 1657 551 hominibus
1677 540 1688 561 ‚

310 595 442 639 quam
473 580 507 624 si
544 590 694 624 contra
725 590 800 624 tua
831 589 1047 640 praecepta
1069 581 1291 624 hominem
1313 578 1480 633 oderit,
1508 593 1610 624 cum
1636 577 1692 621 sit

308 650 456 693 homo.
478 650 606 702 Quasi
637 665 739 694 vero
768 649 1008 710 quemlibet
1034 649 1260 693 inimicum
1288 648 1510 693 hominem
1540 647 1689 706 perni-

310 719 462 763 ciosius
477 719 633 764 sentiat
654 735 788 779 quam
810 721 952 779 ipsum
975 716 1126 763 odium
1143 754 1154 773 ‚
1171 734 1261 778 quo
1283 718 1328 762 in
1350 733 1451 761 eum
1473 716 1689 771 irritatur,

310 799 385 833 aut
400 799 537 833 vastet
553 789 783 850 quisquam
798 788 1100 849 persequendo
1119 789 1252 833 alium
1275 789 1444 848 gravius
1463 802 1596 848 quam
1618 802 1694 830 cor

309 875 435 903 suum
458 869 595 903 vastat
618 860 896 904 inimicando.
922 863 980 904 Et
1016 869 1131 904 certe
1166 876 1255 904 non
1278 869 1341 903 est
1363 859 1542 903 interior
1572 857 1692 901 litte-
1757 917 1761 918 ⁷

310 944 456 973 rarum
479 930 653 973 scientia
683 944 815 989 quam
838 930 996 987 scripta
1018 929 1303 984 conscientia,
1339 928 1385 972 id
1413 944 1457 972 se
1481 927 1605 971 alteri
1628 925 1695 971 sa-

310 1015 406 1044 cere
429 1000 550 1059 quod
571 999 681 1044 nolit
716 1000 818 1059 pati.
841 1004 981 1052 Quam
1008 1007 1058 1043 tu
1095 1008 1284 1043 secretus
1313 1014 1358 1042 es
1376 1033 1388 1053 ‚
1419 998 1623 1042 habitans
1650 998 1697 1041 in

311 1070 486 1115 excelsis
523 1071 569 1114 in
608 1071 778 1115 silentio
796 1105 807 1126 ‚
833 1074 946 1115 Deus
978 1070 1094 1115 solus
1122 1084 1334 1129 magnus,
1367 1068 1462 1127 lege
1486 1068 1697 1128 infatiga-

312 1141 388 1185 bili
410 1155 611 1200 spargens
632 1140 825 1200 poenales
843 1141 1056 1185 caecitates
1074 1155 1203 1199 super
1224 1139 1395 1184 illicitas
1418 1138 1693 1198 cupiditates.

313 1213 426 1257 Cum
441 1211 574 1256 homo
595 1211 856 1271 eloquentiae
879 1210 1038 1254 famam
1060 1210 1243 1269 quaerit,
1263 1218 1406 1253 astans
1426 1218 1526 1253 ante
1547 1208 1692 1253 homi-

313 1297 412 1326 nem
440 1282 629 1342 judicem
645 1317 656 1337 ,
685 1282 993 1327 circumstante
1013 1281 1242 1325 hominum
1270 1279 1554 1323 multitudine
1569 1314 1580 1333 ,
1604 1279 1691 1322 ini-

313 1353 476 1396 micum
500 1367 628 1396 suum
652 1352 755 1397 odio
776 1352 1086 1396 immanissimo
1104 1351 1317 1394 insectans
1336 1385 1348 1405 ‚
1372 1349 1698 1408 vigilantissime

312 1431 457 1477 cavet,
479 1437 534 1466 116
557 1438 632 1481 per
658 1422 821 1482 linguae
839 1437 1027 1466 errorem
1045 1421 1188 1466 dicat:
1214 1423 1333 1464 Inter
1356 1420 1632 1476 hominibus3
1655 1429 1698 1464 et

312 1508 368 1537 ne
395 1507 472 1552 per
493 1494 649 1537 mentis
671 1492 864 1538 furorem
898 1493 1119 1537 hominem
1149 1490 1317 1536 auferat
1343 1507 1396 1535 ex
1418 1491 1695 1548 hominibus,

314 1578 402 1607 non
422 1571 561 1607 cavet.
694 1576 719 1626 j
1575 1552 1581 1556 ⁶

312 1739 1698 1757 WMMWUWUMMWUMMWUMWMMMMMMMMRWWUMMWWUW

792 1871 1007 1922 CAPUT
1044 1874 1177 1920 XIX.

363 2031 593 2078 Pueritioe
613 2031 731 2076 vitia
751 2045 859 2088 quoe
881 2030 931 2075 in
951 2029 1163 2091 majores
1184 2037 1353 2074 oetates
1375 2037 1644 2074 transeunt.

372 2192 514 2236 XXX.
540 2192 705 2235 HoaUM
728 2204 809 2249 ego
829 2203 939 2248 puer
963 2203 1136 2234 morum
1154 2188 1202 2233 in
1220 2187 1371 2232 limine
1388 2188 1589 2249 jacebam
1613 2189 1698 2233 mi-

315 2278 381 2307 ser
398 2297 408 2317 ‚
435 2271 478 2307 et
511 2262 641 2322 hujus
663 2276 804 2306 arenae
825 2260 1024 2320 palaestra
1055 2268 1148 2305 erat
1169 2259 1243 2304 illa
1258 2294 1269 2315 ‚
1299 2259 1377 2304 ubi
1415 2260 1551 2319 magis
1573 2260 1700 2305 time-

316 2335 417 2377 bam
439 2326 755 2378 barbarismum
773 2331 931 2387 facere,
950 2346 1083 2392 quam
1100 2331 1307 2376 cavebam
1326 2331 1361 2375 si
1375 2329 1580 2385 facerem,
1608 2347 1696 2376 non

316 2403 572 2448 facientibus
607 2403 814 2448 invidere.
855 2403 962 2447 Dico
998 2403 1093 2447 haec
1122 2412 1166 2447 et
1199 2402 1412 2446 confiteor
1448 2401 1555 2456 tibi,
1581 2404 1697 2447 Deus

314 2490 436 2518 meus
444 2509 459 2530 ,
493 2475 539 2517 in
570 2474 729 2533 quibus
761 2473 973 2518 laudabar
1004 2473 1060 2517 ab
1081 2473 1162 2528 eis,
1195 2471 1357 2532 quibus
1379 2471 1550 2531 placere
1587 2481 1695 2517 tunc

316 2545 423 2588 mihi
445 2552 536 2588 erat
553 2545 732 2589 honeste
753 2544 911 2588 vivere.
945 2545 1042 2589 Non
1065 2544 1181 2587 enim
1218 2542 1422 2587 videbam
1445 2543 1694 2601 voraginem
