1871 3162
537 217 854 251 CONFBSSIONUM
866 238 878 260 ,
913 222 997 249 Lm.
1033 224 1075 250 v.
1422 211 1503 251 103

127 290 268 334 nentis
287 278 368 333 ista
392 307 401 333 :
427 303 528 333 cum
565 296 609 331 et
630 301 700 331 me
725 285 1039 346 cupiditatibus
1059 286 1165 330 meis
1183 300 1352 344 raperes
1379 287 1434 331 ad
1449 288 1506 331 fi-

126 358 306 403 niendas
322 360 432 418 ipsas
449 356 724 416 cupiditates,
744 365 787 400 et
800 354 915 400 illius
926 355 1098 400 carnale
1114 354 1375 400 desiderium
1388 357 1506 415 justo

127 429 326 474 dolorum
348 427 521 487 flagello
537 427 776 487 vapularet.
802 427 990 471 Amabat
1010 427 1127 470 enim
1148 440 1296 470 secum
1318 440 1508 484 praesen-

125 501 228 544 tiam
250 514 389 543 meam
414 514 535 542 more
559 507 747 542 matrum
765 531 776 552 ,
802 495 876 540 sed
895 496 1044 541 multis
1065 495 1206 541 multo
1227 495 1413 555 amplius
1432 515 1443 541 z
1463 506 1508 542 et

124 571 343 615 nesciebat
359 570 468 629 quid
482 579 531 613 tu
545 568 607 613 illi
626 570 885 627 gaudiorum
906 567 1100 612 tacturus
1117 583 1227 611 esses
1242 566 1297 610 de
1314 567 1508 612 absentia

125 656 234 684 mea.
256 641 484 685 Nesciebat
499 675 509 694 ,
534 640 633 684 ideo
653 640 788 683 flebat
805 648 847 683 et
869 637 1073 698 ejulabat,
1091 646 1223 697 atque
1244 636 1327 680 illis
1347 637 1511 681 crucia-

125 711 241 754 tibus
270 710 532 767 arguebatur
553 710 599 752 iri
633 725 683 753 ea
715 708 1013 768 reliquiarium
1044 709 1148 752 Evae
1165 742 1176 762 ,
1212 721 1312 751 cum
1345 708 1510 764 gemitu

124 779 464 839 quaerenquuod
481 795 580 824 cum
600 780 763 837 gemitu
780 787 1018 838 pepererat.
1039 781 1097 822 Et
1111 787 1256 822 tamen
1273 786 1370 836 post
1391 792 1511 821 accu-

124 852 334 894 sationem
359 849 626 894 fallaciarum
657 858 700 893 et
725 848 990 893 crudelitatis
1017 863 1125 892 meae
1141 883 1151 903 ,
1176 862 1383 892 conversa
1410 862 1510 891 rur-

125 935 195 963 sus
223 919 277 963 ad
305 920 628 979 deprecandum
652 929 694 963 te
716 934 795 978 pro
823 934 893 962 me
910 953 921 973 ,
956 918 1063 962 abiit
1095 917 1150 962 ad
1173 916 1323 970 solita,
1353 927 1397 961 et
1429 933 1510 976 ego

125 991 327 1033 Romam.

119 1167 236 1182 mztvvx
241 1167 377 1182 SQQNRM!
382 1168 569 1183 ἱἋὶὶννὶἱὶΑ
575 1168 583 1181 ἱ
588 1167 655 1182 &ui
660 1165 1438 1182 mmmwnummxwwwvmmmmmmm
1443 1164 1508 1179 m!

636 1318 851 1365 CAPUT
892 1318 980 1363 IX.

348 1494 504 1541 Febrz‘
522 1504 768 1554 correptus
781 1493 1048 1554 periculose
1073 1492 1281 1538 laborat.

180 1680 299 1722 XVI.
327 1679 389 1721 ΕΤ
409 1691 507 1721 ecce
530 1676 721 1734 excipior
740 1676 801 1720 ibi
823 1674 996 1734 flagello
1013 1675 1281 1733 aegritudinis
1303 1689 1508 1734 corpora-

121 1748 171 1792 lis
186 1783 197 1801 ,
218 1757 261 1791 et
282 1747 396 1791 ibam
413 1746 468 1791 ad
487 1745 668 1800 inferos,
690 1755 865 1805 portans
888 1746 1034 1790 omnia
1057 1745 1169 1790 mala
1197 1761 1297 1805 quae
1322 1747 1507 1790 commi-

121 1833 259 1863 seram
282 1827 326 1861 et
345 1818 391 1861 in
412 1827 455 1861 te
476 1827 519 1861 ct
540 1819 585 1861 in
607 1832 675 1860 me
698 1827 741 1861 et
761 1818 806 1861 in
829 1817 934 1861 alios
954 1852 964 1871 ,
988 1816 1127 1861 multa
1149 1826 1193 1860 et
1215 1818 1360 1875 gravia
1380 1832 1509 1876 super

123 1888 341 1945 originalis
362 1887 528 1945 peccati
550 1887 773 1930 vinculum
788 1903 877 1946 quo
894 1902 1044 1931 omnes
1065 1888 1110 1931 in
1125 1886 1264 1931 Adam
1279 1887 1504 1931 morimur.

121 1961 220 2004 Non
246 1959 363 2000 enim
388 1957 629 2016 quidquam
653 1972 804 2001 eorum
827 1955 945 2000 ‘mihi
966 1956 1203 2001 donaveras
1229 1958 1275 2001 in
1296 1958 1470 2002 Christo
1495 1977 1504 2002 :

122 2043 202 2072 nec
221 2027 408 2071 solverat
428 2026 502 2069 ille
524 2026 568 2069 in
591 2041 720 2070 cruce
743 2042 818 2069 sua
835 2026 1101 2081 inimicitias,
1123 2042 1228 2086 quas
1246 2036 1390 2071 tecum
1407 2043 1508 2072 con·

121 2108 331 2142 traxeram
366 2097 550 2156 peccatis
573 2096 693 2139 meis.
725 2094 957 2148 Quomodo
990 2096 1106 2140 enim
1144 2112 1214 2140 eas
1247 2096 1431 2142 solveret
1462 2099 1508 2142 in

121 2184 250 2214 cruce
267 2167 602 2227 phantasmatis,
623 2167 743 2226 quod
761 2167 815 2210 de
830 2166 906 2211 illo
927 2166 1227 2211 credideram?
1244 2170 1382 2222 Quam
1406 2184 1507 2227 ergo

121 2239 227 2283 falsa
250 2239 354 2282 mihi
376 2238 608 2282 videbatur
630 2252 745 2281 mors
765 2237 904 2281 carnis
925 2238 1016 2297 ejus
1033 2273 1044 2292 ,
1064 2247 1152 2282 tam
1174 2254 1275 2282 vera
1297 2249 1388 2283 erat
1409 2240 1504 2283 ani-

120 2325 204 2353 mae
227 2323 335 2352 meae
362 2327 370 2352 :
397 2318 440 2352 et
461 2324 592 2367 quam
612 2323 713 2352 vera
735 2316 828 2351 erat
848 2322 963 2352 mors
985 2308 1124 2352 carnis
1146 2310 1258 2368 ejus,
1282 2319 1371 2353 tam
1399 2307 1505 2355 falsa

120 2380 207 2424 vita
222 2380 378 2423 animae
398 2394 506 2422 meae
521 2414 532 2433 ,
550 2394 649 2438 quae
670 2377 714 2422 id
737 2393 827 2422 non
849 2377 1068 2422 credebat.
1090 2381 1148 2423 Et
1167 2380 1505 2437 ingravescenti·

122 2450 204 2493 bus
241 2448 434 2492 febribus
457 2450 549 2508 jam
572 2448 690 2492 ibam
720 2457 762 2492 et
783 2448 995 2507 peribam.
1031 2451 1129 2501 Quo
1160 2442 1440 2505 enim‘irem,
1470 2451 1505 2495 si

123 2530 228 2564 tunc
266 2520 367 2563 hinc
403 2520 589 2572 abirem,
614 2519 695 2563 nisi
728 2519 938 2577 inignem
973 2528 1105 2579 atque
1130 2529 1346 2567 tormenta
1372 2521 1502 2581 digna
