1871 3162
551 291 870 319 conFESfflORUM
890 307 901 328 ‚
935 292 1018 318 Lm.
1054 293 1102 317 11.
1461 284 1514 321 33

141 353 370 413 bidinum3
394 364 438 399 et
471 354 592 399 nulla
622 364 713 399 crat
747 355 968 407 eradicans
994 370 1163 399 manus.
1201 356 1406 408 Quinimo
1439 358 1514 401 ubi

140 442 211 471 me
247 426 319 470 ille
340 431 465 485 pater
483 426 528 469 in
559 425 722 469 balneis
748 426 856 469 vidit
884 426 1193 484 pubescentem
1210 460 1220 479 ,
1253 434 1294 468 et
1322 425 1516 485 inquieta

116 529 119 532 -
141 495 344 540 indutum
361 495 649 540 adolescentia
669 530 680 550 ,
706 496 827 554 quasi
839 497 929 554 jam
946 511 997 539 ex
1018 496 1101 540 hoc
1123 496 1169 539 in
1187 504 1365 554 nepotes
1385 497 1514 554 gesti-

141 576 231 622 ret,
256 567 446 625 gaudens
474 567 599 610 matri
628 565 861 624 indicavit3
886 566 1076 624 gaudens
1099 566 1334 610 vinolentia
1362 567 1408 609 in
1431 583 1517 626 qua

94 645 96 647 ’
144 646 184 681 te
199 637 278 680 iste
300 636 490 681 mundus
512 635 673 681 oblitus
692 645 755 680 est
777 646 1012 680 creatorem
1031 651 1158 680 suum
1176 671 1186 691 ,
1213 646 1255 679 et
1276 645 1517 680 creaturam

141 715 261 750 tuam
280 722 359 766 pro
377 716 418 750 te
441 707 622 761 amavit,
649 706 703 750 de
720 708 821 751 vino
842 705 1046 750 invisibili
1069 722 1278 765 perversae
1301 716 1430 765 atquc
1448 707 1518 749 in-

144 776 312 820 clinatae
331 777 375 819 in
396 776 482 820 ima
504 775 735 820 voluntatis
754 766 856 819 tuas.
886 775 968 820 Sed
997 777 1144 820 matris
1175 778 1218 819 in
1243 786 1415 834 pectore
1431 777 1520 835 jam

143 846 422 890 inchoaveras
442 846 655 905 templum
680 856 804 890 tuum
824 881 834 900 ,
859 855 901 889 et
924 847 1147 890 exordium
1169 855 1326 890 sanctae
1355 846 1522 890 habita-

145 917 271 961 tionis
293 927 381 961 tuae
403 936 411 961 :
434 932 533 960 nam
556 917 630 960 ille
651 917 795 961 adhuc
810 907 1179 972 catechumenus,
1205 927 1247 961 et
1270 919 1351 961 hoc
1375 932 1522 960 recens

145 996 249 1031 erat.
283 990 434 1047 Itaque
455 986 528 1031 illa
554 987 717 1031 exilivit
746 988 816 1046 pia
845 986 1132 1046 trepidatione
1163 1004 1211 1031 ac
1235 997 1450 1044 tremore,
1480 997 1523 1032 ot

144 1059 340 1118 quamvis
361 1058 464 1101 mihi
484 1058 681 1102 nondum
704 1057 848 1111 fideli,
869 1058 1013 1101 timuit
1034 1067 1178 1101 tamen
1195 1058 1281 1101 vias
1304 1058 1520 1112 distortas,

142 1129 186 1171 in
219 1128 382 1188 quibus
420 1127 648 1173 ambulant
679 1128 753 1187 qui
787 1137 960 1186 ponunt
995 1127 1049 1171 ad
1070 1137 1114 1171 te
1146 1137 1318 1186 tergum
1357 1137 1399 1172 et
1436 1135 1534 1172 non*

141 1196 311 1242 faciem.

201 1270 300 1313 VII.
328 1268 409 1311 Hei
430 1267 561 1310 mihi!
587 1275 631 1310 et
647 1266 787 1310 audeo
805 1266 948 1309 dicere
963 1267 1144 1311 tacuisse
1165 1276 1224 1322 te,
1246 1270 1359 1311 Deus
1382 1283 1519 1322 meus,

143 1352 243 1382 cum
265 1338 371 1380 irem
396 1337 529 1380 abste
551 1335 737 1393 longius.
758 1338 903 1380 Ita-ne
920 1345 969 1380 tu
996 1337 1168 1381 tacebas
1190 1347 1295 1382 tunc
1317 1339 1525 1382 mihi?Et

144 1409 265 1467 cujus
284 1417 407 1451 erant
424 1407 506 1451 nisi
524 1416 598 1451 tua
617 1406 750 1451 verba
771 1405 842 1450 illa
860 1422 936 1465 per
955 1417 1137 1451 matrem
1155 1423 1296 1452 meam
1316 1443 1327 1461 ,
1352 1407 1524 1452 fidelem

143 1487 264 1522 tuam
291 1494 390 1537 quae
422 1477 602 1521 cantasti
631 1477 677 1520 in
711 1492 833 1521 aures
855 1479 1001 1521 meas?
1032 1480 1119 1522 Nec
1147 1478 1250 1521 inde
1285 1478 1526 1537 quidquam

145 1549 367 1594 descendit
385 1550 430 1592 in
450 1564 522 1593 cor
537 1584 548 1604 ,
579 1557 629 1592 ut
651 1548 835 1592 facerem
858 1546 985 1591 illud.
1011 1549 1196 1592 Volebat
1217 1549 1333 1592 enim
1355 1549 1428 1592 illa
1447 1585 1456 1604 ,
1484 1558 1526 1593 et

144 1629 309 1664 secreto
341 1619 548 1672 memini,
567 1627 618 1662 ut
655 1618 874 1661 monuerit
903 1633 1004 1661 cum
1036 1618 1329 1662 sollicitudine
1362 1619 1526 1676 ingenti

143 1705 199 1733 ne
231 1689 468 1734 fornicarer
484 1723 495 1744 ,
532 1688 805 1747 maximeque
846 1703 901 1731 ne
935 1687 1224 1732 adulterarem
1268 1690 1525 1749 cujusquam

144 1775 338 1804 uxorem.
364 1760 448 1812 Qui
464 1759 571 1802 mihi
588 1759 780 1803 monitus
801 1758 1034 1802 muliebres
1056 1758 1341 1814 videbantur,
1367 1761 1526 1820 quibus

145 1829 446 1887 obtemperare
467 1828 781 1872 erubescerem.
808 1828 878 1871 Illi
894 1837 1038 1871 autem
1062 1829 1126 1872 tui
1143 1839 1280 1883 erant,
1301 1838 1343 1873 et
1366 1830 1529 1873 nescie-

143 1898 270 1956 bam,
293 1907 336 1942 et
353 1908 396 1942 te
417 1907 560 1942 tacere
573 1898 785 1957 putabam
799 1933 810 1952 ,
831 1907 962 1957 atque
982 1898 1101 1942 illam
1122 1898 1244 1959 loqui
1262 1935 1272 1954 ,
1298 1915 1375 1958 per
1396 1915 1527 1959 quam

144 1969 252 2013 mihi
270 1978 319 2012 tu
345 1984 435 2012 non
464 1969 664 2022 tacebas,
692 1977 735 2012 et
755 1968 801 2011 in
823 1967 897 2012 illa
920 1970 1266 2012 contemnebaris
1293 1985 1316 2013 a
1338 1985 1407 2013 me
1436 1970 1527 2013 filio

145 2040 234 2098 ejus
250 2074 261 2094 ,
285 2039 376 2082 filio
399 2037 567 2082 ancillae
589 2048 678 2082 tuae
699 2053 822 2081 servo
847 2047 935 2085 tus).
962 2038 1045 2082 Sed
1069 2039 1331 2093 nesciebam,
1356 2049 1398 2083 et
1421 2055 1528 2098 pree-

144 2124 244 2168 ceps
265 2109 383 2152 ibam
403 2118 522 2152 tanta
545 2108 738 2153 caecitate
753 2142 763 2161 ,
792 2117 841 2151 ut
863 2109 976 2151 inter
997 2117 1237 2153 coaetaneos
1254 2124 1372 2153 meos
1394 2111 1527 2168 pude-

144 2188 210 2223 ret
230 2194 300 2223 me
321 2179 496 2223 minoris
511 2178 750 2234 dedecoris,
765 2179 969 2238 quoniam
989 2178 1217 2223 audiebam
1238 2195 1308 2224 eos
1316 2181 1527 2240 jactantes

145 2249 309 2308 flagitia
329 2265 405 2293 sua
426 2258 468 2293 et
493 2259 612 2293 tanto
636 2249 868 2307 gloriantes
890 2251 1025 2308 magis
1043 2285 1053 2303 ,
1085 2260 1250 2309 quanto
1277 2253 1411 2310 magis
1434 2266 1526 2295 tur-

148 2335 222 2378 pes
254 2330 421 2374 essent,
447 2322 501 2363 iet
533 2319 699 2363 libebat
725 2318 866 2363 facere
904 2336 992 2364 non
1031 2320 1170 2364 solum
1193 2320 1372 2364 libidine
1393 2321 1493 2366 facti
1513 2357 1524 2377 ,

149 2390 432 2433 verumetiam
462 2389 617 2432 laudis,
653 2389 768 2442 Quid
796 2389 976 2448 dignum
1010 2400 1072 2433 est
1095 2391 1412 2449 vituperatione
1447 2394 1527 2437 nisi

148 2459 304 2503 vitium
323 2461 340 2502 P
371 2461 464 2517 Ego
493 2475 548 2502 ne
572 2459 841 2517 vituperarer
868 2460 1059 2503 vitiosior
1082 2461 1237 2503 fiebam
1255 2454 1329 2517 ,set
1346 2462 1423 2505 ubi
1440 2478 1528 2506 non

149 2530 323 2574 suberat
351 2545 438 2589 quo
459 2529 642 2574 admisso
664 2545 859 2588 aequarer
888 2530 1065 2588 perditis
1081 2565 1091 2583 ,
1123 2531 1339 2588 fingebam
1362 2547 1430 2576 me
1460 2532 1527 2576 fc-

337 2612 509 2641 cxxxu.
1345 2604 1368 2641 3
