1871 3162
568 197 914 234 conrssssmmm,
947 197 1030 223 Lus.
1065 199 1143 224 vn.
1448 184 1530 224 155

163 281 183 303 »
218 264 474 307 confiteatur
489 296 501 316 ‚
525 262 626 321 quia
653 260 861 305 Dominus
881 262 1004 304 Jesus
1033 260 1227 304 Christus
1246 261 1291 303 in
1308 260 1442 317 gloria
1465 270 1528 304 est

160 351 180 374 »
218 334 290 377 Dei
320 333 455 377 Patris
472 334 485 357 ¹
513 351 522 376 :
550 350 569 373 »
596 347 684 375 non
705 331 870 375 habent
902 329 966 373 illi
998 329 1113 373 libri.
1139 328 1264 382 Quod
1291 329 1407 372 enim
1430 339 1529 373 ante

162 405 304 449 omnia
317 413 529 462 tempora,
549 412 591 446 et
609 418 737 461 supra
751 402 896 446 omnia
910 410 1106 460 tempora
1122 399 1535 445 incommutabiliter

158 483 305 518 manet
326 474 574 532 unigenitus
606 472 741 516 Filius
765 481 865 516 tuus
886 480 1125 516 coaeternus
1147 470 1227 514 tibi
1244 505 1255 524 ‚
1285 478 1328 513 et
1356 470 1457 529 quia
1478 469 1533 513 de

156 543 428 603 plenitudine
448 544 538 603 ejus
559 543 776 601 accipiunt
800 542 956 586 animae
978 550 1029 585 ut
1045 542 1182 586 beatae
1199 541 1284 584 sint
1297 543 1330 594 2,
1357 548 1401 584 et
1431 540 1535 600 quia

157 613 483 672 participatione
501 613 714 656 manentis
735 612 782 655 in
800 627 844 655 se
865 611 1085 670 sapientiae
1106 619 1371 655 renovantur
1391 618 1442 653 ut
1467 624 1535 653 sa—

155 683 324 742 pientes
343 682 426 725 sint
454 701 462 726 :
489 691 553 725 est
582 682 660 726 ibi.
681 681 810 734 Quod
832 689 979 724 autem
1001 679 1242 724 secundum
1263 689 1435 738 tempus
1456 693 1536 738 pro

161 753 304 812 impiis
325 762 522 797 mortuus
542 762 605 796 est
621 754 635 778 3
649 774 660 810 3
676 762 718 796 et
732 752 843 796 Filio
860 751 990 795 unico
1012 761 1089 796 tuo
1103 767 1192 796 non
1211 750 1453 810 pepercisti,
1464 749 1539 793 sed

159 839 238 882 pro
252 822 376 867 nobis
389 822 591 867 omnibus
606 821 818 865 tradidisti
833 836 932 864 eum
943 822 958 846 ⁴
971 842 982 878 3
996 837 1086 865 non
1099 829 1163 865 est
1178 818 1539 865 ibi.Abscondisti

159 893 274 937 enim
290 894 382 936 haec
397 909 420 937 a
434 892 718 951 sapientibus,
730 900 772 935 et
786 892 982 936 revelasti
995 906 1042 935 ea
1058 890 1245 950 parvulis
1258 899 1327 935 :ut
1342 889 1541 933 venirent

158 963 212 1007 ad
235 977 335 1006 eum
359 962 606 1006 laborantes
638 971 681 1006 et
702 962 897 1016 onerati,
922 971 966 1005 et
986 962 1181 1005 reficeret
1202 976 1275 1004 eos
1298 979 1308 1004 ι
1332 959 1540 1020 quoniam

158 1034 272 1077 mitis
292 1041 355 1076 est
379 1042 422 1076 et
453 1032 629 1075 humilis
661 1031 791 1075 corde
807 1066 818 1086 ,
844 1040 886 1074 et
908 1031 1055 1089 dirigit
1088 1032 1211 1074 mites
1230 1031 1275 1073 in
1292 1029 1477 1089 judicio,
1498 1037 1541 1071 et

159 1104 289 1148 docet
303 1112 552 1146 mansuetos
573 1104 662 1146 vias
684 1118 779 1145 suas
797 1122 807 1158 3
827 1101 979 1144 videns
1001 1100 1292 1144 humilitatem
1313 1107 1506 1143 nostram
1526 1133 1537 1152 ‚

160 1183 203 1218 et
220 1174 412 1217 laborem
430 1181 627 1215 nostrum
643 1206 654 1223 ‚
671 1180 713 1214 et
731 1170 952 1214 dimittens
981 1170 1125 1212 omnia
1144 1178 1319 1226 peccata
1342 1178 1489 1212 nostra
1506 1170 1536 1211 ⁵.

161 1243 247 1297 Qui
269 1251 413 1286 autem
441 1242 657 1285 cothurno
687 1250 892 1299 tanquam
916 1238 1126 1283 doctrinae
1150 1238 1412 1282 sublimioris
1438 1237 1541 1281 elati

164 1330 254 1358 non
277 1312 462 1356 audiunt
483 1311 700 1356 dicentem
727 1330 736 1354 2
764 1329 784 1351 «
807 1310 962 1354 Discite
986 1325 1009 1352 a
1031 1323 1100 1351 me
1117 1308 1217 1367 quia
1244 1308 1360 1351 mitis
1381 1323 1476 1351 sum
1500 1317 1543 1352 ct

168 1403 186 1425 »
221 1381 396 1427 humilis
431 1381 562 1426 corde
578 1416 588 1435 ‚
625 1389 667 1424 et
700 1379 927 1423 invenietis
958 1379 1152 1438 requiem
1188 1379 1413 1421 animabus
1445 1393 1542 1421 ves-

165 1473 185 1496 »
222 1454 354 1508 tris⁶3
381 1470 400 1492 n
426 1452 505 1495 etsi
526 1459 796 1509 cognoscunt
813 1452 951 1493 Deum
970 1484 980 1503 ‚
1004 1464 1093 1492 non
1116 1449 1228 1492 sicut
1249 1451 1387 1491 Deum
1411 1447 1544 1505 glori-

102 1524 106 1529 '
163 1525 296 1568 ficant
318 1532 393 1567 aut
415 1522 570 1581 gratias
589 1530 724 1579 agunt
741 1541 752 1578 3
771 1520 846 1564 sed
869 1527 1132 1563 evanescunt
1149 1519 1195 1561 in
1216 1518 1546 1575 cogitationibus

166 1595 252 1639 suis
269 1629 280 1648 ‚
311 1602 354 1637 et
383 1594 639 1637 obscuratur
659 1591 865 1650 insipiens
886 1605 960 1634 cor
977 1604 1127 1633 eorum
1146 1610 1157 1645 3
1181 1587 1373 1632 dicentes
1395 1603 1438 1632 se
1458 1603 1546 1633 esse

166 1665 378 1724 sapientes
394 1697 405 1717 ,
426 1661 547 1706 stulti
567 1663 696 1705 fiunt.

237 1735 335 1777 XV.
366 1735 422 1777 Et
452 1731 550 1776 ideo
578 1730 777 1789 legebam
810 1730 872 1773 ibi
900 1728 1030 1772 etiam
1056 1729 1331 1772 immutatam
1365 1727 1546 1787 gloriam

167 1804 500 1864 incorruptionis
533 1812 622 1846 tuae
644 1803 690 1846 in
723 1800 840 1846 idola
861 1809 905 1845 et
919 1800 1038 1844 varia
1059 1798 1311 1854 simulacra,
1330 1799 1376 1842 in
1399 1798 1549 1843 simili·

168 1876 366 1921 tudinem
394 1875 592 1933 imaginis
625 1871 915 1931 corruptibilis
942 1872 1128 1916 hominis
1159 1880 1203 1915 et
1241 1870 1469 1916 volucrum
1503 1879 1547 1914 et

168 1944 503 2007 quadrupedum
522 1953 566 1988 et
581 1951 828 2002 serpentum
848 1943 862 1967 ⁷
876 1976 887 1994 ‚
908 1940 1109 1985 videlicet
1124 1941 1381 2000 AEgyptium
1397 1941 1545 1984 cibum

168 2033 257 2078 quo
282 2016 398 2060 Esaii
419 2013 610 2074 perdidit
631 2015 694 2070 (ὁ)
718 2011 1003 2071 primogenita
1026 2026 1101 2055 sua
1115 2013 1155 2068 83
1186 2010 1394 2071 quoniam
1415 2018 1548 2068 caput

171 2085 464 2147 quadrupedis
500 2100 580 2143 pro
617 2092 661 2127 te
708 2082 938 2126 honoravit
974 2081 1162 2140 populus
1203 2080 1518 2140 primogenitus
1534 2114 1544 2134 ,

169 2172 401 2203 conversus
417 2154 547 2200 corde
563 2154 608 2198 in
620 2157 878 2212 AEgyptum‚
893 2161 937 2197 et
957 2167 1142 2196 curvans
1160 2151 1393 2210 imaginem
1410 2160 1545 2204 tuam,

170 2228 358 2272 animam
389 2241 510 2270 suam
548 2233 647 2269 ante
685 2224 918 2282 imaginem
959 2222 1086 2267 vituli
1117 2221 1421 2266 manducantis
1456 2219 1545 2264 foe-

171 2299 322 2343 num9.
354 2299 505 2341 Inveni
531 2297 624 2340 haec
645 2295 707 2339 ibi
723 2329 735 2349 ,
761 2303 805 2338 et
826 2309 915 2338 non
937 2293 1209 2339 manducavi.
1243 2292 1410 2337 Placuit
1431 2291 1547 2336 enim

217 2413 230 2431 ἵ
249 2409 361 2452 Philip.
382 2420 416 2449 11,
433 2411 531 2441 6-11.
556 2425 597 2431 —
618 2415 630 2430 ²
650 2410 740 2439 Joan.
761 2419 786 2446 1,
810 2407 861 2441 16.
882 2424 923 2429 —
946 2405 960 2429 3
980 2409 1072 2439 Rom.
1088 2417 1120 2447 v,
1139 2408 1171 2439 6.
1191 2422 1232 2428 —
1249 2404 1264 2428 ⁶
1281 2405 1327 2437 Id.
1349 2415 1415 2446 vm,
1434 2404 1488 2436 32.
1503 2421 1546 2426 —

173 2465 189 2490 5
208 2466 291 2498 Psal.
308 2475 398 2505 ΗΠ,
417 2475 439 2507 9
456 2468 489 2497 et
514 2466 563 2496 18.
580 2480 621 2486 —
643 2462 659 2486 6
679 2462 794 2495 Matth.
809 2473 856 2503 xr,
877 2462 933 2503 25,
950 2464 994 2494 28
1010 2466 1044 2494 et
1056 2470 1110 2504 29.
1127 2477 1168 2484 —-
1183 2468 1197 2495 7
1220 2463 1312 2493 Rom.
1333 2473 1357 2498 -'·,
1379 2459 1529 2493 {tt-‘23‘-

175 2520 190 2543 8
213 2524 291 2554 Gen.
313 2531 387 2560 xxv,
408 2520 462 2561 33,
480 2520 533 2561 34.
555 2536 595 2543 —-
619 2527 634 2551 9
653 2519 750 2551 Exod.
768 2529 868 2559 xxxn,
897 2517 972 2558 1—6‚
990 2521 1022 2550 et
1035 2516 1115 2549 Psal.
1135 2527 1186 2557 ev,
1204 2527 1255 2558 19,
1269 2525 1325 2548 20-
