1871 3162
597 238 945 277 coNFEssmmJM,
981 240 1062 267 ΠΒ.
1099 240 1196 267 x111.
1488 234 1571 273 387

196 299 276 344 sub
303 301 576 346 firmamento
598 302 725 346 coeli?
748 308 939 357 Quarum
968 305 1083 348 enim
1111 319 1256 348 rerum
1283 306 1449 351 notitiae
1470 319 1572 354 sunt

195 370 344 415 solidae
367 381 408 415 et
426 372 667 416 terminatae
688 374 778 416 sine
808 374 1085 419 incrementis
1107 376 1451 434 generationum,
1472 387 1571 422 tan-

195 457 326 500 quam
367 441 530 486 lumina
566 442 786 502 sapientiae
815 454 857 488 et
889 445 1099 500 scientiae,
1134 445 1386 490 earumdem
1425 462 1567 492 rerum

192 520 295 555 sunt
322 513 590 571 operationes
619 514 861 573 corporales
888 515 1037 559 multae
1067 531 1114 560 ac
1139 517 1293 572 variae,
1315 526 1358 561 et
1378 516 1497 561 aliud
1520 534 1569 562 ex

193 581 276 626 alio
309 583 543 628 crescendo
570 584 884 644 multiplicatur
901 586 946 629 in
979 585 1280 631 benedictione
1301 597 1401 642 tua,
1431 592 1565 644 Deus,

191 654 267 712 qui
282 653 527 698 consolatus
544 670 587 698 es
601 654 771 699 fastidia
785 671 991 700 sensuum
1003 657 1269 714 mortalium,
1292 669 1341 703 ut
1355 660 1399 703 in
1412 660 1566 719 cogni-

191 724 308 767 tione
330 725 462 769 animi
494 741 558 769 res
588 742 675 770 una
701 725 848 771 multis
883 727 1021 771 modis
1047 744 1122 787 per
1145 730 1335 788 corporis
1356 731 1569 776 motiones

192 796 402 853 figuretur
439 806 570 856 atque
595 797 798 842 dicatur:
835 817 855 840 «
895 802 1033 858 Aquae
1068 800 1368 858 produxerunt
1398 803 1516 861 haec3
1548 821 1569 844 »

191 865 264 909 sed
302 866 347 909 in
387 867 521 911 verbo
566 877 657 912 tuo.
702 869 982 913 Necessitates
1025 869 1312 915 alienatorum
1348 873 1403 915 ab
1440 883 1569 917 aeter-

190 936 324 980 nitate
345 937 535 984 veritatis
550 948 638 983 tuae
665 935 929 998 populorum
951 940 1252 999 produxerunt
1273 943 1389 1001 haec3
1420 943 1496 988 sed
1527 944 1574 987 in

187 1007 423 1065 Evangelio
440 1017 534 1065 tuo3
558 1009 767 1069 quoniam
793 1010 896 1069 ipsae
920 1026 1044 1071 aquae
1081 1011 1160 1056 ista
1182 1013 1433 1072 ejecerunt,
1462 1029 1570 1074 qua-

188 1091 285 1120 rum
307 1092 477 1122 amarus
496 1078 681 1138 languor
700 1077 785 1123 fuit
807 1095 950 1135 causa,
978 1091 1026 1125 ut
1049 1082 1092 1125 in
1111 1090 1189 1127 tuo
1211 1083 1346 1128 verbo
1369 1084 1448 1129 ista
1467 1099 1571 1144 pro-

189 1148 411 1193 cederent.

245 1219 448 1265 XXVIII.
468 1223 524 1265 Et
542 1220 724 1280 pulchra
746 1230 848 1266 sunt
868 1224 1014 1267 omnia
1035 1221 1222 1269 faciente
1244 1235 1308 1281 te,
1335 1236 1378 1271 et
1401 1243 1501 1273 ecce
1523 1238 1574 1273 tu

185 1292 534 1338 inenarrabiliter
549 1291 773 1352 pulchrior
794 1293 871 1353 qui
892 1292 1030 1338 fecisti
1064 1296 1233 1353 omnia;
1260 1314 1282 1341 a
1316 1314 1405 1358 quo
1427 1300 1460 1344 si
1478 1316 1567 1345 non

186 1375 295 1410 esset
316 1365 460 1425 lapsus
478 1363 634 1420 Adam,
668 1380 756 1409 non
794 1365 1116 1410 diffunderetur
1138 1382 1186 1411 ex
1206 1379 1331 1413 utero
1361 1371 1453 1430 ejus
1490 1371 1573 1416 sal-

187 1452 295 1496 sugo
327 1437 479 1489 maris,
526 1451 661 1494 genus
702 1437 945 1480 humanum
984 1437 1204 1496 profunde
1243 1441 1492 1497 curiosum,
1528 1452 1572 1487 et

183 1507 421 1567 procellose
439 1507 674 1561 tumidum,
695 1516 738 1551 et
752 1507 1010 1551 instabiliter
1026 1509 1236 1568 fluidum3
1257 1521 1389 1571 atque
1406 1513 1465 1558 ita
1480 1529 1570 1558 non

185 1595 293 1639 opus
317 1589 426 1624 esset
456 1589 505 1623 ut
525 1579 571 1622 in
603 1578 725 1638 aquis
753 1578 899 1622 multis
929 1579 1210 1637 corporaliter
1244 1591 1287 1626 et
1311 1583 1567 1628 sensibiliter

184 1660 465 1711 operarentur
487 1646 800 1708 dispensatores
818 1651 882 1693 tui
918 1651 1099 1708 mystica
1118 1651 1230 1696 facta
1260 1663 1303 1698 et
1329 1653 1460 1699 dicta.
1499 1656 1567 1700 Sic

185 1722 298 1765 enim
337 1736 454 1765 nunc
484 1720 587 1764 mihi
621 1730 905 1764 occurrerunt
939 1721 1105 1780 reptilia
1145 1731 1188 1766 et
1220 1723 1427 1779 volatilia,
1468 1725 1568 1785 qui-

186 1793 266 1836 bus
293 1792 448 1835 imbuti
478 1800 519 1835 et
540 1792 697 1835 initiati
733 1791 930 1835 homines
967 1792 1264 1850 corporalibus
1287 1796 1566 1840 sacramentis

182 1862 360 1916 subditi,
399 1878 486 1906 non
509 1861 623 1906 ultra
645 1862 921 1921 proficerent,
947 1862 1027 1906 nisi
1050 1863 1298 1922 spiritaliter
1328 1866 1566 1912 vivesceret
1618 1909 1621 1911 .

182 1933 323 1978 anima
346 1934 483 1992 gradu
506 1933 606 1987 alio,
628 1942 671 1977 et
693 1942 788 1992 post
811 1933 921 1977 initii
945 1933 1129 1979 verbum
1151 1935 1196 1979 in
1226 1938 1559 1983 consummatio·

182 2020 282 2049 nem
302 2004 546 2064 respiceret.
