1871 3162
235 204 315 240 328
671 213 703 240 s.
740 213 968 241 Ancus-rim
1001 214 1181 240 EPISCOPI

170 304 173 308 -
234 288 382 336 φωνῆς
410 281 699 338 eumdemque
732 280 959 322 transitum
999 278 1052 321 de
1088 279 1224 322 forma
1257 279 1300 322 in
1329 280 1511 321 t‘oi‘nifim
1535 294 1611 337 pei*

169 348 171 350 ’
235 352 418 394 informe
440 351 648 410 quiddam
673 351 761 393 fieri
800 350 1038 408 suspicatus
1067 365 1186 403 sum,
1214 365 1298 392 non
1332 363 1406 406 por
1435 349 1611 392 oninino

234 421 341 464 nihil
359 443 368 479 3
389 422 463 465 sed
479 437 601 466 nosse
620 421 848 479 cupiebam
867 455 877 475 ,
898 435 986 463 non
1006 420 1227 479 suspicari.
1252 423 1304 462 Et
1326 420 1356 461 si
1376 428 1513 462 totum
1534 420 1611 462 tibi

234 493 495 537 confiteatur
511 508 592 536 vox
610 501 652 535 et
669 490 807 548 stylus
818 505 958 545 meus,
978 489 1195 550 quidquid
1212 489 1266 533 de
1280 491 1357 534 ista
1374 490 1613 549 quaestione

234 563 430 608 enodasti
452 564 584 617 mihi,
616 563 711 623 quis
735 561 973 620 legentium
997 576 1150 619 capere
1179 560 1383 604 durabit?
1404 563 1492 605 Nec
1514 559 1612 604 ideo

236 645 378 678 tamen
400 634 578 678 cessabit
601 649 675 677 cor
697 648 843 676 meum
865 631 969 675 dare
990 632 1070 675 tibi
1092 632 1301 675 honorem
1325 640 1366 674 et
1395 632 1612 675 canticum

234 705 372 748 laudis
395 704 449 748 de
470 706 520 747 iis
550 721 647 763 quae
685 704 848 747 dictare
878 719 965 747 non
993 703 1168 746 sufficit.
1195 701 1461 746 Mutabilitas
1495 703 1612 746 enim

230 791 373 819 rerum
398 774 675 818 mutabilium
709 776 798 833 ipsa
820 791 951 834 capax
981 773 1044 818 est
1080 771 1315 818 formarum
1343 773 1538 817 omnium
1567 774 1613 817 in

229 861 335 907 quas
359 856 584 890 mutantur
607 861 671 889 res
694 846 940 889 mutabiles.
958 849 1014 890 Et
1032 848 1125 889 haec
1149 846 1255 906 quid
1278 847 1367 889 est'?
1388 846 1614 906 Numquid

232 918 429 960 animus?
446 916 663 975 numquid
680 917 863 974 corpus?
878 916 1095 974 numquid
1115 916 1274 974 species
1291 916 1421 958 animi
1436 915 1504 958 vel
1524 931 1613 959 cor-

230 988 374 1046 poris?
401 988 441 1030 Si
464 986 548 1031 dici
582 996 752 1046 posset,
777 987 885 1030 nihil
909 985 1090 1046 aliquid,
1112 996 1154 1030 et
1169 1021 1180 1041 ‚
1206 989 1282 1029 Est
1312 1002 1401 1030 non
1424 995 1509 1041 est,
1529 987 1613 1030 hoc

229 1074 322 1103 eam
358 1058 575 1116 dicerem3
601 1068 643 1102 et
670 1068 817 1101 tamen
834 1059 924 1117 jam
958 1067 1201 1117 utcumque
1230 1067 1346 1111 erat,
1378 1066 1427 1101 ut
1455 1058 1614 1116 species

229 1138 403 1188 caperet
421 1129 522 1172 istas
537 1126 726 1171 visibiles
743 1135 786 1171 et
800 1128 1074 1186 compositas.

230 1295 755 1313 mmmmmxwmwwxmmutv
764 1295 1188 1311 mmmmmvtvnwumn
1194 1295 1614 1311 mzwummmmmmx

729 1429 944 1478 CAPUT
982 1430 1047 1476 vt
1061 1432 1091 1475 i.

227 1588 271 1631 l.
297 1586 574 1648 Deus-fecit
607 1585 666 1629 cle
693 1583 842 1629 nihilo
869 1583 1042 1628 coelum
1054 1620 1069 1640 ,
1096 1583 1150 1627 id
1172 1593 1266 1638 est,
1295 1582 1511 1645 Ange-los
1525 1605 1546 1638 ,-
1569 1592 1614 1627 et

289 1666 490 1712 terram,
514 1654 567 1699 id
591 1665 676 1711 est,
709 1655 962 1716 insbrmem
989 1655 1263 1698 materiam.
1281 1681 1339 1687 —
1354 1653 1432 1698 II.
1456 1654 1614 1698 Trini-

290 1737 382 1782 tas,
399 1728 575 1770 unitas.

289 1887 385 1927 VII.
412 1887 476 1928 ET
499 1883 617 1927 unde
649 1892 890 1944 utcumque
913 1894 1004 1928 erat
1030 1885 1109 1927 nisi
1138 1894 1245 1927 esset
1280 1884 1354 1926 abs
1390 1892 1455 1936 te,
1481 1898 1502 1926 a
1525 1898 1614 1942 quo

230 1966 328 1998 sunt
350 1956 494 1998 omnia
517 1956 560 1997 in
576 1964 983 2014 quantumcumque
1005 1957 1136 1998 sunt?
1160 1954 1241 1997 Sed
1267 1962 1388 1997 tanto
1408 1969 1429 1996 a
1454 1962 1495 1996 te
1517 1953 1614 1996 lon—

233 2026 342 2083 gius,
359 2034 525 2084 quanto
545 2023 790 2067 dissimilius
810 2043 818 2067 :
837 2039 979 2082 neque
997 2024 1109 2066 enim
1129 2024 1247 2067 locis.
1261 2026 1424 2082 'ltaque
1447 2033 1512 2076 tn,
1532 2026 1613 2066 Do·

233 2096 348 2137 mine
364 2130 374 2147 ,
409 2096 484 2153 qui
505 2109 594 2137 non
615 2109 658 2136 es
690 2093 792 2137 alias
814 2093 931 2137 aliud
953 2103 995 2136 et
1021 2094 1122 2136 alias
1146 2092 1268 2136 aliter
1285 2128 1295 2145 ‚
1326 2093 1400 2136 sed
1425 2093 1610 2151 idipsum

232 2176 274 2208 et
302 2165 488 2224 idipsum
519 2176 560 2207 et
582 2165 792 2223 idipsum,
816 2166 1019 2217 Sanctus,
1054 2166 1235 2207 Sanctus
1254 2199 1264 2217 ‚
1293 2167 1501 2217 Sanctus,
1526 2168 1612 2207 Do-

231 2237 370 2278 minus
395 2239 504 2279 Deus
527 2235 799 2293 omnipotens
814 2237 824 2258 ¹
841 2269 851 2288 ,
877 2234 921 2277 in
942 2234 1158 2293 Principio
1177 2234 1294 2293 quod
1317 2243 1378 2276 est
1402 2234 1455 2276 de
1477 2244 1539 2287 te,
1567 2235 1611 2277 in

234 2307 447 2364 Sapientia
470 2315 542 2349 tua
562 2320 661 2364 quae
684 2313 783 2347 nata
805 2313 868 2347 est
897 2305 950 2347 de
973 2304 1208 2347 substantia
1244 2314 1316 2346 tua
1332 2339 1341 2356 ‚
1373 2303 1507 2347 fecisti
1532 2304 1611 2347 ali-

229 2376 335 2433 quid
358 2385 397 2418 et
421 2375 475 2419 (le
497 2374 648 2419 nihilo.
672 2375 826 2419 Fecisti
849 2375 962 2417 enim
987 2374 1148 2417 coelum
1171 2383 1213 2416 et
1237 2384 1391 2417 terram
1409 2409 1420 2427 ‚
1446 2389 1534 2417 non
1557 2375 1611 2417 de

230 2456 292 2500 te3
310 2461 410 2489 nam
431 2456 537 2489 esset
559 2445 726 2505 aequale
746 2445 976 2503 Unigenito
997 2455 1093 2498 tuo,
1114 2460 1162 2488 ac
1180 2460 1255 2503 pei·
1276 2446 1358 2489 hoc
1379 2453 1421 2487 et
1441 2445 1543 2501 tibi;
1567 2453 1609 2488 et

279 2546 286 2563 ¹
309 2541 379 2571 lsai.
403 2550 448 2581 vt,
473 2541 502 2571 3.
