1871 3162
581 227 929 261 comfsssleNLM,
965 226 1047 250 Lib.
1086 226 1179 250 λιιι.
1472 217 1553 254 385

182 289 377 333 monium
399 288 528 343 dicat,
552 297 602 332 ut
621 308 639 330 «
656 293 873 348 Appareat
892 287 1031 345 arida,
1069 296 1111 331 et
1134 288 1347 346 germinet
1373 306 1393 330 »
1414 290 1556 334 hono-

183 375 272 403 rem
288 359 416 419 patris
432 369 475 403 et
489 359 654 414 matris,
680 369 723 404 et
743 358 1019 404 dilectionem
1037 358 1234 418 proximi.
1257 359 1375 412 Feci,
1395 359 1554 418 inquit,

182 431 275 475 haec
292 431 451 475 omnia.
473 428 597 474 Unde
613 446 715 489 ergo
733 438 865 474 tantae
882 430 1033 489 spinae,
1050 429 1083 472 si
1102 438 1212 473 terra
1228 428 1453 472 fructifera
1469 437 1531 472 est
1542 430 1561 469 ἲ

184 501 320 554 Vade,
345 501 508 560 extirpa
529 500 697 558 sylvosa
723 499 900 544 dumeta
922 500 1133 556 avaritiae,
1157 498 1297 543 vende
1319 514 1419 559 quae
1434 499 1563 558 possi-

183 571 275 625 des,
310 580 354 615 et
384 571 563 631 implere
595 571 796 630 frugibus
829 570 975 615 dando
1007 570 1279 629 pauperibus,
1314 580 1357 615 et
1383 570 1564 615 habebis

185 642 436 685 thesaurum
457 642 502 685 in
525 641 661 693 coelis,
686 651 730 686 et
750 656 929 701 sequere
950 641 1202 696 Dominum,
1226 642 1259 685 si
1282 641 1344 686 vis
1361 656 1450 686 esse
1468 657 1567 701 per-

184 711 341 766 fectus,
366 713 424 756 eis
443 713 627 757 sociatus
649 714 761 756 inter
783 728 892 771 quos
907 712 1105 771 loquitur
1126 713 1377 771 sapientiam
1401 712 1473 757 ille
1491 713 1567 772 qui

185 782 308 826 novit
338 782 446 842 quid
493 783 723 826 distribuat
766 782 851 825 diei
898 791 937 826 et
981 783 1124 837 nocti,
1169 792 1217 826 ut
1249 784 1366 827 noris
1397 793 1441 828 et
1474 792 1522 827 tu
1552 802 1560 826 :

192 872 210 894 «
229 856 285 898 Ut
303 854 410 898 fiant
440 863 481 897 et
503 854 581 897 tibi
620 853 846 897 luminaria
871 855 914 897 in
938 855 1212 899 firmamento
1232 854 1333 899 coeli
1354 876 1364 912 3
1397 874 1416 896 »
1450 854 1571 914 quod

186 940 276 969 non
309 925 398 975 fiet,
437 924 517 968 nisi
553 923 684 967 fuerit
714 923 801 968 illic
829 939 904 968 cor
925 934 1074 982 tuum,
1099 926 1218 985 quod
1241 926 1344 968 item
1368 941 1456 970 non
1477 927 1567 979 fiet,

188 995 270 1038 nisi
304 993 434 1038 fuerit
468 993 555 1038 illic
584 994 811 1037 thesaurus
840 1004 954 1048 tuus,
981 996 1092 1038 sicut
1123 996 1279 1038 audisti
1312 1012 1335 1038 a
1368 996 1574 1054 magistro

189 1065 306 1108 bono
324 1067 352 1107 ¹.
377 1064 461 1108 Sed
475 1065 725 1108 contristata
744 1074 806 1109 est
826 1075 936 1108 terra
954 1065 1123 1119 steriiis,
1146 1075 1188 1109 et
1206 1066 1340 1124 spinae
1358 1067 1578 1110 offocave-

190 1145 292 1179 runt
313 1136 536 1177 verbum³.

246 1207 386 1248 XXV.
423 1207 509 1248 Vos
527 1215 672 1248 autem
696 1220 830 1263 genus
859 1204 1063 1259 electum,
1095 1207 1265 1250 infirma
1295 1207 1466 1261 mundi,
1505 1209 1581 1267 qui

190 1276 405 1320 dimisistis
423 1277 583 1329 omnia,
612 1285 662 1319 ut
682 1277 971 1336 sequeremini
991 1278 1242 1331 Dominum,
1264 1278 1322 1322 ite
1343 1289 1439 1337 post
1458 1295 1575 1333 eum,

191 1357 234 1392 et
254 1346 512 1392 confundite
537 1346 688 1405 fortia,
722 1348 781 1390 ite
812 1356 907 1406 post
939 1363 1055 1402 eum,
1081 1350 1259 1407 speciosi
1283 1350 1414 1408 pedes
1444 1367 1452 1391 :
1487 1354 1581 1395 «Et

194 1437 214 1459 »
240 1417 383 1462 lucete
403 1418 448 1461 in
470 1418 795 1475 firmamento³3
814 1436 832 1458 »
850 1427 900 1461 ut
930 1418 1031 1462 coeli
1064 1429 1266 1464 enarrent
1290 1419 1472 1478 gloriam
1488 1423 1579 1481 ejus

195 1508 215 1530 «
239 1487 487 1532 Dividentes
502 1488 615 1531 inter
629 1487 771 1531 lucem
788 1487 1096 1546 perfectorum,
1122 1509 1140 1530 »
1163 1490 1238 1534 sed
1257 1492 1453 1534 nondum
1469 1492 1580 1536 sicut

192 1558 482 1618 Angelorum,
503 1577 523 1600 «
541 1561 594 1602 Et
619 1558 818 1602 tenebras
837 1558 1133 1617 parvulorum,
1154 1559 1264 1604 »sed
1287 1577 1375 1604 nou
1398 1562 1580 1621 despec-

192 1638 366 1687 torum,
407 1628 549 1673 lucete
572 1643 700 1687 super
725 1643 899 1672 omnem
942 1638 1128 1688 terram,
1158 1639 1200 1674 et
1230 1629 1320 1674 dies
1357 1631 1446 1676 sole
1472 1648 1576 1676 can-

193 1699 300 1743 dens
343 1709 511 1744 eructet
548 1699 633 1742 diei
664 1699 848 1743 verbum
879 1700 1100 1759 sapientiae
1119 1736 1130 1754 ,
1177 1711 1220 1745 et
1249 1718 1335 1746 nox
1366 1703 1472 1747 luna
1505 1703 1578 1747 lu-

194 1786 294 1815 cens
329 1770 558 1814 annuntiet
579 1770 698 1814 nocti
729 1771 911 1814 verbum
944 1772 1174 1815 scientiae4.
1216 1775 1339 1816 Luna
1370 1783 1413 1817 et
1444 1773 1580 1818 stellae

195 1841 315 1885 nocti
347 1840 525 1896 lucent3
569 1839 644 1883 sed
667 1855 750 1883 nox
781 1856 869 1884 non
892 1841 1096 1884 obscurat
1123 1857 1216 1899 eas3
1255 1843 1458 1901 quoniam
1478 1844 1582 1902 ipsae

194 1911 442 1955 illuminant
460 1925 552 1954 eam
572 1925 650 1969 pro
671 1910 852 1954 modulo
874 1911 979 1970 ejus.
999 1914 1110 1955 Ecce
1127 1912 1242 1955 enim
1268 1922 1475 1972 tanquam
1495 1917 1584 1959 Deo

197 1981 390 2026 dicente:
411 2000 429 2022 «
446 1981 575 2024 Fiant
591 1979 821 2024 luminaria
839 1980 884 2023 in
903 1981 1178 2026 firmamento
1194 1982 1310 2038 coeli,
1331 2003 1349 2023 »
1367 1983 1507 2028 factus
1526 1995 1589 2028 est

198 2053 344 2097 subito
376 2051 430 2095 de
453 2050 568 2095 coelo
589 2066 735 2105 sonus,
761 2051 884 2110 quasi
909 2050 1093 2095 serretur
1114 2053 1242 2097 ssatus
1269 2055 1520 2109 vehemens,
1548 2065 1592 2100 et
1632 2054 1641 2059 ⁵

199 2123 299 2166 visae
333 2131 434 2166 sunt
461 2121 623 2180 linguae
645 2121 794 2165 divisae
817 2123 938 2181 quasi
960 2123 1086 2181 ignis,
1114 2124 1190 2182 qui
1214 2134 1256 2168 et
1279 2125 1438 2168 insedit
1460 2141 1590 2185 super

202 2207 562 2252 unumquemque
584 2192 803 2246 illorum⁵,
829 2201 872 2235 et
891 2192 1001 2236 facta
1020 2203 1121 2237 sunt
1139 2194 1368 2238 luminaria
1387 2196 1431 2239 in
1450 2197 1593 2240 firma-

205 2272 352 2307 mento
385 2262 526 2316 coelifi,
567 2262 753 2307 verbum
777 2262 875 2306 vitae
897 2263 1118 2308 habentia.
1146 2265 1318 2325 Ubique
1347 2266 1592 2323 discurrite,

204 2334 324 2392 ignes
360 2334 511 2387 sancti,
548 2333 668 2391 ignes
691 2332 851 2376 decori.
888 2336 972 2377 Vos
995 2335 1108 2377 enim
1130 2335 1227 2378 estis
1249 2335 1397 2380 lumen
1422 2338 1592 2394 mundi,

254 2443 266 2461 ¹
296 2440 417 2471 Matth.
438 2451 484 2478 v1‚
500 2448 600 2472 ¹21.—
616 2448 627 2462 ³
647 2441 695 2472 Id.
716 2451 785 2479 xix,
812 2440 963 2471 16-22.—
993 2440 1005 2463 3
1028 2453 1038 2472 1
1058 2444 1142 2473 Petr.
1163 2453 1197 2483 11,
1217 2453 1295 2483 9.-
1314 2444 1329 2472 4
1348 2444 1428 2477 Psal.
1451 2456 1542 2485 xvm,
1562 2455 1595 2479 2.

210 2514 250 2520 -
270 2495 284 2519 5
302 2499 376 2529 Aet.
398 2507 435 2536 n,
451 2504 484 2536 2,
506 2496 536 2528 3.
554 2513 595 2519 —
614 2495 628 2518 ⁶
647 2496 762 2528 Matth.
783 2507 814 2535 v,
840 2497 889 2537 ¹4-

396 2572 570 2604 cxxxn.
1326 2568 1377 2607 25
