1871 3162
218 234 300 272 368
657 247 688 273 s.
726 244 954 273 AUGUSTffll
988 246 1164 273 E1¹1SCOI⁹1

220 434 322 453 ,ΛΝΛΑΛ
328 434 461 449 ἱΝΜννΙΛ,
466 432 886 449 ΝΜἉἏΜΜΝΝἏὍΝΚἮἏ
892 431 1522 448 ἋΜννᾺΊΛΛΜΜΣΜΝῚΝἱΚΝἏΝνἎΊΝἋΝΝἉ
1528 431 1591 446 WM

729 578 946 627 CAPUT
994 580 1053 626 Vl
1071 617 1078 625 .

286 733 385 778 Car
403 731 558 779 dictus
579 742 648 779 esc
668 732 876 793 Spiritus
897 734 1166 796 superferri
1182 749 1327 793 super
1347 749 1517 793 aquas.

277 894 373 935 VII.
413 893 497 936 SED
532 907 631 951 quae
653 906 779 935 causa
804 891 968 946 fuerat,
1002 907 1027 936 o
1047 891 1198 935 lumen
1229 891 1492 946 veridicum,
1517 891 1597 935 tibi

217 962 428 1007 admoveo
450 978 524 1007 cor
556 977 724 1017 meum,
751 977 806 1006 ne
828 977 899 1006 me
919 978 1029 1006 vana
1059 963 1240 1016 doceat,
1277 962 1444 1006 discute
1476 970 1598 1005 tene-

216 1033 314 1076 bras
336 1033 442 1092 ejus,
459 1042 502 1076 et
524 1032 593 1076 dic
617 1033 742 1087 mihi,
761 1032 939 1077 obsecro
960 1042 1000 1075 te
1020 1047 1096 1091 per
1114 1041 1297 1076 matrem
1316 1032 1571 1076 charitatem
1584 1066 1594 1086 ‚

216 1104 396 1148 obsecro
419 1113 461 1147 te
477 1139 487 1159 ,
511 1104 580 1147 die
614 1103 720 1147 mihi
742 1119 842 1163 quae
863 1119 988 1148 causa
1022 1102 1186 1159 fuerat,
1207 1113 1256 1147 ut
1277 1113 1375 1163 post
1396 1103 1596 1147 nomina-

215 1183 307 1217 tum
337 1194 354 1216 «
382 1174 576 1229 Coelum,
592 1182 634 1217 et
656 1183 813 1218 terram
836 1173 1097 1218 invisibilem
1121 1183 1163 1218 et
1185 1174 1530 1234 incompositam,
1556 1182 1597 1216 et
1637 1168 1641 1172 ⁴

218 1263 237 1284 »
275 1244 473 1288 tenebras
501 1260 630 1304 super
659 1244 859 1302 abyssum
880 1281 890 1299 ,
914 1264 933 1286 »
961 1254 1055 1289 tum
1076 1244 1254 1288 demum
1280 1245 1498 1303 Scriptura
1523 1253 1597 1287 tua

214 1317 457 1360 nominaret
480 1336 499 1357 «
519 1316 725 1375 Spiritum
745 1318 902 1360 tuum?
919 1335 937 1357 n
958 1321 1024 1360 An
1046 1317 1146 1377 quia
1169 1317 1399 1376 oportebat
1423 1316 1481 1359 sic
1498 1330 1597 1359 eum

214 1386 447 1441 insinuari,
481 1396 531 1430 ut
565 1387 782 1431 diceretur
832 1387 1086 1446 superferri,
1128 1397 1170 1430 et
1199 1402 1287 1431 non
1332 1395 1474 1445 posset
1515 1386 1597 1428 hoc

213 1456 297 1500 dici
320 1457 398 1500 nisi
422 1458 539 1516 prius
557 1456 666 1500 illud
689 1467 1102 1502 commemoraretur
1118 1492 1128 1512 ,
1154 1458 1224 1501 cui
1245 1455 1479 1516 superferri
1503 1455 1599 1514 Spi-

212 1527 317 1571 ritus
341 1537 439 1571 tuus
463 1537 606 1586 posset
631 1528 848 1586 inteiligi?
871 1531 958 1573 Nec
992 1528 1107 1572 Patri
1127 1528 1258 1579 enim,
1285 1543 1364 1571 nec
1386 1526 1496 1570 Filio
1518 1542 1594 1569 su-

213 1598 538 1656 perferebatur3
568 1614 647 1642 nec
685 1598 917 1657 superferri
943 1607 1057 1642 recte
1080 1597 1323 1652 diceretur,
1348 1597 1381 1640 si
1405 1596 1513 1639 nulli
1535 1596 1595 1639 rei

213 1667 558 1726 superferretur?
589 1667 710 1711 Prius
734 1683 836 1726 ergo
859 1668 1093 1710 dicendum
1114 1676 1203 1711 erat
1236 1667 1305 1711 cui
1327 1666 1596 1725 superferre-

213 1747 306 1791 tur,
332 1748 374 1781 et
396 1736 554 1781 deinde
576 1736 648 1780 ille
671 1753 803 1797 quem
826 1753 914 1781 non
932 1738 1161 1797 oportebat
1185 1737 1308 1780 aliter
1329 1752 1596 1780 commemo-

213 1808 311 1862 rari,
338 1808 415 1851 nisi
440 1817 486 1851 ut
507 1807 738 1866 superferri
757 1807 989 1852 diceretur.
1016 1810 1104 1852 Cur
1128 1823 1230 1866 ergo
1254 1807 1378 1851 aliter
1400 1822 1501 1850 eum
1526 1807 1595 1850 in-

213 1878 372 1921 sinuari
391 1893 477 1922 non
500 1877 755 1937 oportebat,
781 1878 862 1921 nisi
886 1887 934 1921 ut
955 1875 1188 1936 superferri
1210 1876 1459 1921 diceretur?
