1871 3162
268 215 351 252 250
696 225 730 253 s.
766 225 996 254 Aucus'nm
1029 226 1209 253 Emscom

266 305 389 347 mus,
423 304 505 334 nec
532 305 764 349 agnoscere
785 305 1034 349 possumuS,
1057 290 1092 334 si
1123 306 1214 335 non
1234 290 1541 336 meminimust
1568 291 1642 336 sed

263 360 348 404 hoc
369 360 552 419 perierat
572 360 750 420 quidem
771 361 932 415 oculis,
957 361 1165 406 memoria
1185 362 1435 406 tenebatur.

264 549 896 566 mmmmm
1181 550 1636 568 ΜΜΙΙΛΜἋΜΜΜΜ

758 708 974 757 CAPUT
1012 709 1154 756 XIX.

715 884 850 945 Ouid
866 887 928 931 sit
948 887 1200 933 reminisci,

322 1057 526 1098 XXVIII.
550 1057 665 1108 Qun)
691 1071 789 1099 cum
811 1056 901 1115 ipsa
918 1056 1126 1099 memoria
1155 1054 1298 1114 perdit
1319 1055 1484 1115 aliquid
1500 1090 1511 1110 ‚
1537 1057 1649 1100 sicut

209 1154 214 1160 -
263 1124 311 1168 fit
343 1141 443 1169 cum
476 1125 797 1179 obliviscimur,
829 1136 871 1169 et
892 1127 1127 1185 quaerimus
1155 1136 1204 1170 ut
1226 1127 1534 1171 recordemur?
1564 1127 1647 1170 Ubi

263 1197 441 1239 tandem
473 1197 730 1255 quaerimus,
755 1197 834 1240 nisi
856 1196 901 1240 in
924 1196 1014 1255 ipsa
1036 1197 1277 1240 memoria?
1299 1200 1355 1241 Et
1388 1197 1446 1239 ibi
1472 1197 1505 1240 si
1528 1196 1648 1241 aliud

263 1280 342 1324 pro
371 1266 454 1309 alio
485 1265 597 1309 forte
630 1266 866 1320 offeratur,
903 1267 1171 1325 respuimus,
1208 1267 1347 1310 donec
1369 1267 1479 1310 illud
1500 1283 1650 1311 occur-

263 1345 329 1380 rat
360 1336 479 1395 quod
503 1337 738 1396 quaerimus
757 1372 767 1391 ,
800 1346 843 1380 et
862 1352 963 1381 cum
986 1338 1174 1380 occurrit
1196 1338 1381 1381 dicimus
1408 1356 1416 1380 :
1440 1340 1532 1381 Hoc
1555 1346 1646 1395 est3

263 1407 384 1466 quod
411 1423 499 1450 non
527 1407 767 1451 diceremus
794 1408 874 1451 nisi
898 1423 1254 1466 agnosceremus3
1289 1423 1370 1451 nec
1393 1422 1648 1465 agnoscere-

263 1492 375 1531 mus,
398 1478 477 1521 nisi
501 1479 856 1522 meminissemus.
873 1481 1001 1524 Certe
1027 1494 1128 1536 ergo
1149 1478 1273 1522 obliti
1291 1478 1529 1522 fueramus.
1553 1482 1647 1522 An-

262 1564 352 1592 non
375 1558 515 1592 totum
546 1549 789 1593 exciderat?
824 1549 898 1593 sed
921 1565 972 1593 ex
996 1560 1118 1609 parte
1146 1565 1231 1609 qua
1264 1549 1495 1593 tenebatur
1513 1584 1524 1604 ‚
1549 1565 1647 1609 pars

263 1611 344 1661 alia
381 1619 685 1677 quaerebatur,
720 1620 820 1678 quia
843 1620 1054 1663 sentiebat
1087 1635 1130 1663 se
1163 1620 1368 1662 memoria
1405 1635 1494 1663 non
1517 1619 1647 1663 simul

263 1687 435 1732 volvere
457 1688 576 1747 quod
594 1688 723 1732 simul
751 1688 917 1732 solebat
935 1724 945 1742 ,
973 1698 1015 1732 et
1037 1689 1159 1748 quasi
1184 1689 1441 1733 detruncata
1459 1704 1648 1733 consue-

263 1756 416 1801 tudine
450 1757 723 1811 claudicans,
761 1758 884 1802 reddi
916 1759 1036 1818 quod
1073 1758 1221 1802 deerat
1257 1759 1496 1817 flagitabat.
1536 1761 1650 1803 Tan-

263 1844 395 1888 quam
418 1830 451 1872 si
470 1830 601 1873 homo
622 1839 753 1873 notus
770 1830 857 1873 sive
878 1830 1170 1888 conspiciatur
1186 1829 1322 1873 oculis
1337 1865 1347 1883 ,
1373 1830 1461 1873 sive
1483 1830 1650 1888 cogite·-

264 1908 360 1949 tur,
400 1908 443 1943 et
474 1915 631 1943 nomen
669 1902 760 1959 ejus
788 1896 914 1943 obliti
946 1900 1243 1959 requiramus,
1275 1899 1492 1958 quidquid
1528 1898 1648 1943 aliud

264 1971 500 2014 occurrerit
537 1985 626 2013 non
646 1971 920 2014 connectitur
951 1989 958 2014 :
985 1970 1087 2029 qnia
1110 1985 1198 2013 non
1230 1985 1331 2013 cum
1369 1969 1444 2013 illo
1467 1970 1646 2028 cogitari

264 2042 512 2094 consuevit,
537 2041 724 2101 ideoque
755 2041 993 2100 respuitur,
1026 2040 1166 2084 donec
1189 2040 1299 2084 illud
1323 2039 1460 2095 adsit,
1490 2041 1567 2084 ubi
1587 2042 1647 2085 si-

264 2110 357 2154 mul
399 2110 634 2155 assuefacta
674 2111 825 2155 notitia
863 2125 951 2154 non
987 2111 1260 2170 inaequaliter
1293 2111 1552 2170 acquiescat.
1590 2113 1647 2155 Et

264 2181 382 2224 unde
411 2181 529 2225 adest
544 2216 555 2229 ,
589 2181 671 2224 nisi
692 2196 745 2224 ex
765 2182 856 2238 ipsa
877 2181 1117 2224 memoria?
1138 2182 1245 2225 Nam
1281 2190 1323 2224 et
1352 2196 1454 2224 cum
1473 2180 1528 2224 ab
1561 2181 1645 2225 alio

263 2251 516 2303 commoniti
528 2249 1004 2309 recognoscimu8,inde
1027 2249 1270 2295 adest.Non
1292 2250 1408 2293 enim
1425 2250 1548 2309 quasi
1565 2266 1647 2295 no-

263 2337 367 2366 vum
406 2322 646 2376 credimus,
681 2322 774 2370 sed,
801 2321 1074 2366 recordantes
1107 2321 1398 2380 approbamus
1436 2322 1519 2366 hoc
1555 2337 1645 2366 esse

264 2393 385 2451 quod
413 2392 579 2437 dictum
601 2401 679 2436 est.
707 2393 749 2437 Si
771 2402 915 2437 autem
937 2393 1110 2451 penitus
1139 2391 1364 2436 aboleatur
1395 2407 1447 2436 ex
1470 2393 1614 2436 animo
1628 2427 1639 2447 ,

264 2477 345 2506 nec
366 2463 576 2508 admoniti
597 2463 927 2507 reminiscimur.
964 2465 1115 2522 Neque
1146 2462 1262 2505 enirn
1292 2463 1545 2507 omnimodo
1566 2463 1643 2506 ad-

266 2532 353 2576 huc
375 2532 498 2576 obliti
516 2548 664 2577 sumus
678 2568 688 2587 ,
709 2532 829 2592 quod
851 2532 921 2576 vel
944 2531 1101 2577 oblitos
1130 2547 1209 2576 nos
1232 2547 1322 2577 esse
1344 2533 1639 2577 meminimus.
