1871 3162
579 258 956 294 SOLILOQUIORUM,
991 258 1072 283 Lm.
1110 259 1138 282 1.
1459 246 1542 285 435

168 325 331 368 feratur
346 322 493 367 divina
506 322 710 380 cognitio.
731 324 782 364 A.
801 322 899 365 Non
915 324 1055 364 solum
1073 333 1128 362 ne
1144 319 1365 363 auferatur
1384 320 1513 364 timeo
1529 355 1540 375 ‚

169 394 201 436 si
222 393 328 453 quid
350 392 461 435 forte
481 391 676 450 percepi,
696 389 770 434 sed
787 389 915 433 etiam
930 404 985 433 ne
1005 387 1321 432 intercludatur
1331 388 1438 431 mihi
1453 389 1546 432 adi-

170 474 239 506 tus
265 477 412 506 eorum
435 462 595 520 quibus
617 459 904 519 percipiendis
925 459 1046 503 inhio
1061 494 1072 514 ‚
1097 457 1292 517 quamvis
1314 458 1433 517 quod
1457 459 1547 518 jam

172 542 319 586 teneo,
345 546 516 575 mecum
538 545 791 575 mansurum
812 539 978 589 putem.
999 533 1053 573 R.
1081 531 1179 574 Non
1200 528 1331 587 igitur
1353 537 1397 571 et
1417 528 1550 573 vitam

170 604 293 647 istam
310 611 487 661 propter
501 617 544 646 se
557 602 692 661 ipsam
704 637 715 656 ‚
727 601 802 646 sed
813 610 990 661 propter
1007 599 1260 659 sapientiam
1276 599 1339 643 vis
1355 613 1545 643 manere.

168 675 220 716 A.
250 672 317 716 Sic
334 682 412 716 est.

230 745 352 786 XXI.
389 746 442 786 R.
480 741 612 787 Dolor
641 742 831 801 corporis
863 751 996 786 restat
1011 777 1022 797 ‚
1050 742 1128 801 qui
1149 750 1192 785 te
1213 739 1392 785 fortasse
1412 740 1455 784 vi
1476 753 1553 784 sua

169 822 428 857 commovet.
456 816 507 856 A.
534 815 590 856 Et
611 813 753 870 ipsum
770 828 861 856 non
878 812 935 856 ob
958 811 1076 856 aliud
1097 812 1377 855 vehementer
1398 810 1552 854 formi—

169 881 251 935 do,
276 882 357 926 nisi
379 882 481 941 quia
502 897 572 925 me
594 882 776 941 impedit
803 898 826 926 a
854 881 1108 942 quaerendo.
1142 883 1404 940 Quanquam
1436 880 1553 923 enim

170 952 378 996 acerrimo
394 953 459 996 his
477 952 631 996 diebus
653 953 850 997 dentium
872 950 1022 996 dolore
1044 961 1270 1010 torquerer
1288 953 1320 1005 1,
1338 965 1429 995 non
1449 951 1550 1009 qui-

169 1021 269 1067 dem
291 1023 463 1066 sinebar
482 1022 627 1067 animo
648 1023 843 1077 volvere,
862 1023 942 1066 nisi
964 1038 1012 1066 ea
1030 1037 1129 1080 quae
1145 1023 1235 1079 J'am
1252 1021 1364 1065 forte
1386 1019 1552 1064 didice-

169 1106 281 1145 ram,
307 1108 329 1135 a
352 1091 557 1136 discendo
580 1101 723 1136 autem
744 1093 916 1151 penitus
929 1091 1213 1150 impediebar,
1235 1090 1289 1134 ad
1306 1089 1427 1150 quod
1444 1090 1552 1134 mihi

169 1169 259 1204 tota
281 1161 522 1205 intentione
544 1162 675 1205 animi
693 1177 801 1220 opus
824 1170 939 1205 erat:
958 1170 1103 1204 tamen
1119 1161 1227 1204 mihi
1248 1159 1494 1214 videbatur,
1519 1160 1553 1203 si

168 1245 212 1274 se
228 1229 301 1273 ille
320 1232 538 1275 mentibus
554 1232 658 1275 meis
672 1232 861 1275 veritatis
885 1229 1030 1289 fulgor
1047 1231 1232 1289 aperiret
1247 1264 1258 1285 ‚
1283 1239 1358 1274 aut
1371 1245 1441 1273 me
1462 1245 1553 1274 non

167 1314 394 1343 sensurum
418 1300 547 1344 fuisse
567 1300 691 1344 illum
715 1301 909 1344 dolorem
926 1335 937 1354 ‚
960 1309 1035 1344 aut
1051 1309 1167 1344 certe
1183 1315 1262 1358 pro
1285 1299 1421 1343 nihilo
1437 1299 1550 1344 tole-

167 1377 380 1412 raturum.
412 1371 495 1413 Sed
512 1370 613 1428 quia
635 1371 713 1414 etsi
738 1369 845 1413 nihil
868 1370 1005 1429 majus
1027 1370 1262 1429 aliquando
1284 1370 1467 1428 pertuli,
1487 1378 1554 1413 ta-

167 1454 269 1482 men
301 1454 415 1498 saepe
446 1440 638 1496 cogitans
672 1450 838 1499 quanto
876 1441 1091 1498 graviores
1127 1441 1294 1499 possint
1328 1438 1548 1495 accidere,

167 1524 298 1567 cogor
309 1509 529 1553 interdum
543 1509 746 1554 Cornelio
759 1510 885 1555 Celso
901 1511 1119 1564 assentiri,
1135 1511 1210 1570 qui
1225 1511 1305 1565 ait,
1322 1513 1552 1555 Summum

167 1579 333 1622 bonum
355 1594 445 1623 esse
466 1580 715 1638 sapientiam
733 1615 744 1634 ,
769 1596 990 1624 summum
1011 1590 1155 1624 autem
1173 1581 1339 1624 malum
1355 1580 1552 1625 dolorem

166 1649 372 1707 corporis.
405 1652 492 1694 Nec
520 1651 612 1709 ejus
634 1652 742 1695 ratio
766 1651 874 1694 mihi
896 1651 1070 1695 videtur
1086 1651 1286 1694 absurda.
1307 1652 1417 1694 Nam
1434 1666 1549 1710 quo-

166 1718 280 1761 niam
302 1719 473 1762 duabus
484 1753 494 1772 ,
511 1720 654 1777 inquit
668 1754 679 1772 ‚
698 1721 892 1777 partibus
908 1720 1136 1777 compositi
1155 1735 1305 1764 sumus
1316 1755 1327 1774 ‚
1343 1735 1393 1763 ex
1405 1720 1552 1765 animo

166 1786 328 1831 scilicet
351 1796 395 1831 et
414 1803 595 1846 corpore
615 1809 626 1844 3
646 1802 831 1846 quarum
848 1788 966 1845 prior
987 1803 1085 1846 pars
1107 1797 1171 1832 est
1191 1789 1358 1832 animus
1376 1790 1548 1846 melior,

167 1856 357 1900 deterius
391 1871 547 1915 corpus
578 1865 662 1911 est,
687 1872 907 1900 summum
941 1856 1106 1901 bonum
1129 1868 1194 1902 est
1225 1858 1416 1903 melioris
1450 1875 1552 1918 par-

167 1927 219 1970 tis
260 1927 475 1985 optimum
491 1962 501 1981 ,
547 1942 767 1970 summum
805 1938 948 1971 autem
989 1928 1153 1972 malum
1198 1931 1431 1988 pessimum
1475 1929 1552 1974 de-

167 1996 349 2040 terioris.
375 1999 453 2039 Est
482 2006 627 2040 autem
669 1998 881 2055 optimum
911 1997 956 2040 in
986 1999 1130 2042 animo
1163 1999 1396 2057 sapientia,
1421 2001 1550 2044 estin

167 2081 350 2124 corpore
366 2067 600 2125 pessimum
615 2066 755 2119 dolor.
777 2069 1006 2111 Summum
1025 2068 1159 2127 igitur
1177 2070 1343 2113 bonum
1363 2070 1553 2115 hominis

167 2151 315 2194 sapere
329 2170 339 2189 ,
360 2151 579 2179 summum
601 2137 762 2180 malum
783 2136 953 2193 dolere,
973 2139 1064 2182 sine
1085 2137 1173 2182 ulla
1195 2142 1264 2198 (ut
1285 2141 1458 2199 opinor)
1474 2140 1550 2186 fal-

167 2206 290 2249 sitate
327 2204 617 2250 concluditur.
657 2210 709 2250 R.
748 2208 964 2251 Posterius
1000 2208 1080 2252 ista
1115 2208 1376 2255 videbimus.
1418 2211 1552 2256 Aliud

168 2275 283 2319 enim
315 2273 490 2319 fortasse
521 2276 644 2319 nobis
674 2277 763 2334 ipsa
796 2277 848 2320 ad
879 2292 1011 2337 quam
1038 2280 1263 2337 pervenire
1283 2280 1462 2324 nitimur
1481 2296 1550 2326 sa-

169 2348 330 2406 pientia
351 2346 643 2404 persuadebit.
673 2347 714 2390 Si
738 2355 883 2391 autem
904 2348 988 2392 hoc
1006 2363 1095 2392 esse
1111 2363 1263 2393 verum
1283 2349 1520 2395 ostenderit
1537 2387 1549 2407 ,

168 2417 280 2460 hanc
307 2417 362 2458 de
388 2430 558 2459 summo
590 2416 708 2460 bono
743 2425 785 2459 et
820 2431 988 2462 summo
1024 2417 1140 2462 malo
1167 2420 1426 2464 sententiam
1462 2421 1554 2464 sine

171 2485 444 2529 dubitatione
464 2485 724 2529 tenebimus.

216 2572 226 2589 ¹
245 2570 321 2600 Vide
339 2568 392 2600 lib.
409 2571 467 2600 (lix
485 2568 599 2599 onfess.
622 2579 693 2610 cap.
712 2579 752 2599 lv*
774 2579 805 2599 n.
830 2577 879 2600 12,
