1871 3162
275 260 356 298 148
705 275 739 301 s.
773 271 1003 301 Aucus‘rim
1035 274 1215 301 Episcom

272 445 671 461 wumwuwummsmm
675 444 1651 463 UMMWWWUMMMMRAMWUMMMWUUWMAMMN!

784 578 999 627 CAPUT
1037 580 1123 627 VI.

461 733 518 777 M
521 731 924 778 cctlzemccticorum
946 732 1265 779 divinationes
1286 733 1456 795 rejicit.

328 896 448 937 VIII.
464 896 555 938 JAM
572 895 703 938 etiam
723 895 1133 940 Mathematicorum
1155 894 1328 939 fallaces
1349 893 1653 949 divinationeS‚

269 974 311 1009 et
331 965 462 1024 impia
484 965 769 1010 deliramenta
791 967 1038 1026 rejeceram.
1067 966 1371 1011 Confiteantur
1402 966 1531 1009 etiam
1554 964 1656 1008 hinc

267 1035 349 1079 tibi
367 1035 421 1079 de
448 1036 612 1080 intimis
637 1037 874 1080 visceribus
908 1037 1064 1080 animae
1093 1050 1202 1080 meae
1233 1036 1527 1080 miserationes
1549 1044 1654 1090 tuae,

268 1108 382 1150 Deus
403 1121 540 1150 meus.
556 1110 622 1150 Tu
645 1108 778 1162 enim,
800 1116 849 1151 tu
866 1108 1045 1151 omnino
1063 1127 1073 1164 3
1098 1121 1200 1150 nam
1223 1106 1320 1165 quis
1343 1105 1451 1150 alius
1473 1121 1497 1149 a
1517 1114 1658 1150 morte

267 1178 405 1221 omnis
433 1177 587 1222 erroris
618 1187 794 1222 revocat
814 1193 893 1222 nos
909 1212 920 1232 ‚
946 1177 1027 1220 nisi
1050 1177 1139 1220 vita
1168 1192 1268 1236 quae
1290 1177 1401 1221 mori
1426 1177 1562 1220 nescit
1578 1210 1589 1231 ,
1615 1184 1658 1219 et

265 1249 474 1307 sapientia
511 1258 675 1293 mentes
710 1248 955 1307 indigentes
986 1247 1265 1303 illuminans,
1301 1247 1424 1292 nullo
1457 1247 1657 1306 indigens

265 1318 459 1374 lumine,
496 1335 583 1378 qua
616 1319 810 1362 mundus
842 1318 1170 1362 administratur
1201 1332 1340 1378 usque
1373 1317 1429 1361 ad
1453 1318 1658 1362 arborum

264 1389 449 1434 volatica
482 1388 616 1434 folia?
653 1393 718 1433 Tu
746 1389 989 1449 procurasti
1022 1389 1272 1447 pervicaciae
1303 1404 1412 1432 meae
1446 1404 1534 1449 qua
1574 1388 1657 1433 ob-

264 1458 454 1504 luctatus
482 1475 577 1504 sum
600 1459 862 1504 vindiciano
888 1468 1017 1503 acuto
1045 1459 1166 1513 seni,
1193 1469 1236 1503 et
1257 1457 1461 1504 Nebridio
1481 1457 1654 1503 adoles-

263 1531 380 1575 centi
402 1530 610 1574 mirabilis
632 1530 788 1573 animae
817 1548 826 1573 2
852 1528 916 1572 illi
949 1529 1232 1573 vehementer
1266 1529 1521 1584 affirmanti,
1551 1529 1654 1573 huic

264 1615 366 1644 cum
399 1600 671 1645 dubitatione
705 1598 882 1659 quidem
920 1598 1087 1659 aliqua,
1128 1598 1202 1642 sed
1239 1608 1386 1643 tamen
1415 1600 1566 1644 crebro
1588 1599 1656 1643 di-

263 1671 403 1726 centi,
429 1686 519 1715 non
545 1685 635 1714 esse
665 1668 801 1713 ullam
821 1678 957 1713 artem
984 1667 1133 1714 futura
1155 1669 1451 1728 praevidendi3
1480 1671 1658 1730 conjec-·

262 1751 380 1786 turas
401 1751 548 1785 autem
570 1740 799 1785 hominum
818 1739 980 1783 habere
1015 1754 1130 1799 saepe
1151 1740 1239 1783 vim
1270 1741 1417 1796 sortis,
1453 1750 1496 1785 et
1517 1740 1656 1785 multa

264 1812 450 1858 dicendo
468 1811 553 1857 dici
573 1812 786 1871 pleraque
807 1820 991 1856 ventura
1004 1845 1015 1866 ‚
1047 1811 1340 1856 nescientibus
1361 1812 1421 1856 eis
1437 1812 1515 1871 qui
1532 1811 1655 1856 dice-

263 1894 361 1928 rent
381 1920 392 1940 ,
426 1884 502 1928 sed
536 1884 581 1927 in
612 1898 662 1927 ea
695 1898 786 1928 non
817 1881 1005 1927 tacendo
1042 1882 1382 1927 incurrentibus.
1409 1884 1654 1929 Procurasti

264 1971 366 2015 ergo
387 1966 437 2001 tu
467 1955 692 2001 hominem
715 1955 903 1999 amicum
918 1989 929 2009 ‚
954 1969 1043 1998 non
1069 1953 1248 2014 quidem
1272 1969 1448 2013 segnem
1479 1955 1655 2000 consul-

262 2037 402 2072 torem
419 2026 855 2081 Mathematicorum,
882 2040 963 2069 nec
985 2039 1055 2068 eas
1076 2024 1240 2069 litteras
1262 2026 1374 2069 bene
1396 2025 1649 2083 callentem,

264 2098 339 2142 sed
371 2101 454 2156 (ut
475 2096 585 2154 dixi)
607 2088 903 2141 consultorem
925 2095 1167 2151 curiosum,
1203 2105 1246 2140 et
1268 2105 1416 2140 tamen
1444 2096 1652 2141 scientem

265 2169 431 2230 aliquid
453 2168 574 2229 quod
593 2184 617 2212 a
638 2176 761 2228 patre
783 2182 862 2212 suo
884 2182 928 2211 se
946 2166 1114 2211 audisse
1143 2167 1318 2212 dicebat
1334 2203 1345 2223 ,
1371 2169 1493 2228 quod
1509 2185 1652 2229 quan-

265 2251 360 2285 tum
381 2239 544 2285 valeret
565 2238 621 2283 ad
643 2238 759 2282 illius
778 2238 878 2282 artis
901 2237 1153 2296 opinionem
1177 2234 1458 2283 evertendam
1479 2240 1653 2298 ignora-

266 2311 357 2354 bat.
380 2314 420 2354 Is
443 2325 546 2369 ergo
566 2310 631 2353 vir
652 2308 829 2353 nomine
848 2308 1085 2362 Firminus,
1109 2306 1345 2352 liberaliter
1366 2298 1589 2354 institutus
1611 2320 1654 2355 et

268 2381 464 2425 excultus
487 2380 662 2440 eloquio
679 2414 690 2434 ‚
714 2394 814 2422 cum
837 2393 905 2421 me
929 2387 1138 2438 tanquam
1160 2379 1458 2424 charissimum
1476 2380 1531 2424 de
1554 2382 1654 2440 qui-

268 2451 452 2495 busdam
472 2452 559 2495 suis
578 2450 706 2494 rebus
720 2450 766 2493 in
787 2464 894 2509 quas
909 2448 1123 2511 saecularis
1145 2465 1239 2509 spes
1255 2452 1346 2510 ejus
1366 2452 1649 2509 intumuerat,

268 2521 513 2567 consuleret
543 2521 652 2582 quid
673 2521 781 2564 mihi
800 2520 1041 2565 secundum
1064 2536 1160 2565 suas
1179 2537 1286 2581 quas
1303 2522 1651 2568 constellationes

270 2593 515 2653 appellant,
539 2591 790 2638 videretur:
817 2605 897 2649 ego
935 2599 1081 2636 autem
1102 2591 1178 2651 qui
1210 2593 1300 2652 jam
1340 2592 1395 2637 de
1432 2594 1513 2638 hac
1536 2610 1582 2638 re
1606 2595 1651 2638 in
