1871 3162
623 192 965 233 CONFESSIONUM,
1000 195 1082 223 LIB.
1119 182 1213 225 vin.
1496 190 1579 230 195

201 257 465 301 tentissimus
494 258 684 316 cogitare
705 259 841 318 coepi,
876 267 1131 304 utrumnam
1164 260 1352 306 solerent
1383 266 1506 322 pueri
1536 267 1584 311 in

201 325 346 386 aliquo
380 340 535 385 genere
555 326 738 371 ludendi
760 328 969 373 cantitare
990 328 1076 373 tale
1098 328 1266 389 aliquid
1291 349 1300 375 :
1324 346 1405 375 nec
1427 348 1582 379 occur-

204 396 328 440 rebat
345 397 522 446 omnino
546 396 757 442 audivisse
787 413 856 442 me
878 399 1062 459 uspiam.
1087 402 1386 461 Repressoque
1415 402 1584 462 impetu

201 465 490 524 lacrymarum
507 469 686 523 surrexi,
702 469 811 513 nihil
824 468 942 514 aliud
961 471 1264 530 interpretans,
1281 472 1361 516 nisi
1376 473 1584 518 divinitus

200 537 305 580 mihi
315 537 474 596 juberi,
490 547 539 582 ut
556 539 764 598 aperirem
783 539 980 584 codicem
998 550 1041 585 et
1057 541 1244 600 legerem
1257 542 1378 603 quod
1393 544 1585 602 primum

199 616 330 664 caput
356 607 627 652 invenissem.
654 608 889 653 Audieram
914 609 1031 653 enim
1060 610 1114 654 de
1140 612 1331 656 Antonio
1347 647 1358 667 ‚
1385 614 1505 673 quod
1534 629 1586 658 ex

201 676 447 734 evangelica
478 678 689 733 lectione,
720 680 790 722 cui
822 679 933 724 forte
964 692 1301 739 supervenerat,
1338 684 1587 728 admonitus

200 745 332 790 fuerit
347 756 552 808 tanquam
570 750 651 792 sibi
665 749 882 794 diceretur
898 751 1017 810 quod
1033 751 1275 809 legebatur.
1292 753 1426 808 Vade,
1448 754 1587 798 vende

207 834 226 856 »
265 817 411 861 omnia
433 834 531 877 quae
565 819 725 873 habes,
747 829 790 863 et
812 819 867 864 da
889 822 1176 879 pauperibus,
1208 832 1252 866 et
1280 823 1459 867 habebis
1491 825 1590 868 the-

211 904 229 926 »
269 902 443 931 saurum
467 888 510 931 in
539 889 683 946 coelis3
708 899 751 934 et
772 891 894 945 veni,
919 906 1100 951 sequere
1121 895 1219 936 me1
1248 912 1259 937 5.
1284 911 1303 933 »
1329 902 1372 936 et
1395 893 1470 937 tali
1492 910 1591 937 ora-

202 955 302 1000 culo
321 956 549 1001 confestim
568 957 623 1002 ad
641 968 683 1001 te
701 974 790 1002 esse
807 974 1079 1002 conversum.
1101 964 1254 1018 Itaque
1271 961 1467 1004 concitus
1484 961 1592 1006 redii

203 1024 259 1068 ad
282 1041 382 1069 eum
415 1026 561 1070 locum
585 1027 661 1069 ubi
683 1026 862 1070 sedebat
883 1027 1065 1085 Alypius
1090 1043 1099 1068 ι
1123 1028 1184 1070 ibi
1218 1029 1333 1072 enim
1364 1045 1590 1087 posueram

200 1094 393 1138 codicem
419 1094 630 1154 Apostoli,
653 1110 754 1138 cum
777 1095 879 1139 inde
900 1094 1182 1140 surrexeram.
1207 1099 1397 1157 Arripui,
1420 1101 1586 1158 aperui,

201 1173 243 1207 et
263 1163 350 1222 legi
373 1165 418 1207 in
449 1165 620 1208 silentio
642 1164 906 1222 capitulum,
943 1181 1032 1224 quo
1053 1166 1244 1224 primum
1279 1169 1461 1228 conjecti
1489 1180 1590 1214 sunt

201 1233 315 1277 oculi
334 1233 418 1277 mei
443 1253 452 1277 2
478 1253 498 1275 «
523 1237 620 1279 Non
637 1235 682 1277 in
705 1234 1088 1279 comessationibus
1110 1244 1152 1278 et
1170 1235 1473 1293 ebrietatibus,
1499 1255 1588 1283 non

201 1321 220 1343 υ
254 1303 299 1346 in
316 1302 534 1346 cubilibus
548 1313 590 1346 et
608 1303 904 1362 impudicitiis,
921 1319 1009 1348 non
1030 1305 1077 1347 in
1098 1306 1379 1350 contentione
1394 1317 1436 1351 et
1455 1324 1588 1352 aemu-

202 1393 220 1414 »
256 1374 416 1417 latione
439 1393 447 1418 :
468 1373 543 1417 sed
561 1375 731 1418 induite
749 1375 985 1418 Dominum
1003 1378 1150 1419 Jesum
1168 1377 1390 1421 Christum
1403 1413 1413 1431 ,
1435 1389 1477 1423 et
1494 1395 1588 1423 car-

201 1464 219 1485 »
256 1445 322 1488 nis
343 1443 662 1502 providentiam
680 1459 736 1487 ne
753 1444 940 1489 feceritis
961 1446 1005 1489 in
1022 1447 1384 1505 concupiscentiis
1399 1452 1430 1491 ².
1458 1468 1476 1489 »
1498 1452 1586 1494 Nec

197 1514 313 1559 ultra
335 1514 453 1558 volui
471 1514 638 1572 legere,
662 1529 743 1558 nec
766 1530 875 1573 opus
891 1525 997 1557 erat.
1025 1517 1178 1559 Statim
1199 1518 1360 1576 quippe
1382 1534 1481 1562 cum
1502 1521 1588 1564 fine

197 1587 375 1645 hujusce
396 1585 622 1629 sententiae
641 1585 762 1644 quasi
784 1584 883 1628 luce
903 1586 1145 1628 securitatis
1165 1587 1308 1630 infusa
1326 1590 1445 1632 cordi
1468 1605 1582 1645 meo,

197 1671 346 1700 omnes
368 1655 655 1698 dubitationis
678 1653 868 1697 tenebrae
890 1653 1178 1712 diffugerunt.

254 1727 395 1769 XXX.
421 1727 531 1768 Tum
566 1724 796 1783 interjecto
829 1732 905 1767 aut
936 1723 1074 1782 digito
1107 1733 1180 1768 aut
1215 1726 1359 1770 nescio
1382 1719 1470 1786 quo
1501 1728 1584 1773 alio

196 1796 341 1854 signo,
381 1793 574 1838 codicem
599 1793 755 1846 clausi,
793 1802 836 1837 et
856 1792 1094 1852 tranquillo
1117 1794 1207 1853 jam
1236 1794 1364 1839 vultu
1395 1796 1584 1842 indicavi

197 1865 371 1924 Alypio.
397 1867 454 1908 At
474 1863 546 1907 ille
568 1863 674 1921 quid
695 1862 741 1906 in
761 1877 806 1906 se
829 1872 1042 1919 ageretur,
1069 1862 1189 1921 quod
1209 1878 1288 1921 ego
1304 1866 1546 1910 nesciebam
1564 1902 1575 1922 ,

197 1935 255 1978 sic
287 1932 509 1977 indicavit.
537 1932 650 1976 Petit
669 1932 816 1976 videre
838 1930 946 1991 quid
966 1930 1164 1990 legissem
1190 1951 1198 1976 :
1225 1935 1422 1992 ostendi,
1446 1946 1489 1980 et
1516 1946 1585 1981 at—

195 2004 337 2049 tendit
357 2003 486 2047 etiam
510 2002 623 2045 ultra
644 2016 776 2061 quam
798 2016 879 2060 ego
895 2000 1085 2059 legeram
1101 2036 1112 2056 ,
1131 2011 1174 2046 et
1195 2002 1449 2061 ignorabam
1468 2007 1579 2066 quid

195 2083 462 2135 sequeretur.
491 2072 763 2133 Sequebatur
780 2086 882 2116 vero
910 2090 919 2115 ε
949 2090 969 2113 «
1005 2072 1235 2116 Infirmum
1260 2083 1407 2118 autem
1428 2076 1473 2119 in
1494 2078 1581 2121 fide

201 2164 220 2186 »
255 2144 432 2203 recipite
450 2144 482 2186 ³.
510 2161 530 2184 »
555 2141 686 2195 Quod
712 2141 784 2185 ille
807 2140 863 2185 ad
897 2156 940 2184 se
963 2141 1134 2195 retulit,
1167 2142 1362 2202 mihique
1394 2147 1580 2204 aperuit.

202 2216 286 2261 Sed
312 2214 388 2258 tali
412 2212 706 2258 admonitione
736 2212 933 2255 firmatus
966 2220 1030 2255 est
1046 2246 1057 2266 ,
1082 2210 1329 2272 placitoque
1351 2230 1400 2259 ac
1422 2231 1585 2276 propo-

196 2286 277 2330 sito
293 2285 412 2328 bono
437 2293 480 2327 et
501 2281 888 2340 congruentissimo
920 2281 1006 2324 suis
1038 2282 1234 2326 moribus
1250 2317 1260 2336 ,
1285 2283 1446 2342 quibus
1468 2301 1492 2330 a
1516 2303 1585 2331 me

198 2366 243 2409 jn
263 2353 415 2398 melius
431 2354 521 2413 jam
542 2351 646 2396 olim
662 2349 790 2396 valde
806 2349 938 2408 longe
947 2365 1034 2410 que
1050 2349 1259 2406 distabat,
1282 2352 1373 2396 sine
1391 2353 1480 2400 ulla
1499 2365 1587 2401 tur-

198 2424 377 2469 bulenta
405 2421 688 2467 cunctatione
711 2420 976 2479 conjunctus
997 2428 1075 2465 est.
1102 2419 1211 2465 Inde
1232 2421 1287 2466 ad
1307 2433 1486 2471 matrem
1517 2427 1589 2472 in-

247 2511 257 2529 ¹
278 2506 393 2541 matth.
409 2516 476 2547 xix,
495 2514 559 2539 αι’.
579 2521 620 2528 -
634 2511 646 2528 ²
668 2507 761 2538 Rom.
792 2514 864 2545 xm,
882 2503 936 2545 13,
958 2503 1009 2546 14.
1031 2520 1071 2527 —
1092 2502 1106 2527 3
1120 2504 1169 2537 ld.
1191 2515 1256 2548 xiv,
1277 2517 1306 2540 1.

1354 2562 1418 2602 13.
