1871 3162
559 263 900 299 confssssiomuir,
937 263 1018 289 ΠΒ.
1055 264 1098 289 x.
1437 255 1521 292 273

150 343 269 382 rum,
295 342 374 371 nec
396 327 536 370 anima
559 341 654 370 mea
680 341 876 386 unquam
904 340 1106 385 responsa
1122 327 1322 385 quaesivit
1343 328 1521 372 umbra-

149 414 272 457 rum3
298 397 441 443 omnia
462 396 664 456 sacrilega
683 406 949 441 sacramenta
971 396 1173 441 detestor.
1200 401 1238 440 A
1260 405 1317 452 te,
1343 399 1523 442 Domine

149 471 263 512 Deus
292 482 435 522 meus,
471 467 542 511 cui
578 467 786 511 humilem
820 466 1079 512 famulatum
1112 483 1160 511 ac
1183 467 1422 526 simplicem
1443 467 1523 512 de·-

148 540 253 595 bco,
279 539 450 599 quantis
470 553 642 583 mecum
672 539 999 597 suggestionum
1024 538 1417 583 machinationibus
1439 540 1526 597 agit

149 610 348 654 inimicus
378 618 427 654 ut
459 609 632 668 signum
658 608 835 669 aliquod
867 611 1042 669 petam?
1068 608 1152 654 Sed
1176 609 1356 654 obsecro
1380 619 1422 654 te
1448 625 1526 669 pcr

149 683 313 738 Regem
335 689 533 724 nostrum
550 715 560 734 ,
587 689 630 724 et
651 679 833 739 patriam
862 679 1101 725 Jerusalem
1119 714 1130 734 ,
1156 679 1417 739 simplicem,
1439 696 1526 725 cas-

150 759 264 805 tam,
288 759 338 794 ut
360 749 731 810 quemadmodum
753 765 776 793 a
805 765 873 793 me
901 749 1029 808 longe
1068 759 1130 794 est
1160 750 1239 794 ista
1271 751 1497 796 consensio
1514 786 1524 806 ‚

149 821 208 864 ita
229 821 282 864 sit
304 836 472 880 semper
490 819 620 879 longe
648 829 778 880 atque
800 819 987 878 longius.
1016 823 1098 864 Pro
1121 819 1258 865 salute
1281 831 1426 866 autem
1450 839 1529 866 cu-

147 892 350 951 jusquam
387 906 487 935 cum
523 900 565 934 te
598 906 724 950 rogo,
757 890 864 934 alius
898 891 1084 934 multum
1108 890 1312 937 differens
1335 893 1431 936 finis
1468 902 1532 937 cst

150 961 400 1006 intentionis
435 976 544 1005 meae
559 995 572 1016 ‚
606 970 648 1004 et
681 970 723 1005 te
744 959 975 1004 facientem
1009 960 1130 1020 quod
1150 962 1212 1007 vis
1235 961 1310 1007 das
1333 964 1464 1019 mihi,
1490 973 1534 1007 et

151 1032 273 1075 dabis
294 1031 482 1076 libenter
505 1031 642 1090 sequi.

231 1105 366 1147 LVII.
406 1105 720 1146 Verumtamen
754 1102 797 1144 in
826 1117 959 1161 quam
987 1102 1136 1146 multis
1159 1103 1456 1149 minutissimis
1492 1113 1537 1149 et

151 1172 556 1232 contemptibilibus
584 1171 713 1216 rebus
742 1172 966 1215 curiositas
999 1173 1195 1232 quotidie
1227 1184 1373 1219 nostra
1395 1184 1538 1219 tenta-

153 1252 250 1297 tur,
290 1252 333 1286 et
363 1257 495 1302 quam
526 1256 639 1300 saepe
666 1241 896 1296 labamur,
936 1242 1030 1301 quis
1069 1247 1330 1288 enumerat?
1361 1246 1540 1298 Quoties

152 1322 376 1358 narrantes
397 1313 542 1357 inania
563 1347 573 1368 ‚
598 1312 738 1372 primo
761 1314 883 1372 quasi
912 1311 1146 1357 toleramus
1174 1331 1230 1359 ne
1264 1315 1540 1362 offendamus

152 1384 374 1439 infirmos,
410 1382 567 1427 deinde
598 1381 809 1442 paulatim
843 1382 1031 1427 libenter
1062 1384 1343 1430 advertimus.
1376 1389 1542 1432 Canem

152 1463 400 1499 currentem
423 1462 520 1513 post
543 1452 736 1512 leporem
751 1454 840 1512 jam
865 1469 954 1498 non
972 1463 1119 1513 specto
1134 1470 1235 1499 cum
1259 1456 1304 1499 in
1321 1456 1435 1502 circo
1458 1459 1508 1502 fit
1528 1476 1539 1503 ε

154 1535 198 1570 at
221 1540 324 1571 vero
352 1525 397 1568 in
423 1540 526 1584 agro
549 1525 582 1568 si
600 1540 703 1568 casu
724 1533 937 1568 transeam
956 1560 967 1579 ‚
993 1525 1147 1570 avertit
1167 1541 1236 1570 me
1259 1526 1450 1573 fortassis
1467 1565 1478 1585 ,
1499 1539 1543 1574 et

152 1596 206 1640 ab
230 1595 374 1655 aliqua
396 1610 552 1653 magna
575 1594 839 1653 cogitatione
858 1629 868 1648 ‚
911 1604 1042 1654 atque
1070 1595 1125 1640 ad
1146 1612 1190 1641 se
1220 1599 1434 1644 convertit
1466 1599 1541 1644 illa

152 1667 325 1711 venatio
340 1702 351 1722 ‚
377 1682 467 1711 non
490 1665 663 1710 deviare
688 1681 846 1724 cogens
868 1681 1049 1725 corpore
1066 1669 1276 1726 jumenti,
1302 1669 1378 1714 scd
1400 1670 1541 1715 cordis

151 1737 446 1782 inclinatione.
486 1740 544 1781 Et
579 1737 662 1781 nisi
691 1737 781 1795 jam
820 1737 928 1780 mihi
966 1736 1260 1784 demonstrata
1291 1741 1541 1787 infirmitate

151 1824 247 1853 mea
265 1844 275 1864 ,
312 1808 397 1853 cito
426 1808 658 1852 admoneas
677 1842 687 1861 ‚
726 1816 801 1851 aut
830 1822 882 1850 ex
909 1807 1001 1866 ipsa
1034 1808 1197 1853 visione
1233 1826 1309 1869 per
1346 1812 1538 1872 aliquam

152 1878 544 1924 considerationem
561 1912 571 1932 ,
598 1878 643 1920 in
660 1886 702 1921 te
725 1892 945 1935 assurgere
961 1912 972 1933 ‚
999 1887 1074 1923 aut
1093 1887 1235 1924 totum
1258 1891 1539 1928 contemnere

152 1960 283 2011 atque
301 1950 511 2004 transire,
534 1964 671 1993 vanus
707 1947 909 1993 hebesco.
937 1949 1054 2002 Quid
1084 1964 1185 1994 cum
1222 1967 1292 1996 me
1325 1953 1444 1998 domi
1473 1971 1541 1999 se-

152 2023 330 2066 dentem
367 2020 509 2066 stellio
536 2034 705 2064 muscas
733 2029 912 2078 captans
929 2054 939 2074 ‚
971 2020 1041 2063 vel
1071 2036 1227 2066 aranea
1261 2023 1427 2069 retibus
1453 2026 1540 2069 suis

151 2093 364 2137 irruentes
402 2090 658 2150 implicans,
691 2105 805 2150 saepe
845 2091 1063 2135 intentum
1102 2091 1240 2136 facit?
1280 2096 1396 2139 Num
1435 2097 1539 2156 quia

151 2178 284 2222 parva
303 2171 405 2207 sunt
427 2159 628 2205 animalia
644 2195 655 2215 ‚
685 2160 784 2204 ideo
801 2175 891 2205 non
913 2176 979 2205 res
1000 2160 1151 2205 eadem
1180 2163 1373 2221 geritur?
1399 2169 1536 2226 Pergo

117 2232 120 2233 ⁷
151 2232 255 2277 inde
277 2232 332 2277 ad
347 2230 619 2277 laudandum
639 2239 682 2274 te
699 2240 936 2276 creatorem
960 2231 1192 2276 mirificum
1213 2243 1344 2295 atque
1361 2238 1537 2284 ordina-

153 2313 292 2349 torem
320 2318 464 2347 rerum
493 2302 689 2347 omnium
707 2336 717 2356 ,
758 2301 834 2346 sed
855 2317 945 2346 non
966 2302 1067 2346 inde
1097 2303 1292 2350 intentus
1314 2321 1404 2352 esse
1425 2308 1535 2353 inci-

152 2376 239 2434 pio.
267 2373 401 2418 Aliud
422 2383 486 2418 est
512 2374 599 2418 cito
620 2387 796 2431 surgere
810 2407 821 2427 ‚
840 2372 959 2417 aliud
976 2382 1040 2418 est
1056 2389 1146 2418 non
1162 2374 1332 2421 cadere.
1357 2381 1415 2425 Et
1435 2383 1535 2428 tali-

152 2446 235 2490 hus
271 2445 359 2489 vita
382 2459 475 2488 mea
502 2443 631 2503 plena
659 2453 747 2498 est,
785 2452 827 2486 et
855 2459 941 2487 una
968 2459 1063 2502 spes
1096 2460 1192 2490 mea
1219 2462 1376 2507 magna
1408 2454 1536 2501 valde

154 2513 449 2560 misericordia
469 2524 559 2558 tua.
585 2516 698 2559 Cum
722 2513 837 2557 enim
859 2514 1160 2573 hujuscemodi
1182 2531 1327 2562 rerum
1350 2536 1538 2586 concep„

159 2584 352 2630 taculum
376 2585 426 2628 fit
448 2599 522 2628 cor
550 2591 746 2628 nostrum
767 2617 776 2636 ,
799 2592 841 2627 et
864 2591 1005 2641 portat
1027 2583 1212 2643 copiosae
1233 2589 1433 2638 vanitatis
1465 2612 1536 2640 ca-

367 2665 539 2696 cxxxn.
1093 2684 1095 2687 .
1328 2663 1376 2701 13
