1871 3162
544 247 889 284 CONFESSIONUM,
925 248 1006 273 Lm.
1044 249 1108 274 111.
1453 241 1506 280 49

143 323 211 356 tus
235 326 324 355 non
340 312 413 354 ita.
444 311 528 355 Sed
545 310 658 354 liber
676 310 749 354 1116
788 311 920 369 ipsius
942 312 1284 356 exhortationem
1316 317 1510 361 continet

138 381 194 426 ad
217 381 554 440 philosophiam,
594 391 636 425 et
657 391 836 425 vocatur
870 383 1137 426 Hortensius.
1163 382 1242 425 Ille
1278 399 1380 428 vero
1402 386 1511 429 liber

138 451 321 495 mutavit
343 451 548 495 affectum
565 467 727 507 meum,
751 460 793 494 et
813 451 867 496 ad
889 460 932 495 te
953 452 1111 511 ipsum,
1136 454 1345 510 Domine,
1368 465 1513 500 muta-

139 523 201 567 vit
221 537 368 581 preces
387 538 526 577 meas,
543 532 586 567 et
606 532 705 568 vota
728 539 776 567 ac
796 522 1005 567 desideria
1027 539 1123 568 mea
1143 523 1243 568 fecit
1259 525 1356 570 alia.
1381 527 1516 573 Viluit

140 592 246 635 mihi
269 601 445 651 repente
475 593 613 637 omnis
630 607 740 638 vana
762 608 877 652 spes,
901 602 944 636 et
962 593 1329 639 immortalitatem
1351 597 1522 655 sapien-

141 661 212 705 tiae
234 662 592 720 concupiscebam
608 672 717 706 aestu
735 663 874 707 cordis
896 662 1162 721 incredibili,
1185 675 1228 709 et
1244 681 1417 723 surgere
1434 683 1525 711 coe-

139 747 287 790 peram
306 741 355 776 ut
371 733 425 776 ad
447 742 489 776 te
511 731 710 776 redirem.
733 735 828 778 Non
846 734 960 776 enim
977 733 1034 777 ad
1054 735 1295 778 acuendam
1311 736 1521 795 linguam,

141 801 260 860 quod
280 801 458 845 videbar
493 817 634 845 emere
656 803 860 845 maternis
894 803 1188 859 mercedibus,
1224 821 1322 849 cum
1358 822 1526 864 agerem

141 888 304 916 annum
328 873 465 916 aetatis
488 873 882 929 unde-vigesimum
900 908 910 927 ,
932 875 1022 932 jam
1054 873 1263 919 defuncto
1288 886 1408 934 patre
1429 887 1530 921 ante

142 942 365 984 biennium
393 960 401 985 :
427 957 516 985 non
538 957 640 1000 ergo
662 942 717 985 ad
732 944 973 985 acuendam
995 943 1191 1001 linguam
1214 946 1455 989 referebam
1475 947 1529 990 il-

140 1011 232 1056 lum
253 1011 436 1068 librum,
457 1027 599 1072 neque
622 1012 727 1055 mihi
748 1013 1018 1057 locutionem
1037 1049 1048 1067 ,
1073 1014 1150 1058 sed
1173 1016 1290 1074 quod
1314 1015 1529 1076 loqueba-

153 1091 222 1125 tur
238 1091 522 1140 persuaserat.
524 1092 558 1194 A

202 1154 322 1196 VIII.
350 1154 521 1203 Quomo
557 1167 582 1194 o
605 1152 807 1194 ardebam
822 1187 831 1205 ,
864 1156 972 1194 Deus
994 1168 1115 1196 meus
1131 1188 1141 1207 ,
1168 1155 1392 1213 quomodo
1416 1156 1535 1201 arde*

145 1223 246 1266 bam
270 1222 464 1267 revolare
487 1238 510 1266 a
533 1223 716 1266 terrenis
739 1223 794 1266 ad
813 1224 880 1266 te?
916 1232 959 1266 et
985 1223 1229 1268 nesciebam
1252 1226 1358 1285 quid
1391 1244 1537 1286 ageres

143 1307 330 1336 mecum.
355 1291 486 1351 Apud
508 1301 550 1335 te
568 1301 631 1336 est
653 1292 768 1335 enim
792 1292 1015 1351 sapientia.
1042 1297 1176 1337 Amor
1196 1304 1341 1339 autem
1364 1299 1537 1356 sapien-

141 1363 214 1406 tiae
235 1377 396 1406 nomen
419 1376 609 1420 graecum
642 1363 775 1406 habet
801 1371 996 1419 φιλεσᾳφὶαν,
1022 1379 1112 1422 quo
1145 1380 1215 1409 me
1237 1368 1535 1413 accendebant

142 1432 229 1476 illae
251 1432 422 1476 litterae.
452 1435 562 1477 Sunt
580 1433 656 1492 qui
679 1432 889 1477 seducant
907 1449 984 1492 per
1001 1434 1317 1494 philosophiam
1336 1473 1346 1492 ,
1376 1453 1533 1495 magno

141 1511 184 1546 et
206 1501 371 1546 blando
394 1512 437 1545 et
458 1503 640 1546 honesto
665 1503 840 1547 nomine
862 1503 1104 1547 colorantes
1132 1513 1174 1548 et
1193 1504 1390 1551 fucantes
1408 1523 1526 1553 erro-

141 1587 206 1616 res
220 1587 320 1616 suos
341 1591 350 1617 2
368 1582 411 1616 et
432 1587 570 1631 prope
593 1587 759 1626 01111165,
781 1573 856 1632 qui
879 1588 928 1615 ex
948 1572 1031 1617 illis
1053 1583 1095 1618 et
1110 1589 1238 1633 supra
1260 1578 1531 1636 temporibus

141 1642 247 1686 tales
283 1652 432 1700 erant,
458 1651 667 1686 notantur
704 1643 749 1686 in
783 1658 833 1686 eo
856 1642 970 1686 libro
1007 1652 1049 1686 et
1082 1642 1458 1696 demonstrantur,
1485 1660 1529 1693 et

142 1712 444 1756 manifestatur
469 1713 529 1756 ibi
551 1712 771 1757 salutifera
797 1712 870 1756 1113
895 1712 1135 1763 admonitio
1169 1716 1342 1774 spiritus
1365 1719 1429 1762 tui
1453 1735 1530 1778 per

140 1799 310 1827 servum
335 1792 460 1826 tuum
479 1784 646 1827 bonum
670 1793 712 1827 et
734 1785 878 1842 pium,
908 1803 925 1824 κ
952 1784 1106 1828 Videte
1124 1801 1179 1829 ne
1195 1788 1291 1845 quis
1313 1803 1389 1832 vos
1411 1788 1530 1833 deci-

143 1872 163 1896 »
200 1854 288 1912 piat
308 1869 386 1912 per
407 1854 725 1913 philosophiam
748 1864 791 1898 et
820 1856 991 1898 inanem
1011 1855 1311 1902 seductionem
1329 1894 1339 1913 ,
1371 1875 1527 1905 secun-

200 1923 307 1967 dum
329 1923 605 1967 traditionem
627 1925 874 1978 hominum,
898 1925 1138 1969 secundum
1162 1927 1376 1973 elementa
1399 1931 1529 1989 hujus

143 2013 164 2036 »
198 1994 374 2049 mundi,
400 2004 443 2037 et
462 2010 551 2038 non
573 1995 814 2038 secundum
833 1995 1079 2054 Christum,
1103 1998 1202 2056 quia
1221 1999 1377 2057 inipso
1398 2002 1524 2044 inha-

143 2083 162 2106 »
198 2064 368 2108 bitabat
389 2065 527 2108 omnis
550 2063 778 2122 plenitudo
803 2065 1045 2109 Divinitatis
1067 2067 1348 2125 corporaliter
1367 2072 1394 2112 ¹.
1425 2089 1444 2112 »
1475 2075 1527 2115 Et

143 2150 224 2194 ego
240 2135 316 2178 illo
339 2144 549 2193 tempore,
569 2135 647 2178 scis
664 2144 729 2189 tu,
751 2134 899 2179 lumen
917 2137 1057 2180 cordis
1075 2138 1175 2191 mei,
1187 2139 1394 2197 quoniam
1412 2157 1524 2186 11011-

142 2205 246 2249 dum
271 2205 378 2248 mihi
399 2205 494 2248 haec
516 2203 750 2264 apostolica
773 2214 875 2249 nota
893 2216 1037 2264 erant,
1062 2208 1145 2251 hoc
1163 2217 1309 2252 tamen
1334 2211 1426 2256 solo
1448 2213 1524 2256 de-

143 2275 332 2319 lectabar
352 2275 395 2317 in
429 2273 502 2317 illa
525 2275 845 2329 exhortatione,
889 2277 1011 2335 quod
1032 2292 1122 2320 non
1158 2277 1277 2322 illam
1303 2290 1377 2324 aut
1408 2281 1526 2326 illam

143 2355 328 2400 sectam,
352 2344 426 2388 sed
446 2345 583 2403 ipsam
615 2361 905 2405 quaecumque
936 2357 1044 2391 esset
1077 2348 1330 2407 sapientiam
1355 2361 1403 2395 ut
1427 2353 1527 2397 dili-

146 2432 306 2476 gerem,
331 2426 375 2460 et
409 2432 670 2475 quaererem,
709 2426 751 2460 et
789 2432 1059 2477 assequerer,
1093 2428 1134 2463 et
1168 2428 1358 2466 tenerem
1398 2433 1528 2484 atque

146 2487 411 2547 amplexarer
432 2485 624 2542 fortiter,
659 2487 875 2532 excitabar
907 2503 1104 2533 sermone
1126 2488 1223 2545 illo,
1248 2500 1291 2536 et
1317 2495 1528 2539 accende-

144 1943 153 1964 )

155 1942 163 1964 υ

195 2579 205 2594 ¹
229 2571 345 2604 Coloss.
362 2582 396 2612 11,
416 2571 449 2611 8,
468 2582 502 2612 9.

361 2635 534 2664 CXXXII.
1292 2628 1315 2665 4.
