<?xml version="1.0" encoding="UTF-8"?>
<!DOCTYPE html PUBLIC "-//W3C//DTD XHTML 1.0 Transitional//EN"
    "http://www.w3.org/TR/xhtml1/DTD/xhtml1-transitional.dtd">
<html xmlns="http://www.w3.org/1999/xhtml" xml:lang="en" lang="en">
 <head>
  <title>
</title>
<meta http-equiv="Content-Type" content="text/html;charset=utf-8" />
  <meta name='ocr-system' content='tesseract 3.04.00' />
  <meta name='ocr-capabilities' content='ocr_page ocr_carea ocr_par ocr_line ocrx_word'/>
</head>
<body>
  <div class='ocr_page' id='page_1' title='image "./operaomniaaccura25auguuoft_0550.png"; bbox 0 0 1871 3162; ppageno 0'>
   <div class='ocr_carea' id='block_1_1' title="bbox 282 234 1234 275">
    <p class='ocr_par' dir='ltr' id='par_1_1' title="bbox 282 234 1234 275">
     <span class='ocr_line' id='line_1_1' title="bbox 282 234 1234 275; baseline 0 -2"><span class='ocrx_word' id='word_1_1' title='bbox 282 234 364 273; x_wconf 88' lang='lat'>536</span> <span class='ocrx_word' id='word_1_2' title='bbox 723 247 756 274; x_wconf 77' lang='lat' dir='ltr'>s.</span> <span class='ocrx_word' id='word_1_3' title='bbox 793 247 1021 275; x_wconf 59' lang='lat' dir='ltr'>ancus&#39;rmr</span> <span class='ocrx_word' id='word_1_4' title='bbox 1054 247 1234 275; x_wconf 69' lang='lat' dir='ltr'>Emscom</span> 
     </span>
    </p>
   </div>
   <div class='ocr_carea' id='block_1_2' title="bbox 258 310 1662 2557">
    <p class='ocr_par' dir='ltr' id='par_1_2' title="bbox 264 310 1662 1849">
     <span class='ocr_line' id='line_1_2' title="bbox 278 310 1661 372; baseline 0.001 -17"><span class='ocrx_word' id='word_1_5' title='bbox 278 320 356 366; x_wconf 78' lang='lat' dir='ltr'>teS,</span> <span class='ocrx_word' id='word_1_6' title='bbox 387 310 505 370; x_wconf 84' lang='lat' dir='ltr'>quod</span> <span class='ocrx_word' id='word_1_7' title='bbox 527 311 572 354; x_wconf 91' lang='lat' dir='ltr'>in</span> <span class='ocrx_word' id='word_1_8' title='bbox 594 313 683 372; x_wconf 89' lang='lat' dir='ltr'>ejus</span> <span class='ocrx_word' id='word_1_9' title='bbox 706 312 898 367; x_wconf 83' lang='lat' dir='ltr'>nomine,</span> <span class='ocrx_word' id='word_1_10' title='bbox 924 327 1054 372; x_wconf 87' lang='lat' dir='ltr'>quem</span> <span class='ocrx_word' id='word_1_11' title='bbox 1077 312 1213 356; x_wconf 89' lang='lat' dir='ltr'>veluti</span> <span class='ocrx_word' id='word_1_12' title='bbox 1232 328 1255 357; x_wconf 90' lang='lat' dir='ltr'>a</span> <span class='ocrx_word' id='word_1_13' title='bbox 1278 327 1321 356; x_wconf 91' lang='lat' dir='ltr'>sc</span> <span class='ocrx_word' id='word_1_14' title='bbox 1343 325 1596 372; x_wconf 89' lang='lat' dir='ltr'>oppressum</span> <span class='ocrx_word' id='word_1_15' title='bbox 1617 321 1661 356; x_wconf 88' lang='lat' dir='ltr'>et</span> 
     </span>
     <span class='ocr_line' id='line_1_3' title="bbox 277 381 1661 442; baseline 0 -16"><span class='ocrx_word' id='word_1_16' title='bbox 277 382 440 426; x_wconf 87' lang='lat' dir='ltr'>victum</span> <span class='ocrx_word' id='word_1_17' title='bbox 474 381 670 437; x_wconf 84' lang='lat' dir='ltr'>riserant,</span> <span class='ocrx_word' id='word_1_18' title='bbox 697 391 814 426; x_wconf 88' lang='lat' dir='ltr'>tanta</span> <span class='ocrx_word' id='word_1_19' title='bbox 838 381 1044 426; x_wconf 85' lang='lat' dir='ltr'>miracula</span> <span class='ocrx_word' id='word_1_20' title='bbox 1074 382 1242 437; x_wconf 90' lang='lat' dir='ltr'>fierent,</span> <span class='ocrx_word' id='word_1_21' title='bbox 1273 381 1530 442; x_wconf 88' lang='lat' dir='ltr'>poenitendo</span> <span class='ocrx_word' id='word_1_22' title='bbox 1552 397 1661 426; x_wconf 93' lang='lat' dir='ltr'>con-</span> 
     </span>
     <span class='ocr_line' id='line_1_4' title="bbox 273 451 1661 513; baseline 0 -17"><span class='ocrx_word' id='word_1_23' title='bbox 273 453 384 497; x_wconf 88' lang='lat' dir='ltr'>versi</span> <span class='ocrx_word' id='word_1_24' title='bbox 400 451 679 497; x_wconf 90' lang='lat' dir='ltr'>crediderunt</span> <span class='ocrx_word' id='word_1_25' title='bbox 697 453 742 496; x_wconf 89' lang='lat' dir='ltr'>in</span> <span class='ocrx_word' id='word_1_26' title='bbox 764 467 864 496; x_wconf 86' lang='lat' dir='ltr'>eum</span> <span class='ocrx_word' id='word_1_27' title='bbox 885 452 1017 497; x_wconf 91' lang='lat' dir='ltr'>millia</span> <span class='ocrx_word' id='word_1_28' title='bbox 1031 456 1055 497; x_wconf 91' lang='lat' dir='ltr'><strong>J</strong></span> <span class='ocrx_word' id='word_1_29' title='bbox 1060 454 1300 498; x_wconf 86' lang='lat' dir='ltr'>udaeorum.</span> <span class='ocrx_word' id='word_1_30' title='bbox 1320 456 1416 498; x_wconf 93' lang='lat' dir='ltr'>Non</span> <span class='ocrx_word' id='word_1_31' title='bbox 1435 461 1558 497; x_wconf 90' lang='lat' dir='ltr'>erant</span> <span class='ocrx_word' id='word_1_32' title='bbox 1571 454 1661 513; x_wconf 83' lang='lat' dir='ltr'>jam</span> 
     </span>
     <span class='ocr_line' id='line_1_5' title="bbox 273 521 1662 582; baseline 0.001 -17"><span class='ocrx_word' id='word_1_33' title='bbox 273 521 335 565; x_wconf 88' lang='lat' dir='ltr'>illi</span> <span class='ocrx_word' id='word_1_34' title='bbox 353 522 605 582; x_wconf 87' lang='lat' dir='ltr'>temporalia</span> <span class='ocrx_word' id='word_1_35' title='bbox 624 522 834 567; x_wconf 86' lang='lat' dir='ltr'>beneficia</span> <span class='ocrx_word' id='word_1_36' title='bbox 846 531 1156 582; x_wconf 88' lang='lat' dir='ltr'>terrenumque</span> <span class='ocrx_word' id='word_1_37' title='bbox 1172 539 1353 582; x_wconf 83' lang='lat' dir='ltr'>regnum</span> <span class='ocrx_word' id='word_1_38' title='bbox 1367 522 1662 568; x_wconf 83' lang='lat' dir='ltr'>desiderantes</span> 
     </span>
     <span class='ocr_line' id='line_1_6' title="bbox 275 594 1658 654; baseline 0.001 -16"><span class='ocrx_word' id='word_1_39' title='bbox 275 609 297 638; x_wconf 89' lang='lat' dir='ltr'>a</span> <span class='ocrx_word' id='word_1_40' title='bbox 321 597 428 649; x_wconf 89' lang='lat' dir='ltr'>Deo,</span> <span class='ocrx_word' id='word_1_41' title='bbox 459 610 539 639; x_wconf 91' lang='lat' dir='ltr'>nec</span> <span class='ocrx_word' id='word_1_42' title='bbox 557 594 815 654; x_wconf 90' lang='lat' dir='ltr'>promissum</span> <span class='ocrx_word' id='word_1_43' title='bbox 838 609 984 653; x_wconf 84' lang='lat' dir='ltr'>regem</span> <span class='ocrx_word' id='word_1_44' title='bbox 1007 595 1230 640; x_wconf 86' lang='lat' dir='ltr'><strong>Christum</strong></span> <span class='ocrx_word' id='word_1_45' title='bbox 1252 594 1482 640; x_wconf 85' lang='lat' dir='ltr'>carnaliter</span> <span class='ocrx_word' id='word_1_46' title='bbox 1503 610 1658 654; x_wconf 83' lang='lat' dir='ltr'>expec-</span> 
     </span>
     <span class='ocr_line' id='line_1_7' title="bbox 273 664 1657 725; baseline 0.001 -16"><span class='ocrx_word' id='word_1_47' title='bbox 273 674 435 721; x_wconf 76' lang='lat' dir='ltr'>tantes;</span> <span class='ocrx_word' id='word_1_48' title='bbox 460 665 535 708; x_wconf 91' lang='lat' dir='ltr'>sed</span> <span class='ocrx_word' id='word_1_49' title='bbox 566 665 866 710; x_wconf 86' lang='lat' dir='ltr'>immortaliter</span> <span class='ocrx_word' id='word_1_50' title='bbox 898 664 1190 725; x_wconf 84' lang='lat' dir='ltr'>intelligentes</span> <span class='ocrx_word' id='word_1_51' title='bbox 1217 674 1261 709; x_wconf 88' lang='lat' dir='ltr'>et</span> <span class='ocrx_word' id='word_1_52' title='bbox 1287 664 1516 724; x_wconf 87' lang='lat' dir='ltr'>diligentes</span> <span class='ocrx_word' id='word_1_53' title='bbox 1538 680 1657 721; x_wconf 90' lang='lat' dir='ltr'>eum,</span> 
     </span>
     <span class='ocr_line' id='line_1_8' title="bbox 272 735 1661 796; baseline 0.001 -18"><span class='ocrx_word' id='word_1_54' title='bbox 272 736 347 794; x_wconf 88' lang='lat' dir='ltr'>qui</span> <span class='ocrx_word' id='word_1_55' title='bbox 365 750 445 794; x_wconf 92' lang='lat' dir='ltr'>pro</span> <span class='ocrx_word' id='word_1_56' title='bbox 465 735 566 794; x_wconf 86' lang='lat' dir='ltr'>ipsis</span> <span class='ocrx_word' id='word_1_57' title='bbox 588 735 643 779; x_wconf 88' lang='lat' dir='ltr'>ab</span> <span class='ocrx_word' id='word_1_58' title='bbox 660 736 760 794; x_wconf 90' lang='lat' dir='ltr'>ipsis</span> <span class='ocrx_word' id='word_1_59' title='bbox 775 745 895 781; x_wconf 88' lang='lat' dir='ltr'>tanta</span> <span class='ocrx_word' id='word_1_60' title='bbox 913 736 1151 781; x_wconf 86' lang='lat' dir='ltr'>mortaliter</span> <span class='ocrx_word' id='word_1_61' title='bbox 1165 735 1361 796; x_wconf 87' lang='lat' dir='ltr'>pertulit,</span> <span class='ocrx_word' id='word_1_62' title='bbox 1383 745 1428 780; x_wconf 90' lang='lat' dir='ltr'>et</span> <span class='ocrx_word' id='word_1_63' title='bbox 1449 737 1507 780; x_wconf 91' lang='lat' dir='ltr'>eis</span> <span class='ocrx_word' id='word_1_64' title='bbox 1522 751 1661 796; x_wconf 86' lang='lat' dir='ltr'>usque</span> 
     </span>
     <span class='ocr_line' id='line_1_9' title="bbox 271 805 1660 869; baseline 0.002 -21"><span class='ocrx_word' id='word_1_65' title='bbox 271 805 327 849; x_wconf 91' lang='lat' dir='ltr'>ad</span> <span class='ocrx_word' id='word_1_66' title='bbox 359 805 425 849; x_wconf 91' lang='lat' dir='ltr'>sui</span> <span class='ocrx_word' id='word_1_67' title='bbox 457 805 677 864; x_wconf 84' lang='lat' dir='ltr'>sanguinis</span> <span class='ocrx_word' id='word_1_68' title='bbox 699 815 874 865; x_wconf 89' lang='lat' dir='ltr'>peccata</span> <span class='ocrx_word' id='word_1_69' title='bbox 897 807 1092 861; x_wconf 87' lang='lat' dir='ltr'>donavit,</span> <span class='ocrx_word' id='word_1_70' title='bbox 1113 816 1157 851; x_wconf 91' lang='lat' dir='ltr'>et</span> <span class='ocrx_word' id='word_1_71' title='bbox 1178 805 1547 851; x_wconf 87' lang='lat' dir='ltr'>immortalitatem</span> <span class='ocrx_word' id='word_1_72' title='bbox 1570 821 1660 869; x_wconf 47' lang='lat' dir='ltr'>alse</span> 
     </span>
     <span class='ocr_line' id='line_1_10' title="bbox 270 875 1661 936; baseline 0.001 -18"><span class='ocrx_word' id='word_1_73' title='bbox 270 875 527 934; x_wconf 85' lang='lat' dir='ltr'>sperandam</span> <span class='ocrx_word' id='word_1_74' title='bbox 557 885 599 919; x_wconf 91' lang='lat' dir='ltr'>et</span> <span class='ocrx_word' id='word_1_75' title='bbox 632 875 962 920; x_wconf 88' lang='lat' dir='ltr'>desiderandam</span> <span class='ocrx_word' id='word_1_76' title='bbox 993 877 1190 936; x_wconf 80' lang='lat' dir='ltr'>exemplo</span> <span class='ocrx_word' id='word_1_77' title='bbox 1220 893 1307 921; x_wconf 81' lang='lat' dir='ltr'>suae</span> <span class='ocrx_word' id='word_1_78' title='bbox 1339 877 1661 922; x_wconf 88' lang='lat' dir='ltr'>resurrectionis</span> 
     </span>
     <span class='ocr_line' id='line_1_11' title="bbox 271 945 1661 1006; baseline 0 -16"><span class='ocrx_word' id='word_1_79' title='bbox 271 945 475 990; x_wconf 89' lang='lat' dir='ltr'>ostendit.</span> <span class='ocrx_word' id='word_1_80' title='bbox 527 948 681 1006; x_wconf 84' lang='lat' dir='ltr'>Itaque</span> <span class='ocrx_word' id='word_1_81' title='bbox 713 947 802 1006; x_wconf 85' lang='lat' dir='ltr'>jam</span> <span class='ocrx_word' id='word_1_82' title='bbox 839 946 991 990; x_wconf 83' lang='lat' dir='ltr'>veteris</span> <span class='ocrx_word' id='word_1_83' title='bbox 1027 947 1213 991; x_wconf 91' lang='lat' dir='ltr'>hominis</span> <span class='ocrx_word' id='word_1_84' title='bbox 1246 956 1416 991; x_wconf 80' lang='lat' dir='ltr'>terrena</span> <span class='ocrx_word' id='word_1_85' title='bbox 1448 947 1661 991; x_wconf 87' lang='lat' dir='ltr'>desideria</span> 
     </span>
     <span class='ocr_line' id='line_1_12' title="bbox 270 1017 1661 1076; baseline 0.001 -16"><span class='ocrx_word' id='word_1_86' title='bbox 270 1017 595 1071; x_wconf 87' lang='lat' dir='ltr'>mortificantes,</span> <span class='ocrx_word' id='word_1_87' title='bbox 631 1026 674 1060; x_wconf 90' lang='lat' dir='ltr'>et</span> <span class='ocrx_word' id='word_1_88' title='bbox 701 1017 900 1076; x_wconf 87' lang='lat' dir='ltr'>spiritalis</span> <span class='ocrx_word' id='word_1_89' title='bbox 922 1019 1022 1062; x_wconf 79' lang='lat' dir='ltr'>vitae</span> <span class='ocrx_word' id='word_1_90' title='bbox 1045 1017 1237 1062; x_wconf 88' lang='lat' dir='ltr'>novitate</span> <span class='ocrx_word' id='word_1_91' title='bbox 1268 1018 1513 1076; x_wconf 85' lang='lat' dir='ltr'>flagrantes,</span> <span class='ocrx_word' id='word_1_92' title='bbox 1549 1018 1661 1061; x_wconf 87' lang='lat' dir='ltr'>sicut</span> 
     </span>
     <span class='ocr_line' id='line_1_13' title="bbox 270 1086 1661 1147; baseline 0 -16"><span class='ocrx_word' id='word_1_93' title='bbox 270 1097 533 1146; x_wconf 86' lang='lat' dir='ltr'>praeceperat</span> <span class='ocrx_word' id='word_1_94' title='bbox 556 1089 600 1131; x_wconf 85' lang='lat' dir='ltr'>in</span> <span class='ocrx_word' id='word_1_95' title='bbox 623 1086 859 1146; x_wconf 58' lang='lat' dir='ltr'>Evangelio</span> <span class='ocrx_word' id='word_1_96' title='bbox 878 1091 1103 1143; x_wconf 88' lang='lat' dir='ltr'>Dominus,</span> <span class='ocrx_word' id='word_1_97' title='bbox 1125 1087 1376 1133; x_wconf 88' lang='lat' dir='ltr'>vendebant</span> <span class='ocrx_word' id='word_1_98' title='bbox 1394 1087 1539 1132; x_wconf 91' lang='lat' dir='ltr'>omnia</span> <span class='ocrx_word' id='word_1_99' title='bbox 1562 1103 1661 1147; x_wconf 83' lang='lat' dir='ltr'>quae</span> 
     </span>
     <span class='ocr_line' id='line_1_14' title="bbox 268 1158 1658 1218; baseline 0.001 -16"><span class='ocrx_word' id='word_1_100' title='bbox 268 1158 507 1214; x_wconf 80' lang='lat' dir='ltr'>habebant,</span> <span class='ocrx_word' id='word_1_101' title='bbox 528 1167 570 1203; x_wconf 91' lang='lat' dir='ltr'>et</span> <span class='ocrx_word' id='word_1_102' title='bbox 583 1159 719 1218; x_wconf 90' lang='lat' dir='ltr'>pretia</span> <span class='ocrx_word' id='word_1_103' title='bbox 738 1174 881 1202; x_wconf 89' lang='lat' dir='ltr'>rerum</span> <span class='ocrx_word' id='word_1_104' title='bbox 900 1174 1075 1204; x_wconf 89' lang='lat' dir='ltr'>suarum</span> <span class='ocrx_word' id='word_1_105' title='bbox 1094 1168 1192 1203; x_wconf 89' lang='lat' dir='ltr'>ante</span> <span class='ocrx_word' id='word_1_106' title='bbox 1208 1158 1338 1218; x_wconf 89' lang='lat' dir='ltr'>pedes</span> <span class='ocrx_word' id='word_1_107' title='bbox 1351 1158 1658 1218; x_wconf 78' lang='lat' dir='ltr'>Apostolorum</span> 
     </span>
     <span class='ocr_line' id='line_1_15' title="bbox 268 1229 1661 1289; baseline 0 -17"><span class='ocrx_word' id='word_1_108' title='bbox 268 1229 509 1287; x_wconf 84' lang='lat' dir='ltr'>ponebant,</span> <span class='ocrx_word' id='word_1_109' title='bbox 544 1239 594 1274; x_wconf 87' lang='lat' dir='ltr'>ut</span> <span class='ocrx_word' id='word_1_110' title='bbox 625 1231 706 1289; x_wconf 90' lang='lat' dir='ltr'>ipsi</span> <span class='ocrx_word' id='word_1_111' title='bbox 738 1229 1046 1275; x_wconf 86' lang='lat' dir='ltr'>distribuerent</span> <span class='ocrx_word' id='word_1_112' title='bbox 1078 1231 1332 1289; x_wconf 89' lang='lat' dir='ltr'>unicuique,</span> <span class='ocrx_word' id='word_1_113' title='bbox 1363 1230 1473 1274; x_wconf 89' lang='lat' dir='ltr'>sicut</span> <span class='ocrx_word' id='word_1_114' title='bbox 1500 1230 1661 1289; x_wconf 84' lang='lat' dir='ltr'>cuique</span> 
     </span>
     <span class='ocr_line' id='line_1_16' title="bbox 268 1299 1660 1361; baseline -0.001 -17"><span class='ocrx_word' id='word_1_115' title='bbox 268 1315 377 1359; x_wconf 90' lang='lat' dir='ltr'>opus</span> <span class='ocrx_word' id='word_1_116' title='bbox 398 1303 511 1345; x_wconf 88' lang='lat' dir='ltr'>erat¹</span> <span class='ocrx_word' id='word_1_117' title='bbox 532 1319 542 1346; x_wconf 91' lang='lat'><strong>:</strong></span> <span class='ocrx_word' id='word_1_118' title='bbox 565 1301 847 1361; x_wconf 81' lang='lat' dir='ltr'>viventesque</span> <span class='ocrx_word' id='word_1_119' title='bbox 869 1302 913 1344; x_wconf 89' lang='lat' dir='ltr'>in</span> <span class='ocrx_word' id='word_1_120' title='bbox 934 1302 1163 1346; x_wconf 87' lang='lat' dir='ltr'>christiana</span> <span class='ocrx_word' id='word_1_121' title='bbox 1182 1300 1415 1344; x_wconf 88' lang='lat' dir='ltr'>dilectione</span> <span class='ocrx_word' id='word_1_122' title='bbox 1435 1299 1660 1344; x_wconf 88' lang='lat' dir='ltr'>concordi-</span> 
     </span>
     <span class='ocr_line' id='line_1_17' title="bbox 267 1370 1658 1431; baseline -0.001 -16"><span class='ocrx_word' id='word_1_123' title='bbox 267 1380 348 1425; x_wconf 88' lang='lat' dir='ltr'>ter,</span> <span class='ocrx_word' id='word_1_124' title='bbox 386 1387 475 1415; x_wconf 88' lang='lat' dir='ltr'>non</span> <span class='ocrx_word' id='word_1_125' title='bbox 508 1371 713 1416; x_wconf 83' lang='lat' dir='ltr'>dicebant</span> <span class='ocrx_word' id='word_1_126' title='bbox 748 1372 912 1431; x_wconf 90' lang='lat' dir='ltr'>aliquid</span> <span class='ocrx_word' id='word_1_127' title='bbox 946 1387 1096 1425; x_wconf 88' lang='lat' dir='ltr'>suum,</span> <span class='ocrx_word' id='word_1_128' title='bbox 1132 1370 1207 1416; x_wconf 87' lang='lat' dir='ltr'>sed</span> <span class='ocrx_word' id='word_1_129' title='bbox 1242 1379 1364 1414; x_wconf 87' lang='lat' dir='ltr'>erant</span> <span class='ocrx_word' id='word_1_130' title='bbox 1398 1370 1480 1414; x_wconf 87' lang='lat' dir='ltr'>illis</span> <span class='ocrx_word' id='word_1_131' title='bbox 1513 1371 1658 1414; x_wconf 88' lang='lat' dir='ltr'>omnia</span> 
     </span>
     <span class='ocr_line' id='line_1_18' title="bbox 267 1439 1657 1495; baseline -0.001 -10"><span class='ocrx_word' id='word_1_132' title='bbox 267 1443 533 1495; x_wconf 89' lang='lat' dir='ltr'>communia,</span> <span class='ocrx_word' id='word_1_133' title='bbox 560 1451 602 1486; x_wconf 94' lang='lat' dir='ltr'>et</span> <span class='ocrx_word' id='word_1_134' title='bbox 624 1443 767 1486; x_wconf 86' lang='lat' dir='ltr'>anima</span> <span class='ocrx_word' id='word_1_135' title='bbox 790 1451 833 1486; x_wconf 90' lang='lat' dir='ltr'>et</span> <span class='ocrx_word' id='word_1_136' title='bbox 855 1458 930 1486; x_wconf 94' lang='lat' dir='ltr'>cor</span> <span class='ocrx_word' id='word_1_137' title='bbox 951 1457 1089 1485; x_wconf 90' lang='lat' dir='ltr'>unum</span> <span class='ocrx_word' id='word_1_138' title='bbox 1109 1442 1154 1485; x_wconf 89' lang='lat' dir='ltr'>in</span> <span class='ocrx_word' id='word_1_139' title='bbox 1174 1445 1324 1485; x_wconf 90' lang='lat' dir='ltr'>Deum.</span> <span class='ocrx_word' id='word_1_140' title='bbox 1346 1439 1511 1483; x_wconf 86' lang='lat' dir='ltr'>Deinde</span> <span class='ocrx_word' id='word_1_141' title='bbox 1529 1441 1657 1484; x_wconf 84' lang='lat' dir='ltr'>etiam</span> 
     </span>
     <span class='ocr_line' id='line_1_19' title="bbox 266 1510 1657 1570; baseline -0.001 -15"><span class='ocrx_word' id='word_1_142' title='bbox 266 1511 344 1570; x_wconf 90' lang='lat' dir='ltr'>ipsi</span> <span class='ocrx_word' id='word_1_143' title='bbox 363 1527 385 1555; x_wconf 89' lang='lat' dir='ltr'>a</span> <span class='ocrx_word' id='word_1_144' title='bbox 404 1512 564 1555; x_wconf 87' lang='lat' dir='ltr'>Judaeis</span> <span class='ocrx_word' id='word_1_145' title='bbox 586 1511 830 1555; x_wconf 86' lang='lat' dir='ltr'>carnalibus</span> <span class='ocrx_word' id='word_1_146' title='bbox 853 1512 1019 1555; x_wconf 86' lang='lat' dir='ltr'>civibus</span> <span class='ocrx_word' id='word_1_147' title='bbox 1042 1511 1179 1555; x_wconf 89' lang='lat' dir='ltr'>carnis</span> <span class='ocrx_word' id='word_1_148' title='bbox 1198 1525 1284 1553; x_wconf 80' lang='lat' dir='ltr'>suae</span> <span class='ocrx_word' id='word_1_149' title='bbox 1308 1510 1657 1568; x_wconf 81' lang='lat' dir='ltr'>persecutionem</span> 
     </span>
     <span class='ocr_line' id='line_1_20' title="bbox 267 1579 1658 1641; baseline -0.001 -16"><span class='ocrx_word' id='word_1_150' title='bbox 267 1582 376 1640; x_wconf 87' lang='lat' dir='ltr'>passi</span> <span class='ocrx_word' id='word_1_151' title='bbox 394 1591 526 1641; x_wconf 85' lang='lat' dir='ltr'>atquc</span> <span class='ocrx_word' id='word_1_152' title='bbox 547 1581 725 1639; x_wconf 87' lang='lat' dir='ltr'>dispersi</span> <span class='ocrx_word' id='word_1_153' title='bbox 748 1591 866 1635; x_wconf 83' lang='lat' dir='ltr'>sunt,</span> <span class='ocrx_word' id='word_1_154' title='bbox 887 1590 936 1623; x_wconf 87' lang='lat' dir='ltr'>ut</span> <span class='ocrx_word' id='word_1_155' title='bbox 953 1580 1081 1623; x_wconf 89' lang='lat' dir='ltr'>latius</span> <span class='ocrx_word' id='word_1_156' title='bbox 1103 1580 1298 1624; x_wconf 89' lang='lat' dir='ltr'>Christus</span> <span class='ocrx_word' id='word_1_157' title='bbox 1317 1594 1468 1622; x_wconf 89' lang='lat' dir='ltr'>eorum</span> <span class='ocrx_word' id='word_1_158' title='bbox 1490 1579 1658 1638; x_wconf 88' lang='lat' dir='ltr'>disper-</span> 
     </span>
     <span class='ocr_line' id='line_1_21' title="bbox 265 1649 1656 1708; baseline -0.001 -14"><span class='ocrx_word' id='word_1_159' title='bbox 265 1652 384 1694; x_wconf 84' lang='lat' dir='ltr'>sione</span> <span class='ocrx_word' id='word_1_160' title='bbox 411 1649 736 1708; x_wconf 84' lang='lat' dir='ltr'>praedicaretur,</span> <span class='ocrx_word' id='word_1_161' title='bbox 769 1658 811 1692; x_wconf 87' lang='lat' dir='ltr'>et</span> <span class='ocrx_word' id='word_1_162' title='bbox 843 1649 1116 1692; x_wconf 83' lang='lat' dir='ltr'>imitarentur</span> <span class='ocrx_word' id='word_1_163' title='bbox 1143 1649 1272 1692; x_wconf 89' lang='lat' dir='ltr'>etiam</span> <span class='ocrx_word' id='word_1_164' title='bbox 1306 1649 1386 1708; x_wconf 91' lang='lat' dir='ltr'>ipsi</span> <span class='ocrx_word' id='word_1_165' title='bbox 1418 1650 1656 1707; x_wconf 86' lang='lat' dir='ltr'>patentiam</span> 
     </span>
     <span class='ocr_line' id='line_1_22' title="bbox 265 1719 1657 1780; baseline 0 -15"><span class='ocrx_word' id='word_1_166' title='bbox 265 1722 438 1765; x_wconf 88' lang='lat' dir='ltr'>Domini</span> <span class='ocrx_word' id='word_1_167' title='bbox 461 1722 527 1764; x_wconf 91' lang='lat' dir='ltr'>sui</span> <span class='ocrx_word' id='word_1_168' title='bbox 548 1740 555 1764; x_wconf 95' lang='lat'><strong>:</strong></span> <span class='ocrx_word' id='word_1_169' title='bbox 588 1721 689 1779; x_wconf 86' lang='lat' dir='ltr'>quia</span> <span class='ocrx_word' id='word_1_170' title='bbox 714 1720 788 1780; x_wconf 91' lang='lat' dir='ltr'>qui</span> <span class='ocrx_word' id='word_1_171' title='bbox 809 1735 879 1764; x_wconf 90' lang='lat' dir='ltr'>eos</span> <span class='ocrx_word' id='word_1_172' title='bbox 903 1730 1153 1764; x_wconf 88' lang='lat' dir='ltr'>mansuetus</span> <span class='ocrx_word' id='word_1_173' title='bbox 1177 1735 1324 1779; x_wconf 86' lang='lat' dir='ltr'>passus</span> <span class='ocrx_word' id='word_1_174' title='bbox 1346 1719 1504 1776; x_wconf 85' lang='lat' dir='ltr'>fuerat,</span> <span class='ocrx_word' id='word_1_175' title='bbox 1531 1737 1657 1765; x_wconf 87' lang='lat' dir='ltr'>man-</span> 
     </span>
     <span class='ocr_line' id='line_1_23' title="bbox 264 1789 959 1849; baseline -0.001 -15"><span class='ocrx_word' id='word_1_176' title='bbox 264 1790 477 1834; x_wconf 87' lang='lat' dir='ltr'>suefactos</span> <span class='ocrx_word' id='word_1_177' title='bbox 496 1805 575 1849; x_wconf 88' lang='lat' dir='ltr'>pro</span> <span class='ocrx_word' id='word_1_178' title='bbox 597 1805 641 1833; x_wconf 90' lang='lat' dir='ltr'>se</span> <span class='ocrx_word' id='word_1_179' title='bbox 658 1789 745 1848; x_wconf 89' lang='lat' dir='ltr'>pati</span> <span class='ocrx_word' id='word_1_180' title='bbox 758 1790 959 1849; x_wconf 83' lang='lat' dir='ltr'>jubebat.</span> 
     </span>
    </p>

    <p class='ocr_par' dir='ltr' id='par_1_3' title="bbox 258 1861 1654 2557">
     <span class='ocr_line' id='line_1_24' title="bbox 321 1861 1654 1921; baseline 0.001 -15"><span class='ocrx_word' id='word_1_181' title='bbox 321 1865 483 1906; x_wconf 86' lang='lat' dir='ltr'><strong>XLIII.</strong></span> <span class='ocrx_word' id='word_1_182' title='bbox 520 1864 584 1905; x_wconf 79' lang='lat' dir='ltr'>Ex</span> <span class='ocrx_word' id='word_1_183' title='bbox 599 1861 700 1920; x_wconf 86' lang='lat' dir='ltr'>ipsis</span> <span class='ocrx_word' id='word_1_184' title='bbox 722 1871 970 1906; x_wconf 89' lang='lat' dir='ltr'>sanctorum</span> <span class='ocrx_word' id='word_1_185' title='bbox 994 1862 1342 1921; x_wconf 82' lang='lat' dir='ltr'>persecutoribus</span> <span class='ocrx_word' id='word_1_186' title='bbox 1365 1862 1508 1907; x_wconf 90' lang='lat' dir='ltr'>fuerat</span> <span class='ocrx_word' id='word_1_187' title='bbox 1527 1864 1654 1907; x_wconf 85' lang='lat' dir='ltr'>etiam</span> 
     </span>
     <span class='ocr_line' id='line_1_25' title="bbox 263 1931 1653 1992; baseline 0.002 -17"><span class='ocrx_word' id='word_1_188' title='bbox 263 1931 482 1992; x_wconf 84' lang='lat' dir='ltr'>apostolus</span> <span class='ocrx_word' id='word_1_189' title='bbox 503 1931 679 1985; x_wconf 88' lang='lat' dir='ltr'>Paulus,</span> <span class='ocrx_word' id='word_1_190' title='bbox 699 1941 739 1975; x_wconf 92' lang='lat' dir='ltr'>et</span> <span class='ocrx_word' id='word_1_191' title='bbox 761 1931 806 1975; x_wconf 76' lang='lat' dir='ltr'>in</span> <span class='ocrx_word' id='word_1_192' title='bbox 829 1932 1094 1976; x_wconf 83' lang='lat' dir='ltr'>Christianos</span> <span class='ocrx_word' id='word_1_193' title='bbox 1112 1933 1296 1976; x_wconf 81' lang='lat' dir='ltr'>maxime</span> <span class='ocrx_word' id='word_1_194' title='bbox 1313 1932 1518 1977; x_wconf 73' lang='lat' dir='ltr'>saeviebat</span> <span class='ocrx_word' id='word_1_195' title='bbox 1538 1953 1546 1977; x_wconf 91' lang='lat'>:</span> <span class='ocrx_word' id='word_1_196' title='bbox 1577 1932 1653 1978; x_wconf 91' lang='lat' dir='ltr'>sed</span> 
     </span>
     <span class='ocr_line' id='line_1_26' title="bbox 261 2001 1648 2062; baseline 0 -16"><span class='ocrx_word' id='word_1_197' title='bbox 261 2012 409 2062; x_wconf 90' lang='lat' dir='ltr'>postea</span> <span class='ocrx_word' id='word_1_198' title='bbox 431 2003 611 2047; x_wconf 89' lang='lat' dir='ltr'>credens</span> <span class='ocrx_word' id='word_1_199' title='bbox 629 2001 913 2061; x_wconf 87' lang='lat' dir='ltr'>etApostolus</span> <span class='ocrx_word' id='word_1_200' title='bbox 936 2001 1092 2057; x_wconf 87' lang='lat' dir='ltr'>factus,</span> <span class='ocrx_word' id='word_1_201' title='bbox 1120 2002 1272 2046; x_wconf 88' lang='lat' dir='ltr'>missus</span> <span class='ocrx_word' id='word_1_202' title='bbox 1295 2012 1357 2046; x_wconf 89' lang='lat' dir='ltr'>est</span> <span class='ocrx_word' id='word_1_203' title='bbox 1381 2012 1430 2047; x_wconf 89' lang='lat' dir='ltr'>ut</span> <span class='ocrx_word' id='word_1_204' title='bbox 1450 2004 1648 2061; x_wconf 85' lang='lat' dir='ltr'>gentibus</span> 
     </span>
     <span class='ocr_line' id='line_1_27' title="bbox 261 2072 1653 2132; baseline -0.001 -15"><span class='ocrx_word' id='word_1_205' title='bbox 261 2072 547 2132; x_wconf 81' lang='lat' dir='ltr'>Evangelium</span> <span class='ocrx_word' id='word_1_206' title='bbox 579 2073 848 2132; x_wconf 86' lang='lat' dir='ltr'>praedicaret,</span> <span class='ocrx_word' id='word_1_207' title='bbox 887 2074 1080 2130; x_wconf 86' lang='lat' dir='ltr'>graviora</span> <span class='ocrx_word' id='word_1_208' title='bbox 1114 2088 1339 2132; x_wconf 88' lang='lat' dir='ltr'>perpessus</span> <span class='ocrx_word' id='word_1_209' title='bbox 1368 2089 1448 2132; x_wconf 89' lang='lat' dir='ltr'>pro</span> <span class='ocrx_word' id='word_1_210' title='bbox 1475 2074 1653 2117; x_wconf 87' lang='lat' dir='ltr'>nominc</span> 
     </span>
     <span class='ocr_line' id='line_1_28' title="bbox 261 2142 1653 2204; baseline -0.001 -15"><span class='ocrx_word' id='word_1_211' title='bbox 261 2144 437 2200; x_wconf 82' lang='lat' dir='ltr'>Christi,</span> <span class='ocrx_word' id='word_1_212' title='bbox 462 2160 595 2204; x_wconf 86' lang='lat' dir='ltr'>quam</span> <span class='ocrx_word' id='word_1_213' title='bbox 618 2143 778 2188; x_wconf 88' lang='lat' dir='ltr'>fecerat</span> <span class='ocrx_word' id='word_1_214' title='bbox 796 2153 946 2188; x_wconf 91' lang='lat' dir='ltr'>contra</span> <span class='ocrx_word' id='word_1_215' title='bbox 969 2159 1131 2188; x_wconf 91' lang='lat' dir='ltr'>nomen</span> <span class='ocrx_word' id='word_1_216' title='bbox 1148 2144 1322 2188; x_wconf 86' lang='lat' dir='ltr'>Christi.</span> <span class='ocrx_word' id='word_1_217' title='bbox 1346 2142 1558 2187; x_wconf 89' lang='lat' dir='ltr'>Ecclesias</span> <span class='ocrx_word' id='word_1_218' title='bbox 1575 2160 1653 2188; x_wconf 86' lang='lat' dir='ltr'>au-</span> 
     </span>
     <span class='ocr_line' id='line_1_29' title="bbox 259 2213 1651 2274; baseline -0.001 -14"><span class='ocrx_word' id='word_1_219' title='bbox 259 2225 348 2260; x_wconf 93' lang='lat' dir='ltr'>tem</span> <span class='ocrx_word' id='word_1_220' title='bbox 371 2216 636 2260; x_wconf 85' lang='lat' dir='ltr'>constituens</span> <span class='ocrx_word' id='word_1_221' title='bbox 658 2230 735 2274; x_wconf 92' lang='lat' dir='ltr'>per</span> <span class='ocrx_word' id='word_1_222' title='bbox 757 2230 905 2259; x_wconf 92' lang='lat' dir='ltr'>omnes</span> <span class='ocrx_word' id='word_1_223' title='bbox 930 2224 1078 2273; x_wconf 80' lang='lat' dir='ltr'>gentes</span> <span class='ocrx_word' id='word_1_224' title='bbox 1101 2230 1185 2273; x_wconf 86' lang='lat' dir='ltr'>qua</span> <span class='ocrx_word' id='word_1_225' title='bbox 1209 2213 1493 2271; x_wconf 85' lang='lat' dir='ltr'>Evangelium</span> <span class='ocrx_word' id='word_1_226' title='bbox 1520 2215 1651 2258; x_wconf 87' lang='lat' dir='ltr'>semi-</span> 
     </span>
     <span class='ocr_line' id='line_1_30' title="bbox 260 2284 1650 2345; baseline -0.001 -15"><span class='ocrx_word' id='word_1_227' title='bbox 260 2286 409 2341; x_wconf 85' lang='lat' dir='ltr'>nabat,</span> <span class='ocrx_word' id='word_1_228' title='bbox 435 2287 629 2345; x_wconf 86' lang='lat' dir='ltr'>impensc</span> <span class='ocrx_word' id='word_1_229' title='bbox 649 2286 944 2345; x_wconf 81' lang='lat' dir='ltr'>praecipiebat,</span> <span class='ocrx_word' id='word_1_230' title='bbox 967 2295 1014 2329; x_wconf 92' lang='lat' dir='ltr'>ut</span> <span class='ocrx_word' id='word_1_231' title='bbox 1038 2285 1242 2345; x_wconf 85' lang='lat' dir='ltr'>quoniam</span> <span class='ocrx_word' id='word_1_232' title='bbox 1260 2285 1338 2344; x_wconf 87' lang='lat' dir='ltr'>ipsi</span> <span class='ocrx_word' id='word_1_233' title='bbox 1357 2300 1407 2327; x_wconf 81' lang='lat' dir='ltr'>ex</span> <span class='ocrx_word' id='word_1_234' title='bbox 1429 2284 1650 2329; x_wconf 90' lang='lat' dir='ltr'>idolorum</span> 
     </span>
     <span class='ocr_line' id='line_1_31' title="bbox 260 2355 1650 2411; baseline 0.001 -11"><span class='ocrx_word' id='word_1_235' title='bbox 260 2357 382 2401; x_wconf 89' lang='lat' dir='ltr'>cultu</span> <span class='ocrx_word' id='word_1_236' title='bbox 410 2358 646 2404; x_wconf 80' lang='lat' dir='ltr'>venientes.</span> <span class='ocrx_word' id='word_1_237' title='bbox 667 2358 781 2402; x_wconf 86' lang='lat' dir='ltr'>etad</span> <span class='ocrx_word' id='word_1_238' title='bbox 799 2373 937 2400; x_wconf 89' lang='lat' dir='ltr'>unum</span> <span class='ocrx_word' id='word_1_239' title='bbox 961 2360 1097 2400; x_wconf 86' lang='lat' dir='ltr'>Deum</span> <span class='ocrx_word' id='word_1_240' title='bbox 1123 2356 1356 2400; x_wconf 89' lang='lat' dir='ltr'>colendum</span> <span class='ocrx_word' id='word_1_241' title='bbox 1380 2355 1525 2411; x_wconf 89' lang='lat' dir='ltr'>rudes,</span> <span class='ocrx_word' id='word_1_242' title='bbox 1561 2372 1650 2401; x_wconf 90' lang='lat' dir='ltr'>non</span> 
     </span>
     <span class='ocr_line' id='line_1_32' title="bbox 260 2424 1648 2486; baseline 0 -17"><span class='ocrx_word' id='word_1_243' title='bbox 260 2424 384 2470; x_wconf 88' lang='lat' dir='ltr'>facile</span> <span class='ocrx_word' id='word_1_244' title='bbox 417 2436 620 2486; x_wconf 87' lang='lat' dir='ltr'>poterant</span> <span class='ocrx_word' id='word_1_245' title='bbox 652 2427 781 2471; x_wconf 86' lang='lat' dir='ltr'>rebus</span> <span class='ocrx_word' id='word_1_246' title='bbox 816 2427 900 2471; x_wconf 90' lang='lat' dir='ltr'>suis</span> <span class='ocrx_word' id='word_1_247' title='bbox 929 2425 1116 2471; x_wconf 82' lang='lat' dir='ltr'>venditis</span> <span class='ocrx_word' id='word_1_248' title='bbox 1148 2435 1190 2469; x_wconf 92' lang='lat' dir='ltr'>et</span> <span class='ocrx_word' id='word_1_249' title='bbox 1222 2424 1460 2469; x_wconf 83' lang='lat' dir='ltr'>distributis</span> <span class='ocrx_word' id='word_1_250' title='bbox 1490 2427 1648 2470; x_wconf 88' lang='lat' dir='ltr'>servire</span> 
     </span>
     <span class='ocr_line' id='line_1_33' title="bbox 258 2496 1645 2557; baseline 0.001 -18"><span class='ocrx_word' id='word_1_251' title='bbox 258 2500 363 2549; x_wconf 87' lang='lat' dir='ltr'>Deo,</span> <span class='ocrx_word' id='word_1_252' title='bbox 388 2496 627 2541; x_wconf 82' lang='lat' dir='ltr'>oblationes</span> <span class='ocrx_word' id='word_1_253' title='bbox 652 2497 841 2542; x_wconf 80' lang='lat' dir='ltr'>facerent</span> <span class='ocrx_word' id='word_1_254' title='bbox 859 2499 901 2541; x_wconf 90' lang='lat' dir='ltr'>in</span> <span class='ocrx_word' id='word_1_255' title='bbox 920 2513 1128 2557; x_wconf 87' lang='lat' dir='ltr'>pauperes</span> <span class='ocrx_word' id='word_1_256' title='bbox 1150 2506 1397 2541; x_wconf 85' lang='lat' dir='ltr'>sanctorum</span> <span class='ocrx_word' id='word_1_257' title='bbox 1423 2497 1499 2556; x_wconf 80' lang='lat' dir='ltr'>qui</span> <span class='ocrx_word' id='word_1_258' title='bbox 1522 2506 1645 2541; x_wconf 85' lang='lat' dir='ltr'>crant</span> 
     </span>
    </p>
   </div>
   <div class='ocr_carea' id='block_1_3' title="bbox 308 2580 699 2621">
    <p class='ocr_par' dir='ltr' id='par_1_4' title="bbox 308 2580 699 2621">
     <span class='ocr_line' id='line_1_34' title="bbox 308 2580 699 2621; baseline -0.003 -10"><span class='ocrx_word' id='word_1_259' title='bbox 308 2586 315 2601; x_wconf 92' lang='lat'>¹</span> <span class='ocrx_word' id='word_1_260' title='bbox 338 2582 409 2611; x_wconf 72' lang='lat' dir='ltr'>Act.</span> <span class='ocrx_word' id='word_1_261' title='bbox 434 2580 699 2621; x_wconf 59' lang='lat' dir='ltr'>11,.&#39;4l;et1v,34</span> 
     </span>
    </p>
   </div>
   <div class='ocr_carea' id='block_1_4' title="bbox 1812 921 1847 3162">
    <p class='ocr_par' dir='ltr' id='par_1_5' title="bbox 1812 921 1847 3162">
     <span class='ocr_line' id='line_1_35' title="bbox 1812 921 1847 3162; baseline 0 0"><span class='ocrx_word' id='word_1_262' title='bbox 1812 921 1847 3162; x_wconf 95' lang='lat' dir='ltr'> </span> 
     </span>
    </p>
   </div>
  </div>
 </body>
</html>
