1871 3162
244 241 327 280 338
672 247 706 278 s.
741 247 972 278 AUGUSTINI
1006 249 1188 277 EPlscoPI

239 325 328 362 tem
342 318 432 362 Deo
447 330 551 362 vero
572 324 615 361 et
635 330 736 361 vere
756 324 936 370 aeterno,
965 324 1015 360 ut
1028 314 1229 375 quamvis
1243 313 1283 358 ei
1300 323 1516 359 coaeterna
1536 330 1626 359 non

237 388 306 443 sit,
332 388 378 432 in
401 387 568 432 nullam
593 396 738 431 tamen
761 395 1010 445 temporum
1027 384 1282 429 varietatem
1301 393 1344 429 et
1365 384 1626 429 vicissitudi-

232 473 335 503 nem
356 459 410 503 ab
431 458 506 503 illo
523 473 566 502 se
584 456 770 501 resolvat
786 472 835 501 ac
858 455 1024 499 defluat
1040 476 1051 513 ς
1082 454 1159 499 sed
1178 456 1224 499 in
1239 456 1329 515 ejus
1348 455 1480 501 solius
1497 470 1627 500 vera·

194 519 195 524 ¹
236 529 401 574 cissima
421 527 786 587 contemplatione
809 525 1079 586 requiescat?
1097 526 1313 579 Quoniam
1333 535 1382 570 tu
1393 529 1507 570 Deus
1528 525 1625 570 dili-

234 600 353 659 genti
381 610 423 644 te
448 607 663 659 quantum
685 596 883 656 praecipis
898 630 909 651 ‚
941 594 1134 640 ostendis
1157 595 1196 639 ei
1214 605 1256 639 te
1271 630 1282 651 ‚
1309 605 1353 640 et
1375 595 1538 640 sufficis
1560 597 1621 651 ei,

228 678 271 715 et
296 670 394 714 ideo
415 684 505 713 non
526 668 719 713 declinat
741 684 765 712 a
789 676 831 711 te
862 681 942 710 nec
972 666 1028 711 ad
1059 681 1118 710 se.
1151 667 1256 710 Haec
1279 675 1342 710 est
1369 667 1526 711 domus
1542 667 1622 710 Dei

229 755 320 785 non
340 750 509 784 terrena
523 772 535 793 ‚
555 753 700 797 neque
720 736 810 781 ulla
826 736 994 781 coelesti
1015 735 1130 781 mole
1152 751 1381 795 corporea,
1405 736 1480 781 sed
1497 737 1623 796 spiri·

226 809 322 854 talis
355 818 399 853 et
430 807 645 867 particeps
673 806 929 851 aeternitatis
946 815 1050 861 tuae,
1071 807 1173 865 quia
1192 807 1284 851 sine
1301 806 1400 850 labe
1425 806 1471 850 in
1495 816 1622 851 aeter-

224 895 348 924 num.
371 878 565 924 Statuisti
583 877 700 921 enim
718 891 813 921 eam
830 876 877 919 in
891 875 1100 921 saeculum
1122 876 1223 920 etin
1240 876 1450 921 saeculum
1474 876 1621 920 saeculi

224 958 493 1011 praeceptum
513 948 694 1008 posuisti
710 956 754 992 et
765 962 854 991 non
868 946 1111 1006 praeteribit
1126 948 1154 990 ¹.
1176 949 1265 993 Nec
1279 956 1426 991 tamen
1438 947 1519 992 tibi
1532 951 1621 992 Deo

222 1031 439 1067 coaeterna
454 1054 465 1074 ‚
490 1018 702 1079 quoniam
720 1032 810 1061 non
830 1016 922 1060 sine
943 1015 1068 1060 initio
1087 1036 1098 1073 3
1122 1016 1237 1061 facta
1255 1027 1320 1061 est
1338 1018 1469 1061 enim.

283 1093 382 1136 XX.
405 1092 513 1136 Nam
531 1098 572 1133 et
584 1088 618 1132 si
636 1103 725 1131 non
736 1086 982 1130 invenimus
999 1094 1170 1145 tempus
1182 1096 1281 1131 ante
1294 1086 1414 1131 illam
1433 1106 1442 1131 ε
1465 1088 1622 1132 «Prior

226 1182 246 1206 »
280 1163 443 1223 quippe
463 1159 662 1205 omnium
681 1166 824 1202 creata
846 1166 910 1201 est
929 1157 1141 1216 sapientia
1157 1159 1173 1182 ²
1188 1159 1223 1211 Ρ,
1247 1176 1267 1198 »
1286 1174 1368 1202 nec
1385 1157 1622 1218 utiqueilla

228 1232 447 1293 Sapientia
469 1230 564 1284 tibi,
599 1231 714 1273 Deus
737 1236 898 1282 noster,
931 1227 1049 1271 Patri
1071 1242 1150 1272 suo
1179 1227 1308 1286 plane
1325 1238 1555 1282 coaeterna,
1578 1238 1622 1273 et

221 1304 402 1365 aqualis,
429 1312 471 1346 et
489 1316 564 1361 per
585 1315 719 1360 quam
741 1307 887 1343 creata
900 1307 1003 1342 sunt
1027 1300 1173 1342 omnia
1188 1334 1199 1353 ,
1227 1308 1271 1342 et
1291 1299 1338 1342 in
1371 1316 1460 1359 quo
1485 1301 1611 1343 Prin-

190 1389 193 1406 ³
221 1375 334 1434 cipio
357 1372 494 1418 fecisti
516 1369 680 1416 coelum
699 1378 742 1413 et
763 1377 948 1426 terram3
973 1368 1049 1412 sed
1071 1367 1267 1427 profecto
1289 1370 1501 1427 sapientia
1519 1386 1618 1429 quae

192 1439 195 1482 ἷ
221 1455 363 1491 creata
384 1453 477 1502 est3
501 1439 811 1487 intellectualis
833 1448 990 1483 natura
1009 1438 1190 1494 scilicet,
1215 1455 1315 1499 quae
1342 1440 1614 1500 contempla-

219 1517 337 1561 tione
357 1513 534 1559 luminis
560 1512 711 1555 lumen
732 1518 822 1566 est3
842 1509 1002 1553 dicitur
1037 1510 1153 1553 enim
1187 1519 1230 1554 et
1265 1510 1357 1568 ipsa
1371 1545 1381 1564 ‚
1420 1511 1618 1570 quamvis

219 1595 378 1640 creata,
404 1581 631 1642 sapientia.
657 1579 744 1625 Sed
762 1587 981 1639 quantum
997 1578 1177 1622 interest
1199 1580 1314 1623 inter
1331 1578 1481 1623 lumen
1497 1579 1618 1639 quod

218 1656 441 1701 illuminat
474 1662 519 1697 et
549 1649 671 1712 quod
707 1649 1006 1703 illuminatur,
1035 1657 1206 1693 tantum
1224 1650 1338 1693 inter
1361 1650 1615 1709 sapientiam

221 1744 322 1788 quae
343 1734 460 1770 creat
488 1733 530 1767 et
563 1723 690 1765 istam
711 1736 812 1780 quae
833 1728 976 1764 creata
994 1728 1082 1776 est3
1123 1720 1235 1764 sicut
1263 1721 1376 1765 inter
1405 1721 1615 1780 justitiam

215 1798 548 1859 justificantem,
591 1800 634 1835 et
668 1790 882 1851 justitiam
919 1805 1020 1849 quae
1044 1790 1353 1849 justificatione
1386 1790 1500 1835 facta
1535 1801 1610 1836 est.

221 1871 332 1915 Nam
354 1876 397 1910 et
418 1879 496 1909 nos
517 1861 623 1906 dicti
644 1875 792 1918 sumus
808 1859 974 1919 justitia
998 1868 1088 1904 tua.
1113 1860 1185 1903 Ait
1199 1861 1315 1904 enim
1329 1861 1506 1919 quidam
1525 1877 1615 1905 ser-

222 1954 302 1985 vus
333 1946 434 1982 tuus
469 1954 478 1979 2
507 1953 527 1975 «
556 1934 610 1976 Ut
643 1946 720 1974 nos
751 1930 882 1973 simus
907 1929 1076 1988 justitia
1108 1929 1184 1973 Dei
1210 1929 1256 1973 in
1277 1929 1416 1989 ipsoss.
1449 1949 1467 1971 »
1496 1934 1610 1988 Ergo

222 2010 324 2071 quia
337 2008 454 2068 prior
475 2003 671 2049 omnium
683 2009 824 2045 creata
843 2009 906 2043 est
921 1998 1123 2059 quaedam
1139 2000 1346 2059 sapientia
1359 2017 1457 2060 quae
1473 2011 1614 2046 creata

224 2090 303 2136 est,
328 2092 449 2122 mens
471 2071 689 2119 rationalis
712 2079 756 2114 et
785 2067 1096 2113 intellectualis
1129 2078 1256 2113 castae
1286 2070 1470 2115 civitatis
1504 2080 1611 2126 tuae,

224 2151 371 2197 matris
393 2156 552 2192 nostrae
575 2158 674 2203 quae
696 2155 865 2185 sursum
890 2149 978 2193 est,
1000 2149 1041 2183 et
1056 2139 1193 2183 libera
1225 2149 1287 2184 est
1303 2141 1336 2196 ⁴,
1380 2150 1422 2185 et
1451 2151 1612 2186 aeterua

225 2226 270 2269 in
293 2219 428 2274 coelis,
449 2214 634 2276 (quibus
655 2211 776 2256 coelis
799 2210 880 2254 nisi
901 2210 976 2269 qui
993 2218 1034 2253 te
1052 2209 1235 2278 laudant
1249 2210 1348 2255 coeli
1378 2211 1610 2269 coelorum3

225 2292 423 2354 quiahoc
436 2295 498 2331 est
520 2294 562 2329 et
583 2282 744 2329 eoelum
762 2279 864 2325 coeli
884 2279 1110 2334 Domino⁵‚
1128 2283 1143 2337 )
1161 2289 1203 2324 et
1215 2280 1249 2324 si
1262 2296 1350 2324 non
1368 2281 1612 2326 invenimus

230 2375 398 2422 tenipus
421 2367 519 2403 ante
534 2356 651 2400 illam
668 2389 680 2408 ,
704 2352 804 2412 quia
825 2360 867 2395 et
885 2360 1128 2395 creaturam
1151 2351 1358 2410 temporis
1376 2353 1607 2407 antecedit,

228 2450 327 2494 quae
351 2431 466 2490 prior
480 2426 675 2471 omnium
694 2431 834 2467 creata
850 2432 914 2465 est
942 2441 950 2465 2
977 2431 1075 2465 ante
1101 2419 1213 2464 illam
1236 2429 1378 2465 tamen
1396 2431 1457 2465 cst
1478 2422 1611 2481 ipsius

278 2538 284 2553 1
304 2529 383 2561 Psal.
408 2537 537 2566 cxnvnr,
557 2525 590 2555 o.
612 2540 651 2545 -—
672 2529 684 2544 ²
703 2521 799 2554 Eccli.
824 2532 849 2560 1,
875 2518 903 2560 4.
923 2536 959 2541 —-
985 2526 996 2541 ²
1023 2528 1041 2551 2
1063 2521 1133 2551 Gor.
1162 2530 1192 2561 v,
1215 2528 1268 2552 21.
1288 2536 1326 2542 -
1347 2518 1476 2553 3Galut.
1493 2522 1608 2560 1152&-

230 2603 268 2611 --φ
295 2584 308 2609 5
328 2583 410 2616 Psal.
427 2591 554 2621 emmiu,
575 2578 607 2620 4.
