1871 3162
272 294 353 333 122
704 303 738 334 s.
774 305 1003 335 Auensnm
1033 306 1214 334 zmscom

268 369 479 429 pirabam,
499 378 542 414 et
556 369 762 415 audiebas
778 385 871 428 me,
892 369 1176 424 fluctuabam,
1196 377 1240 412 et
1256 368 1528 427 gubernabas
1544 384 1615 413 me
1629 389 1642 426 3

266 439 383 483 ibam
398 455 475 499 per
491 440 604 484 viam
621 438 767 484 saeculi
784 439 932 495 latam,
953 455 1033 484 nec
1055 439 1297 484 deserebas.

267 620 335 636 ΜΜ
339 620 547 636 mmm
551 618 1536 636 mmmmmwuwummmwmmmwu
1540 618 1643 633 ΜΜΜ

805 739 1020 788 CAPUT
1058 741 1144 786 Vl.

265 913 342 958 De
364 916 555 960 miseria
578 914 939 961 ambitiosorum
959 914 1171 961 adducto
1195 914 1415 975 exemplo
1440 912 1648 960 mendici

842 985 1065 1031 laetantis.

324 1143 400 1185 IX.
435 1144 654 1185 INHIABAM
676 1141 930 1196 honoribus,
950 1141 1097 1196 lucris,
1113 1142 1340 1200 conjugi03
1364 1150 1407 1185 et
1424 1150 1474 1185 tu
1490 1140 1645 1185 irride-

264 1211 354 1254 bas.
376 1211 572 1254 Patiebar
588 1211 633 1253 in
647 1211 705 1254 eis
721 1210 1031 1268 cupiditatibus
1049 1211 1332 1254 amarissimas
1349 1210 1642 1265 difficultates,

264 1290 306 1325 te
326 1281 512 1339 propitio
533 1289 655 1324 tanto
680 1280 830 1339 magis,
865 1289 1030 1339 quanto
1052 1280 1194 1324 minus
1220 1280 1390 1324 sinebas
1411 1281 1518 1323 mihi
1542 1279 1644 1324 dul-

263 1366 428 1394 cescere
449 1350 570 1410 quod
591 1366 681 1395 non
698 1365 789 1394 eras
811 1359 875 1394 tu.
900 1349 1011 1394 Vide
1035 1365 1109 1394 cor
1137 1365 1300 1404 meum,
1334 1351 1534 1405 Domine,
1568 1351 1644 1410 qui

262 1421 435 1466 voluisti
458 1431 505 1465 ut
526 1423 609 1466 hoc
632 1420 878 1466 recordarer
899 1430 942 1465 et
964 1421 1193 1465 confiterer
1214 1421 1307 1464 tibi.
1333 1423 1458 1466 Nunc
1476 1422 1556 1466 tibi
1577 1422 1645 1465 in-

262 1492 425 1535 haereat
461 1492 604 1535 anima
641 1506 750 1546 mea,
788 1506 917 1550 quam
953 1490 1007 1535 de
1038 1491 1153 1534 visco
1187 1500 1274 1534 tam
1308 1491 1450 1535 tenaci
1492 1492 1643 1536 mortis

263 1561 428 1605 exuisti.
455 1563 595 1614 Quam
617 1561 770 1605 misera
792 1561 907 1605 erat!
933 1570 976 1604 et
1003 1575 1175 1604 sensum
1198 1561 1389 1604 vulneris
1410 1570 1458 1605 tu
1480 1576 1644 1620 punge-

263 1631 355 1685 bas,
383 1640 432 1675 ut
452 1631 610 1675 relictis
631 1631 833 1675 omnibus
862 1640 1186 1675 converteretur
1215 1632 1269 1674 ad
1291 1641 1333 1674 te
1354 1632 1431 1690 qui
1450 1646 1493 1675 es
1515 1646 1645 1690 super

264 1702 424 1756 omnia,
459 1711 502 1745 et
524 1702 616 1745 sine
636 1717 725 1762 quo
746 1701 867 1745 nulla
889 1710 1030 1746 essent
1051 1701 1220 1758 omnia,
1255 1710 1581 1745 converteretur
1603 1711 1646 1746 et

264 1780 501 1815 sanaretur.
527 1774 666 1824 Quam
697 1786 799 1830 ergo
822 1771 950 1814 miser
970 1771 1111 1814 eram!
1144 1779 1187 1814 et
1207 1770 1429 1830 quomodo
1452 1771 1575 1829 egisti
1596 1781 1646 1815 ut

264 1842 464 1886 sentirem
489 1842 703 1886 miseriam
723 1857 863 1885 meam
885 1841 955 1885 die
978 1840 1053 1885 illo
1074 1856 1164 1899 quo
1193 1856 1293 1884 cum
1317 1856 1514 1900 pararem
1536 1841 1647 1886 reci-

263 1920 354 1955 tare
369 1911 618 1970 imperatori
635 1910 783 1954 laudes
796 1913 874 1968 (4),
893 1910 1053 1970 quibus
1074 1910 1198 1969 plura
1220 1911 1442 1965 mentirer,
1461 1919 1504 1954 et
1518 1926 1645 1954 men-

264 1983 388 2025 tienti
410 1980 628 2026 faveretur
651 1982 705 2024 ab
727 1981 979 2035 scientibus,
1004 1995 1162 2040 easque
1182 1995 1306 2023 curas
1329 1980 1550 2024 anhelaret
1572 1996 1646 2025 cor

265 2068 428 2107 meum,
463 2062 506 2096 et
540 2052 852 2110 cogitationum
890 2052 1161 2095 tabificarum
1195 2049 1389 2094 febribus
1423 2060 1641 2106 aestuaret,

265 2125 475 2167 transiens
484 2139 559 2182 per
571 2123 803 2183 quemdam
814 2124 958 2166 vicum
969 2121 1350 2175 Mediolanensem,
1363 2122 1644 2166 animadverti

265 2208 498 2252 pauperem
515 2192 781 2245 mendicum,
794 2193 882 2251 jam
901 2190 1030 2235 credo
1049 2199 1260 2245 saturum,
1275 2192 1495 2250 jocantem
1515 2201 1645 2251 atque

267 2262 486 2306 laetantem
507 2281 516 2306 ε
542 2271 585 2305 et
604 2262 812 2319 ingemui,
854 2271 896 2304 et
932 2261 1104 2304 locutus
1138 2275 1233 2303 sum
1266 2275 1364 2304 cum
1397 2261 1541 2304 amicis
1570 2262 1645 2320 qui

266 2348 438 2377 mecum
455 2341 593 2386 erant,
614 2331 772 2376 multos
789 2331 958 2375 dolores
972 2324 1232 2374 insaniarum
1247 2339 1491 2374 nostrarum
1510 2350 1519 2376 :
1542 2332 1642 2391 quia

268 2404 469 2447 omnibus
499 2403 655 2447 talibus
680 2403 908 2448 conatibus
931 2403 1101 2457 nostris,
1119 2402 1319 2462 qualibus
1332 2411 1446 2447 -tunc
1467 2402 1641 2448 labora-

268 2472 386 2525 bam,
423 2474 504 2516 sub
537 2473 718 2517 stimulis
746 2472 1034 2531 cupiditatum
1057 2473 1229 2516 trahens
1250 2471 1513 2517 infelicitatis
1537 2488 1642 2516 meae

270 2543 493 2597 sarcinam,
506 2552 548 2587 et
561 2542 772 2587 trahendo
789 2557 1062 2601 exaggerans,
1078 2542 1184 2586 nihil
1205 2541 1413 2586 vellemus
1429 2542 1545 2586 aliud
1563 2543 1641 2586 nisi

1815 3127 1820 3130 .
1810 1000 1816 2724 ——··A⁴——-————-——-—-—-——-——————‘ffl²——
1811 523 1822 981 -‘⁴——-—-=———·—

1831 902 1839 1024 *κα-,-
