1871 3162
269 240 352 276 212
708 249 740 277 s.
777 250 1007 278 Anons'rmi
1041 250 1221 277 EPISCOPI

267 314 518 373 priusquam
558 314 605 357 in
631 313 909 373 lagunculam
931 312 1136 359 funderet
1166 328 1334 359 merum
1352 347 1363 368 ‚
1393 313 1655 372 primoribus

263 382 396 427 labris
415 383 619 428 sorbebat
636 384 839 441 exiguum
855 418 866 438 ‚
887 383 990 443 quia
1004 399 1094 428 non
1114 393 1285 443 poterat
1306 382 1509 441 amplius,
1527 398 1655 426 sensu

266 463 506 497 recusante.
525 455 622 498 Non
636 454 750 496 enim
765 452 855 497 ulla
871 452 1111 497 temulenta
1129 453 1333 512 cupidine
1350 451 1536 496 faciebat
1552 453 1652 507 hoc,

264 524 336 568 sed
360 523 623 583 quibusdam
646 524 1015 583 superfluentibus
1038 524 1176 568 aetatis
1193 524 1436 567 excessibus
1452 559 1463 578 ,
1489 524 1564 582 qui
1582 523 1656 566 lu-

263 593 392 637 dicris
409 594 600 638 motibus
618 592 838 637 ebulliunt
855 629 866 649 ,
888 603 931 638 et
946 595 991 637 in
1007 593 1248 652 puerilibus
1271 593 1423 636 animis
1442 596 1657 652 majorum

262 663 455 723 pondere
467 664 606 722 premi
620 663 776 708 solent.
796 667 949 724 Itaque
964 663 1018 708 ad
1035 662 1147 707 illud
1162 662 1384 707 modicum
1402 662 1657 722 quotidiana

263 733 434 778 modica
457 733 657 778 addendo
673 769 684 789 ‚
709 735 918 794 quoniam
940 735 1015 794 qui
1033 733 1204 778 modica
1233 734 1420 793 spernit,
1446 733 1657 793 paulatim

265 803 428 848 decidit
444 806 457 830 1
471 839 483 858 ,
503 804 549 848 in
571 820 667 848 eam
687 806 1049 850 consuetudinem
1072 805 1189 865 lapsa
1212 814 1320 860 erat,
1343 815 1392 849 ut
1413 820 1550 864 prope
1567 806 1658 864 jam

264 873 418 933 plenos
440 889 560 918 mero
580 874 783 919 caliculos
817 875 1036 919 inhianter
1057 876 1264 920 hauriret.
1292 875 1377 919 Ubi
1398 885 1505 919 tunc
1531 890 1659 933 sagax

264 961 372 990 anus
389 981 400 1001 ‚
425 956 469 990 et
490 947 724 991 vehemens
745 946 819 991 illa
849 947 1120 1006 prohibitio?
1138 946 1366 1007 Numquid
1383 947 1556 991 valebat
1578 946 1659 990 ali-

262 1016 371 1077 quid
393 1017 599 1062 adversus
615 1017 825 1062 latentem
847 1018 1052 1062 morbum
1073 1053 1085 1073 ,
1106 1018 1187 1061 nisi
1210 1026 1286 1061 tua
1310 1018 1526 1062 medicina
1543 1052 1554 1072 ,
1574 1020 1660 1061 Do-

263 1089 383 1132 mine
399 1124 410 1144 ,
434 1089 634 1148 vigilaret
651 1105 782 1149 super
800 1105 877 1134 nos
894 1092 912 1133 Ξ)
935 1091 1126 1134 Absente
1145 1100 1269 1149 patre
1292 1100 1335 1134 et
1354 1099 1491 1135 matre
1513 1101 1556 1134 et
1579 1106 1661 1134 nu-

267 1159 492 1203 tritoribus
511 1169 559 1203 tu
581 1175 768 1219 praesens
786 1160 861 1219 qui
884 1160 1052 1214 creasti,
1069 1161 1145 1219 qui
1162 1176 1289 1205 vocas
1306 1182 1316 1218 3
1336 1162 1412 1221 qui
1434 1161 1563 1205 etiam
1585 1176 1661 1219 per

266 1230 520 1289 praepositos
543 1231 742 1274 homines
762 1230 867 1274 boni
897 1230 1061 1290 aliquid
1084 1231 1170 1288 agis
1193 1230 1246 1275 ad
1276 1231 1519 1276 animarum
1541 1230 1660 1275 salu—

268 1310 357 1346 tem
374 1337 385 1357 ‚
411 1301 520 1362 quid
553 1311 659 1346 tunc
688 1302 826 1360 egisti,
850 1305 980 1357 Deus7
1001 1304 1155 1346 meus?
1179 1302 1296 1346 unde
1317 1303 1512 1347 curasti?
1543 1302 1662 1346 unde

266 1373 452 1415 sanasti?
467 1375 621 1417 Nonne
638 1372 856 1431 protulisti
875 1372 1035 1416 durum
1053 1382 1096 1416 ct
1111 1382 1287 1417 acutum
1305 1389 1356 1417 cx
1375 1373 1507 1418 altera
1519 1373 1661 1417 anima

267 1443 512 1488 convicium
535 1453 741 1504 tanquam
765 1443 1020 1488 medicinale
1041 1444 1206 1488 ferrum
1235 1460 1286 1488 ex
1314 1445 1493 1489 occultis
1515 1445 1663 1504 provi-

269 1517 463 1561 sionibus
482 1517 592 1571 tuis,
627 1525 670 1560 ct
697 1532 786 1560 uno
808 1516 899 1560 ictu
931 1517 1207 1575 putredinem
1241 1516 1362 1561 illam
1396 1517 1662 1577 praecidisti?

270 1588 442 1633 Ancilla
465 1588 580 1632 enim
601 1604 700 1632 cum
723 1605 807 1648 qua
826 1588 992 1632 solebat
1021 1588 1226 1633 accedere
1249 1590 1304 1633 ad
1332 1605 1519 1648 cuppam
1535 1624 1545 1644 ‚
1572 1588 1662 1633 liti-

272 1674 375 1717 gans
393 1675 492 1704 cum
516 1659 692 1704 domina
710 1660 877 1703 minore
895 1695 905 1714 ,
930 1669 980 1703 ut
1001 1660 1050 1704 fit
1067 1695 1078 1715 ,
1109 1660 1198 1704 sola
1223 1676 1324 1704 cum
1357 1660 1447 1704 sola
1467 1695 1477 1715 ‚
1504 1659 1663 1719 objecit

271 1731 356 1774 hoc
373 1732 536 1774 crimen
551 1766 562 1784 ‚
584 1730 847 1774 amarissima
861 1730 1142 1774 insultatione
1159 1747 1317 1775 vocans
1337 1730 1659 1775 meribibulam.

274 1802 372 1853 Quo
395 1799 468 1843 illa
489 1799 666 1843 stimulo
685 1814 899 1858 percussa,
920 1800 1108 1859 respexit
1125 1799 1368 1845 foeditatem
1395 1816 1516 1845 suam
1533 1837 1543 1856 ‚
1564 1816 1664 1844 con-

274 1871 506 1930 festimque
543 1870 768 1914 damnavit
799 1879 930 1930 atque
960 1870 1091 1914 exuit.
1125 1871 1246 1915 Sicut
1270 1871 1396 1915 amici
1437 1870 1663 1915 adulantes

275 1950 555 2000 pervertunt,
588 1941 647 1984 sic
682 1940 845 1984 inimici
876 1940 1095 1998 litigantes
1130 1934 1390 2000 plerumque
1422 1942 1660 1999 corrigunt.

276 2013 364 2056 Nec
380 2020 431 2055 tu
451 2010 572 2070 quod
601 2026 678 2069 per
699 2025 771 2054 eos
789 2010 878 2068 agis
894 2045 904 2065 ‚
927 2009 1001 2053 sed
1024 2009 1144 2069 quod
1166 2010 1248 2068 ipsi
1280 2011 1515 2055 voluerunt
1537 2013 1665 2055 retri-

276 2082 376 2126 buis
413 2082 487 2125 eis.
520 2080 599 2125 Illa
632 2081 748 2124 enim
785 2081 892 2124 irata
908 2115 920 2135 ,
961 2081 1175 2139 exagitare
1210 2082 1421 2140 appetivit
1452 2082 1666 2125 minorem

278 2152 501 2197 dominam
517 2186 528 2206 ‚
549 2166 640 2195 non
655 2166 806 2195 sanare
820 2185 830 2205 ‚
857 2159 899 2194 et
920 2149 1019 2195 ideo
1039 2149 1266 2209 clanculo3
1292 2161 1366 2196 aut
1388 2153 1489 2211 quia
1514 2152 1574 2197 ita
1597 2167 1666 2195 eas

276 2223 504 2268 invenerat
520 2222 640 2266 locus
663 2231 706 2266 et
727 2231 898 2280 tempus
929 2220 1040 2278 litis;
1066 2231 1140 2265 aut
1162 2238 1216 2265 ne
1243 2220 1355 2266 forte
1377 2231 1418 2265 et
1440 2223 1531 2282 ipsa
1552 2223 1668 2281 peri-

283 2293 507 2338 clitaretur
527 2292 648 2353 quod
665 2301 753 2336 tam
774 2307 867 2336 sero
881 2291 1153 2351 prodidisset.
1176 2296 1233 2337 At
1245 2302 1309 2347 tu,
1331 2293 1513 2337 Domine
1525 2302 1668 2338 rector

283 2365 480 2410 coelitum
513 2374 556 2409 et
590 2374 886 2417 terrenorum,
920 2363 975 2407 ad
992 2379 1095 2408 usus
1127 2373 1224 2408 tuos
1255 2373 1547 2425 contorquens
1566 2380 1669 2424 pro-

281 2435 420 2480 funda
441 2435 642 2481 torrentis
661 2470 671 2490 ,
712 2434 879 2478 fluxum
909 2434 1168 2479 saeculorum
1200 2433 1406 2479 ordinans
1437 2435 1670 2479 turbulen-

285 2515 377 2549 tum
396 2526 405 2563 ς
431 2507 558 2550 etiam
585 2506 639 2550 de
656 2505 832 2549 alterius
855 2505 1008 2549 animae
1030 2505 1193 2549 insania
1215 2506 1369 2550 sanasti
1388 2505 1590 2562 alteram3
1614 2521 1669 2550 ne

335 2598 342 2613 ¹
365 2592 462 2623 Esvii.
486 2603 549 2623 xxx.
578 2603 587 2622 1
