1871 3162
256 179 337 216 492
678 189 712 213 s.
749 186 977 213 AUGU5'1·ffll
1012 187 1189 213 [risuum

252 254 371 298 citias
404 251 679 304 reformidat,
716 250 809 294 vult
842 251 934 293 fieri
969 251 1269 308 Christianus3
1295 266 1383 295 non
1419 251 1511 294 fieri
1539 251 1634 295 vult

255 325 397 383 potius
435 337 563 381 quam
595 322 771 378 fingere.
812 319 938 363 Fides
963 321 1077 363 enim
1107 336 1194 365 non
1228 336 1292 364 res
1326 330 1390 364 est
1411 321 1636 364 salutantis

253 393 465 452 corporis,
490 391 565 435 sed
583 390 798 434 credentis
821 390 966 432 animi.
983 390 1066 434 Sed
1089 390 1217 449 plane
1238 407 1351 450 saepe
1374 391 1493 434 adest
1514 391 1636 434 mise-

256 463 439 507 ricordia
475 464 553 506 Dei
582 477 657 520 per
694 460 974 503 ministerium
1004 462 1331 516 catechizantis,
1357 472 1406 505 ut
1442 476 1637 505 sermone

255 543 498 580 commotus
515 535 603 592 jam
627 532 720 575 fieri
737 531 841 575 velit
858 565 870 586 ,
895 530 1015 590 quod
1034 530 1279 576 decreverat
1301 533 1464 591 fingere
1486 550 1496 576 :
1520 530 1641 590 quod

255 621 356 651 cum
373 604 485 649 velle
514 603 697 662 coeperit
712 638 722 657 ,
744 611 852 646 tunc
878 617 976 645 eum
1001 603 1166 645 venisse
1187 601 1465 662 deputemus.
1491 605 1548 646 Et
1565 617 1641 646 oc-

257 676 424 721 cultum
457 673 637 732 quidem
675 672 801 716 nobis
835 682 898 716 est
934 671 1112 731 quando
1135 673 1281 716 veniat
1312 673 1484 727 animo,
1510 687 1640 731 quem
1698 706 1703 710 .

251 748 339 806 jam
375 757 555 802 corpore
577 750 836 800 praesentem
859 741 1055 786 videmus
1083 762 1090 786 :
1124 742 1199 786 sed
1226 752 1372 786 tamen
1391 742 1450 787 sic
1473 757 1573 786 cum
1593 756 1643 785 eo

258 814 466 859 debemus
488 826 636 870 agere,
658 821 708 854 ut
730 811 805 854 fiat
838 812 883 853 in
906 810 981 854 illo
1004 813 1096 856 haec
1122 813 1346 866 voluntas,
1368 812 1533 856 etiamsi
1555 827 1644 855 non

259 894 336 930 est.
364 882 481 929 Nihil
503 883 616 925 enirn
648 881 817 940 deperit
833 915 844 935 ,
869 881 1047 939 quando
1069 882 1102 924 si
1124 892 1208 936 est,
1229 884 1381 942 utique
1404 882 1479 926 tali
1499 891 1645 926 nostra

260 957 429 1001 actione
460 954 682 1007 firmatur,
707 953 904 1011 quamvis
934 967 1023 1012 quo
1056 962 1277 1012 tempore,
1313 953 1383 998 vel
1420 969 1506 1013 qua
1538 954 1646 997 hora

260 1025 468 1086 coeperit,
501 1024 766 1082 ignoremus.
808 1021 922 1066 Utile
956 1031 1019 1066 est
1049 1038 1149 1067 sane
1170 1058 1181 1077 ,
1219 1033 1267 1067 ut
1298 1038 1647 1083 praemoneamur

263 1107 412 1150 antea,
436 1095 469 1139 si
492 1094 584 1137 fieri
609 1101 767 1152 potest,
789 1092 844 1135 ab
867 1092 916 1136 iis
939 1093 1013 1151 qui
1036 1109 1137 1137 eum
1160 1103 1339 1148 norunt,
1358 1095 1402 1137 in
1425 1109 1513 1153 quo
1533 1102 1647 1138 statu

263 1168 393 1212 animi
416 1166 491 1220 sit,
517 1163 584 1207 vel
625 1163 787 1223 quibus
811 1163 948 1206 causis
985 1173 1228 1208 commotus
1255 1163 1309 1207 ad
1330 1163 1646 1222 suscipiendam

264 1240 514 1297 religionem
538 1236 722 1280 venerit.
754 1234 879 1287 Quod
902 1235 936 1278 si
955 1235 1144 1279 defuerit
1168 1236 1275 1280 alius
1298 1253 1320 1281 a
1339 1252 1428 1295 quo
1448 1235 1492 1279 id
1514 1250 1649 1280 nove-

264 1312 396 1353 rimus
413 1344 422 1361 ,
449 1308 576 1351 etiam
606 1307 696 1365 ipse
718 1305 1055 1364 interrogandus
1080 1315 1164 1359 est,
1193 1315 1241 1349 ut
1264 1322 1314 1350 ex
1336 1322 1387 1350 eo
1418 1304 1538 1365 quod
1567 1320 1652 1348 res-

264 1377 466 1439 ponderit
488 1377 699 1421 ducamus
717 1376 925 1419 sermonis
943 1375 1183 1419 exordium.
1208 1374 1292 1420 Sed
1309 1376 1340 1419 si
1359 1376 1460 1419 ficto
1477 1384 1651 1434 pectore

265 1448 468 1500 accessit,
490 1448 682 1490 humana
705 1444 936 1489 commoda
954 1446 1132 1504 cupiens
1149 1480 1159 1500 ,
1184 1446 1255 1489 vel
1278 1444 1555 1490 incommoda
1579 1444 1651 1489 fu-

267 1520 412 1578 giens,
451 1518 602 1576 utique
638 1516 900 1559 mentiturus
929 1524 991 1558 est
1024 1535 1032 1558 ;
1072 1524 1220 1558 tamen
1250 1531 1299 1558 ex
1329 1531 1380 1559 eo
1412 1515 1505 1574 ipso
1533 1513 1655 1574 quod

268 1588 501 1640 mentitur,
527 1584 789 1644 capiendum
813 1592 876 1627 est
907 1585 1169 1643 principium
1194 1605 1202 1629 ;
1235 1601 1324 1629 non
1349 1595 1399 1629 ut
1430 1585 1654 1629 refellatur

268 1660 357 1717 ejus
380 1656 652 1701 mendacium
673 1690 683 1709 ,
710 1654 831 1713 quasi
854 1653 933 1697 tibi
963 1664 1128 1698 certum
1153 1655 1206 1699 sit
1228 1676 1239 1712 3
1263 1656 1339 1699 sed
1370 1665 1420 1699 ut
1443 1656 1475 1699 si
1499 1654 1656 1700 dixerit

269 1746 319 1773 eo
342 1727 562 1787 proposito
588 1740 631 1768 se
650 1724 814 1767 venisse
835 1723 954 1782 quod
979 1740 1077 1768 vere
1103 1725 1436 1784 approbandum
1456 1735 1543 1779 est,
1569 1725 1656 1769 sive

269 1799 340 1843 ille
358 1813 506 1841 verum
523 1796 610 1840 sive
627 1794 786 1838 falsum
809 1793 925 1838 dicat
942 1829 952 1849 ,
980 1794 1065 1838 tale
1087 1804 1233 1839 tamen
1251 1797 1521 1855 propositum
1537 1795 1657 1854 quali

272 1885 315 1913 se
333 1868 497 1911 venisse
515 1865 768 1925 respondit,
794 1864 1083 1923 approbantes
1107 1874 1237 1925 atque
1253 1866 1502 1920 laudantes,
1528 1865 1658 1910 facia·

274 1955 369 1983 mus
387 1953 487 1981 eum
514 1935 719 1980 delectari
740 1950 829 1978 esse
851 1950 895 1978 se
919 1935 1050 1978 talem
1068 1971 1078 1990 ,
1099 1935 1273 1996 qualem
1293 1936 1428 1979 videri
1451 1936 1586 1994 cupit,
1617 1936 1659 1980 Si

274 2019 420 2054 autem
443 2007 563 2053 aliud
585 2007 743 2050 dixerit
760 2040 770 2060 ‚
796 2021 928 2066 quam
946 2016 1117 2065 oportet
1137 2022 1226 2050 esse
1242 2007 1287 2050 in
1311 2008 1455 2051 animo
1477 2008 1568 2066 ejus
1585 2006 1661 2066 qui

277 2080 506 2125 christiana
533 2077 619 2120 fide
653 2076 919 2120 imbuendus
948 2086 1038 2133 est3
1063 2076 1266 2121 blandius
1288 2088 1330 2122 et
1349 2077 1489 2121 lenius
1519 2092 1661 2136 repre-

278 2147 512 2194 hendendo
530 2157 739 2207 tanquam
762 2147 918 2190 rudem
936 2155 979 2190 et
1005 2147 1219 2204 ignarum,
1232 2157 1275 2192 et
1296 2148 1543 2191 christianae
1564 2147 1664 2192 doc-

282 2222 405 2264 trinae
427 2219 559 2263 finem
587 2217 859 2261 verissimum
898 2217 1238 2261 demonstrando
1277 2226 1408 2277 atque
1442 2217 1664 2262 laudando

282 2292 470 2335 breviter
498 2298 541 2333 et
574 2288 787 2348 graviter,
817 2303 872 2331 ne
894 2297 971 2332 aut
993 2297 1189 2347 tempora
1216 2287 1376 2332 futurae
1411 2289 1665 2333 narrationis

285 2377 467 2421 occupes
486 2396 498 2416 ,
530 2369 606 2405 aut
627 2375 722 2404 eam
744 2375 834 2404 non
856 2360 975 2418 prius
997 2358 1209 2404 collocato
1231 2359 1375 2402 animo
1406 2359 1562 2403 audeas
1580 2360 1666 2403 im-

285 2447 448 2492 ponere
462 2467 473 2487 ,
496 2431 630 2476 facias
658 2446 757 2475 eum
780 2429 891 2474 velle
913 2430 1031 2490 quod
1066 2440 1140 2475 aut
1162 2445 1237 2489 per
1258 2445 1447 2475 errorem
1462 2465 1473 2486 ,
1495 2439 1570 2475 aut
1590 2445 1667 2490 per

289 2501 604 2547 simulationem
628 2501 827 2547 nondum
844 2500 1032 2546 volebat.
