1871 3162
576 253 893 282 conrzssmwmvr
914 270 926 293 ,
959 253 1042 280 mn.
1077 255 1108 280 1.
1493 241 1518 278 7

152 401 1135 421 mmmmmmmmmmmmmmmmwu
1141 399 1525 416 mmmwmm

680 523 896 572 CAPUT
933 524 998 581 ,V-

295 670 427 714 Petz't
449 684 663 714 amorem
685 668 783 712 Dei
799 676 845 711 et
865 664 1143 711 delictorum
1169 666 1378 709 veniam.

210 817 262 859 V.
289 816 395 867 Qms
417 813 522 857 mihi
545 813 667 857 dabit
692 812 962 872 acquiescere
982 811 1028 854 in
1050 813 1125 854 te?
1147 810 1253 863 Quis
1282 809 1388 853 mihi
1411 809 1533 852 dabit

152 894 201 929 ut
220 885 364 929 venias
382 885 428 927 in
452 899 525 927 cor
559 898 702 927 meum
721 918 731 937 ,
765 892 806 926 et
845 882 1030 926 inebries
1064 879 1176 924 illud
1193 915 1203 934 ,
1235 889 1283 923 ut
1304 878 1533 923 obliviscar

151 955 263 998 mala
283 970 401 1009 mea,
427 963 470 998 et
510 969 648 998 unum
670 954 838 997 bonum
871 967 1018 996 meum
1052 950 1288 1010 amplectar
1323 951 1397 994 te?
1418 948 1534 1002 Quid

153 1025 260 1068 mihi
282 1039 326 1068 es
343 1024 576 1069 ‘?Miserere
598 1032 649 1067 ut
668 1022 837 1083 loquar.
864 1022 981 1073 Quid
1002 1021 1083 1064 tibi
1104 1036 1198 1064 sum
1220 1021 1310 1078 ipse
1331 1027 1383 1063 ut
1404 1019 1537 1062 amari

153 1103 195 1137 te
212 1094 364 1153 jubeas
383 1109 406 1137 a
426 1108 518 1147 me,
551 1102 594 1137 et
623 1092 704 1135 nisi
725 1092 880 1136 faciam
910 1090 1104 1135 irascaris
1133 1089 1265 1144 mihi,
1297 1098 1340 1132 et
1362 1088 1537 1132 mineris

153 1165 348 1221 ingentes
369 1163 584 1206 miserias?
604 1166 822 1206 Parva-ne
841 1162 930 1220 ipsa
948 1170 1026 1215 est,
1047 1161 1081 1205 si
1097 1176 1186 1204 non
1211 1174 1353 1204 amem
1367 1160 1439 1203 te?
1456 1159 1537 1202 Hei

152 1233 281 1276 mihi!
301 1233 377 1276 Dic
390 1232 497 1275 mihi
514 1247 591 1291 per
609 1232 903 1275 miserationes
920 1240 1033 1285 tuas,
1050 1231 1251 1284 Domine,
1268 1232 1380 1273 Deus
1396 1243 1535 1282 meus,

152 1302 259 1362 quid
272 1304 326 1347 sis
339 1302 459 1346 mihi.
484 1302 560 1345 Dic
573 1301 729 1344 animae
748 1316 857 1345 meae
874 1320 883 1345 :
902 1320 922 1342 «
941 1300 1063 1345 Salus
1085 1309 1159 1345 tua
1172 1315 1251 1357 ego
1268 1301 1404 1343 sum¹.
1427 1317 1447 1340 »
1468 1298 1536 1343 Sic

153 1370 222 1415 dic
237 1380 286 1415 ut
297 1370 484 1415 audiam.
499 1373 611 1414 Ecce
626 1385 749 1414 aures
757 1370 897 1414 cordis
910 1370 996 1413 mei
1009 1379 1109 1413 ante
1124 1379 1182 1423 te,
1194 1370 1402 1426 Domine,
1417 1369 1534 1427 aperi

153 1455 239 1495 eas,
264 1450 307 1484 et
334 1459 354 1481 «
384 1441 461 1484 Dic
484 1440 641 1483 animae
662 1454 772 1483 meae
795 1458 803 1483 2
832 1439 954 1483 Salus
970 1448 1046 1483 tua
1068 1454 1150 1497 ego
1171 1454 1281 1482 sum.
1304 1456 1325 1478 »
1352 1440 1534 1483 Curram

153 1519 251 1571 post
278 1525 429 1555 vocem
452 1511 588 1564 hanc,
614 1519 658 1553 et
679 1507 1002 1568 apprehendam
1026 1518 1084 1553 te.
1108 1509 1208 1554 Noli
1230 1507 1495 1553 abscondere
1516 1524 1538 1552 a

154 1596 224 1625 me
246 1581 399 1625 faciem
421 1590 542 1625 tuam
564 1599 574 1625 ς
598 1580 773 1634 moriar,
799 1595 854 1623 ne
871 1580 1030 1624 moriar
1046 1614 1057 1633 ,
1084 1588 1132 1624 ut
1153 1594 1249 1623 eam
1272 1578 1459 1623 videam.

213 1653 289 1696 VI.
312 1654 508 1709 Angusta
525 1659 588 1694 est
605 1649 761 1694 domus
783 1649 935 1693 animae
950 1664 1058 1693 meae
1073 1665 1163 1709 quo
1181 1649 1323 1692 venias
1338 1649 1393 1692 ad
1409 1663 1505 1692 eam
1525 1667 1537 1693 ε

155 1720 361 1764 dilatetur
376 1720 451 1764 abs
470 1729 527 1763 te.
545 1720 736 1764 Ruinosa
747 1728 811 1763 est
831 1738 840 1763 :
859 1719 986 1762 refice
1002 1733 1113 1762 eam.
1131 1719 1274 1763 Habet
1288 1733 1387 1777 quae
1402 1718 1540 1762 oflen-

155 1790 262 1834 dant
282 1790 430 1834 oculos
452 1799 564 1844 tuos,
583 1788 720 1833 fateor
741 1799 784 1833 et
805 1789 892 1833 scio
918 1807 927 1834 :
953 1791 1030 1832 sed
1044 1789 1140 1848 quis
1159 1787 1390 1832 mundabit
1411 1790 1537 1832 eam?

156 1869 231 1904 aut
243 1860 313 1904 cui
328 1860 450 1904 alteri
465 1868 620 1918 praeter
641 1868 684 1903 te
705 1859 928 1903 clamabo?
943 1877 964 1900 «
979 1858 1048 1902 Ab
1062 1858 1241 1903 occultis
1255 1858 1360 1903 meis
1373 1857 1537 1903 munda

159 1947 179 1971 »
216 1944 306 1983 me,
328 1929 532 1982 Domine,
558 1937 600 1972 et
627 1929 682 1971 ab
710 1928 859 1972 alienis
878 1943 1006 1986 parce
1027 1943 1150 1973 servo
1171 1938 1248 1973 tuo
1265 1932 1298 1972 ².
1325 1947 1347 1970 »
1378 1928 1536 1983 Credo,

156 2007 333 2058 propter
354 1996 475 2057 quod
489 2006 532 2041 et
547 1997 706 2056 loquor
717 1998 732 2023 ³
751 2016 759 2041 ;
776 1998 974 2051 Domine,
992 2006 1042 2041 tu
1054 1998 1150 2041 scis.
1169 2000 1324 2043 Nonne
1341 1998 1422 2042 tibi
1438 2013 1539 2057 pro-

156 2068 328 2112 locutus
348 2081 444 2110 sum
467 2066 695 2110 adversum
717 2081 786 2110 me
807 2065 964 2110 delicta
981 2081 1078 2110 mea
1093 2101 1104 2121 ,
1126 2069 1239 2111 Deus
1262 2082 1406 2124 meus3
1430 2076 1473 2111 et
1489 2075 1538 2110 tu

158 2135 357 2181 dimisisti
378 2135 646 2194 impietatem
671 2135 810 2179 cordis
833 2136 919 2179 mei
933 2136 979 2180 ⁴?
1000 2138 1097 2180 Non
1121 2136 1287 2195 judicio
1318 2135 1537 2181 contendo

158 2216 303 2251 tecum
325 2206 401 2264 qui
425 2206 579 2250 veritas
600 2208 670 2249 es⁵
692 2226 704 2262 3
733 2214 776 2249 et
796 2220 878 2264 ego
900 2204 1003 2250 nolo
1024 2205 1174 2249 fallere
1203 2222 1271 2250 me
1292 2206 1456 2265 ipsum,
1482 2221 1537 2249 ne

161 2272 396 2319 mentiatur
416 2276 620 2335 iniquitas
642 2290 736 2319 mea
757 2275 876 2319 sibi5.
894 2278 991 2321 Non
1013 2291 1115 2335 ergo
1136 2276 1302 2336 judicio
1319 2276 1538 2321 contendo

160 2355 331 2402 tecum,
359 2364 379 2387 «
405 2345 516 2398 Quia
538 2345 571 2388 si
588 2345 834 2404 iniquitates
870 2345 1184 2399 observaveris,
1214 2347 1416 2401 Domine,
1452 2348 1540 2391 Do-

164 2434 184 2457 »
219 2416 356 2471 mine,
381 2416 477 2475 quis
498 2415 728 2460 sustinebit
743 2417 790 2460 ⁷?
815 2434 836 2457 »

214 2517 221 2533 ¹
238 2510 316 2542 Psal.
337 2521 449 2551 xxxiv,
472 2511 503 2542 3.
523 2528 565 2533 —
584 2518 596 2533 ²
616 2511 662 2542 Id.
685 2522 775 2552 xvm,
794 2511 846 2552 13,
865 2510 917 2554 14.
937 2528 979 2534 —
1003 2509 1159 2553 31d.cxv,
1180 2522 1230 2544 10.
1255 2528 1291 2535 —
1309 2511 1326 2542 4
1341 2513 1386 2545 Id.
1415 2524 1490 2553 xxx,
1504 2514 1535 2546 5.

164 2563 230 2588 -5
248 2565 325 2599 Job.
347 2576 393 2607 lx,
421 2574 455 2608 2,
474 2566 504 2598 3.
525 2563 596 2589 -6
614 2565 692 2597 Psal.
714 2577 801 2606 xxvi,
826 2574 877 2598 12.
892 2582 934 2589 —
955 2567 1159 2607 71d.cxx1x,
1176 2567 1206 2598 3.
