1871 3162
266 201 348 240 400
699 216 731 240 s.
769 213 791 240 Α
801 217 853 242 uc,
862 216 997 242 usum
1030 216 1208 242 Emscom

264 279 439 322 torium.
467 281 652 322 Fructus
670 289 814 323 autem
839 281 954 324 bona
971 290 1013 323 et
1031 290 1146 324 recta
1163 280 1362 325 voluntas
1382 279 1541 324 datoris
1561 290 1638 324 est.

263 351 361 392 Non
396 349 510 392 enim
532 350 592 392 ait
614 350 812 406 magister
836 350 997 404 bonus,
1022 370 1041 391 «
1068 351 1151 403 Qui
1185 350 1421 409 susceperit
1452 351 1642 410 prophe-

268 438 287 461 »
315 429 427 475 tam,
448 439 466 460 n
495 429 661 464 tantum
684 436 691 460 ε
712 422 784 463 sed
809 419 1005 474 addidit,
1034 440 1052 462 «
1082 424 1130 465 ln
1155 422 1331 465 nomine
1349 422 1587 481 prophetae.
1620 440 1640 462 »

263 494 413 550 Neque
428 491 485 534 ait
500 500 668 534 tantum
684 526 694 545 ‚
719 510 738 532 «
765 491 849 544 Qui
865 492 1099 550 susceperit
1106 493 1273 551 justum
1293 512 1301 536 ;
1322 511 1341 533 »
1360 493 1433 536 sed
1450 491 1617 535 addidit
1631 527 1642 547 ,

269 582 286 602 »
314 561 359 604 in
378 561 553 605 nomine
571 561 692 622 justi.
719 579 737 602 »
768 564 831 605 Ita
850 561 1013 621 quippe
1032 560 1103 605 ille
1126 562 1370 606 mercedem
1392 563 1616 620 prophetae
1632 597 1643 616 ‚

264 631 344 676 iste
365 631 608 676 mercedem
623 633 729 692 justi
752 633 946 692 accipiet.
963 635 1052 677 Nec
1066 631 1207 676 solum
1230 632 1289 676 ait
1302 652 1352 686 ,-«
1371 633 1452 685 Qui
1469 632 1647 677 calicem

268 722 288 744 »
316 719 441 763 aquae
464 702 631 761 frigidae
653 713 805 762 potum
824 703 993 748 dederit
1010 704 1085 747 uni
1104 719 1154 746 ex
1171 703 1359 747 minimis
1376 703 1480 746 meis
1503 723 1511 747 :
1535 722 1554 744 »
1573 702 1648 747 sed

265 773 455 827 addidit,
486 793 506 815 «
532 783 702 817 tantum
723 775 767 817 in
787 776 962 818 nomine
990 774 1205 833 discipuli.
1237 793 1255 814 »
1279 777 1334 819 Et
1347 775 1404 818 sic
1420 773 1615 834 adjunxit
1638 793 1646 817 ;

268 862 288 885 »
315 847 453 888 Amen
475 843 573 887 dico
596 844 740 898 vobis,
766 860 855 887 non
876 844 1029 903 perdet
1056 844 1301 888 mercedem
1325 860 1445 888 suam
1460 847 1491 887 ¹.
1517 863 1537 884 »
1562 847 1650 887 Da-

266 923 360 957 tum
383 923 446 957 est
462 949 472 967 ‚
500 914 715 973 suscipere
749 915 1030 973 prophetam,
1056 915 1270 973 suscipere
1299 916 1488 974 justum,
1509 913 1651 973 porri-

267 1000 366 1043 gere
387 985 564 1029 calicem
588 1001 712 1044 aquae
736 983 904 1042 frigidae
920 984 1133 1042 discipulo
1154 1004 1162 1027 :
1181 983 1349 1028 fructus
1373 994 1518 1027 autem
1535 1019 1546 1036 ‚
1573 1000 1653 1028 no-

268 1056 384 1098 mine
406 1056 631 1114 prophetae
648 1090 658 1109 ,
682 1055 726 1097 in
750 1055 925 1098 nomine
942 1055 1045 1113 justi
1062 1089 1072 1108 ‚
1090 1055 1132 1097 in
1151 1055 1326 1098 nomine
1348 1053 1549 1113 discipuli
1572 1054 1653 1098 hoc

252 1126 424 1170 Tacere.
451 1130 613 1170 Fructu
639 1128 829 1185 pascitur
851 1125 966 1169 Elias
988 1141 1011 1169 a
1033 1125 1163 1169 vidua
1192 1125 1352 1169 sciente
1370 1125 1492 1185 quod
1512 1126 1654 1169 homi-

268 1214 366 1241 nem
390 1199 466 1241 Dei
489 1207 705 1257 pasceret,
729 1207 772 1241 et
792 1213 949 1257 proper
981 1198 1064 1241 hoc
1096 1206 1288 1255 pasceret
1325 1216 1333 1240 ;
1364 1212 1441 1256 per
1472 1212 1652 1241 corvum

269 1277 411 1312 autem
435 1269 537 1312 dato
558 1269 832 1327 pascebatur.
858 1271 946 1312 Nec
970 1268 1148 1311 interior
1170 1267 1306 1321 Elias,
1332 1266 1407 1311 sed
1438 1267 1653 1311 dexterior

269 1340 541 1399 pascebatur,
563 1340 637 1399 qui
660 1349 804 1398 posset
826 1338 955 1382 etiam
980 1338 1075 1382 talis
1096 1339 1182 1382 cibi
1205 1347 1393 1397 egestate
1414 1339 1650 1397 corrumpi.

273 1519 413 1534 GMKMM
419 1518 769 1533 ΧΜῚΜΛΊΝΜῚἋΜΜ
777 1515 1617 1532 ΣΊΑΝΜΜΜΝΨΩΛΜΧΉἉἋΜΜΜᾹΑΜΜΜΜΜΜΜἋΑΛ
1623 1517 1651 1531 ὐἱ

720 1674 937 1722 CAPLT
986 1675 1143 1721 ΧἏῊ
1158 1676 1192 1720 l.

483 1842 618 1902 Quid
631 1858 721 1902 per
737 1842 893 1901 pisces
917 1850 963 1885 et
990 1850 1119 1885 cetos
1140 1840 1446 1901 significetur.

332 2023 472 2064 XLII.
487 2022 680 2072 11>ssanss
703 2018 842 2062 dicam
867 2016 986 2077 quod
1009 2033 1159 2060 verum
1176 2027 1239 2061 est
1260 2033 1402 2062 coram
1424 2027 1481 2071 te,
1506 2016 1655 2061 Domi-

272 2108 327 2137 ne
348 2111 356 2135 :
378 2107 477 2135 curn
501 2091 697 2134 homines
719 2089 866 2133 idiotae
890 2097 1020 2148 atque
1043 2087 1260 2141 infideles,
1286 2088 1445 2146 quibus
1480 2088 1656 2131 initian-

274 2163 338 2206 dis
376 2171 505 2221 atque
541 2159 760 2203 lucrandis
801 2159 1034 2202 necessaria
1076 2167 1177 2201 sunt
1213 2167 1477 2201 sacramenta
1512 2157 1658 2201 initio-

274 2248 389 2286 rum,
422 2239 464 2275 et
489 2229 702 2289 magnalia
724 2227 1031 2272 miraculorum
1051 2263 1061 2281 ‚
1093 2244 1190 2287 quae
1213 2227 1390 2272 nomine
1411 2228 1592 2287 piscium
1616 2237 1659 2272 et

251 2335 253 2337 -
276 2313 470 2346 cetorum
494 2300 724 2358 significari
748 2298 985 2352 credimus,
1011 2298 1252 2358 suscipiunt
1283 2298 1564 2357 corporaliter
1591 2313 1659 2341 re-

276 2373 506 2426 ficiendos,
528 2380 603 2414 aut
625 2371 668 2413 in
705 2370 851 2429 aliquo
878 2369 1102 2428 praesentis
1144 2368 1242 2411 vitae
1277 2384 1358 2412 usu
1390 2368 1660 2429 adjuvandos

276 2457 433 2501 pueros
448 2452 568 2497 tuos,
591 2456 689 2486 cum
709 2441 754 2484 id
772 2456 905 2500 quare
922 2438 1170 2484 faciendum
1190 2439 1243 2483 sit
1255 2474 1265 2494 ‚
1286 2448 1328 2483 et
1345 2455 1433 2499 quo
1448 2440 1662 2499 pertineat

328 2545 333 2560 ¹
361 2539 482 2577 Manli.
503 2550 534 2579 x,
556 2537 737 2579 41‚42.-
758 2544 770 2559 2
786 2537 804 2569 3
824 2540 901 2578 Reg.
919 2547 997 2578 xvu,
1012 2536 1045 2567 6.
