1871 3162
560 251 934 286 SOeronOuUM,
970 251 1050 275 ΜΒ.
1088 252 1115 274 i.
1449 239 1530 278 425

153 323 241 359 tam
265 324 389 359 terrae
423 330 554 373 quam
580 315 675 358 coeli
702 312 1027 373 pulchritudine
1055 322 1184 372 atque
1205 313 1433 371 splendore
1464 315 1517 357 he

152 385 269 427 teris.
291 387 341 428 Α.
356 387 503 428 Movet
522 398 606 438 me,
628 385 782 437 fateor,
800 384 893 426 haec
915 381 1169 435 similitudo,
1186 380 1464 441 adducorque
1487 393 1535 425 ut

152 455 357 498 assentiar
386 463 599 512 quantum
626 454 671 497 in
693 469 770 497 suo
793 468 947 511 genere
972 469 994 496 a
1024 453 1136 497 coelo
1157 463 1338 505 terram,
1363 462 1531 496 tantum

151 526 206 568 ab
228 524 493 582 intelligibili
508 524 583 568 Dei
598 526 817 584 majestate
839 524 1104 583 spectamina
1121 523 1196 567 illa
1208 522 1530 582 disciplinarum

149 610 250 639 vera
273 604 316 638 et
337 604 452 640 certa
476 595 666 639 differre.

153 782 1494 801 mmmmmmmmmmmmvafflmmmwmm
1501 784 1528 797 ιιι

670 939 888 985 CAPUT
927 941 1013 985 ’ΥΒ

302 1103 482 1148 Sensus
504 1103 681 1147 (mimae
704 1103 753 1146 in
777 1102 944 1161 quibus
961 1104 1170 1162 percipit
1191 1103 1364 1148 Deum.

201 1275 304 1317 XII.
331 1277 385 1316 R.
405 1276 524 1317 BENE
542 1274 740 1317 moveris.
765 1274 985 1318 Promittit
1000 1274 1113 1318 enim
1138 1275 1246 1318 ratio
1267 1291 1366 1335 quae
1389 1285 1531 1319 tecum

140 1343 354 1403 loquitur,
380 1344 440 1386 ita
456 1359 499 1386 se
516 1344 911 1388 demonstraturam
929 1348 1068 1388 Deum
1085 1354 1173 1389 tuae
1190 1347 1341 1397 menti,
1359 1355 1407 1389 ut
1427 1363 1531 1389 ocu-

141 1412 192 1456 lis
210 1412 273 1456 sol
291 1412 746 1458 demonstratur.Nam
765 1414 920 1457 mentis
943 1414 1066 1473 quasi
1080 1416 1145 1458 sui
1169 1424 1271 1458 sunt
1293 1415 1408 1458 oculi
1434 1431 1532 1459 seu-

142 1498 212 1527 sus
234 1483 388 1526 animae
408 1503 415 1526 :
437 1483 760 1542 disciplinarum
790 1493 934 1527 autem
956 1501 1145 1544 quaeque
1165 1486 1400 1529 certissima
1430 1486 1529 1528 talia

141 1563 243 1597 sunt
258 1589 269 1608 ,
290 1552 435 1612 qualia
456 1553 529 1596 illa
558 1569 657 1612 quae
691 1552 780 1597 sole
802 1553 1077 1595 illustrantur
1106 1563 1156 1596 ut
1177 1554 1314 1595 videri
1335 1555 1500 1610 possint
1518 1589 1527 1605 ‚

141 1623 277 1667 veluti
295 1632 407 1666 terra
429 1632 492 1666 est
514 1632 644 1682 atque
667 1632 836 1666 terrena
852 1623 996 1666 omnia
1017 1642 1027 1667 ε
1054 1626 1167 1666 Deus
1190 1632 1335 1666 autem
1357 1633 1419 1666 est
1442 1625 1530 1682 ipse

139 1693 215 1752 qui
229 1691 433 1736 illustrat.
457 1694 554 1753 Ego
577 1702 722 1736 autem
741 1693 849 1736 ratio
871 1693 928 1736 ita
952 1708 1047 1735 sum
1072 1693 1117 1736 in
1140 1693 1362 1736 mentibus
1378 1728 1388 1747 ,
1415 1703 1464 1736 ut
1486 1695 1529 1736 in

140 1762 276 1807 oculis
298 1771 362 1806 est
379 1764 615 1820 aspectus¹.
632 1765 729 1806 Non
748 1762 863 1804 enim
881 1762 964 1805 hoc
984 1771 1047 1805 est
1070 1762 1231 1805 habere
1248 1763 1397 1806 oculos
1413 1763 1531 1821 quod

141 1833 329 1891 aspicere
356 1851 364 1876 :
391 1841 466 1875 aut
487 1832 592 1875 item
613 1832 697 1876 hoc
734 1840 798 1875 est
835 1831 1048 1890 aspicere,
1075 1831 1196 1889 quod
1225 1831 1386 1876 videre.
1416 1835 1530 1890 Ergo

141 1904 296 1947 animae
334 1903 473 1946 tribus
506 1902 770 1962 quibusdam
803 1902 935 1946 rebus
958 1917 1067 1960 opus
1091 1911 1153 1946 est
1174 1921 1184 1947 2
1204 1911 1255 1946 ut
1277 1902 1426 1946 oculos
1450 1904 1528 1947 ha-

140 1973 242 2016 beat
279 1973 438 2031 quibus
465 1973 556 2031 jam
579 1972 691 2015 bene
714 1971 778 2014 uti
799 1972 961 2030 possit,
988 1980 1037 2014 ut
1059 1972 1236 2030 aspiciat
1253 2006 1264 2026 ,
1295 1981 1345 2016 ut
1367 1972 1525 2016 videat.

139 2041 267 2085 Oculi
284 2043 374 2085 sani
392 2057 513 2085 mens
533 2050 597 2085 est
623 2042 677 2085 ab
701 2041 821 2085 omni
843 2041 943 2085 labe
957 2042 1149 2100 corporis
1165 2057 1274 2100 pura
1292 2077 1303 2096 ‚
1329 2041 1373 2086 id
1396 2051 1460 2086 est
1477 2078 1488 2097 ,
1507 2060 1530 2088 a

138 2110 452 2171 cupiditatibus
475 2128 619 2155 rerum
648 2111 901 2156 mortalium
914 2113 1004 2171 jam
1028 2121 1195 2156 remota
1213 2121 1344 2172 atque
1366 2127 1529 2172 purga-

139 2192 183 2226 ta
203 2201 212 2226 ι
236 2181 357 2241 quod
379 2182 417 2225 ei
439 2181 550 2225 nihil
573 2180 691 2224 aliud
713 2190 888 2240 praestat
910 2197 1043 2240 quam
1073 2181 1181 2225 fides
1217 2183 1373 2241 primo.
1400 2185 1527 2235 Quod

140 2253 255 2297 enim
276 2252 419 2295 adhuc
434 2251 473 2294 ei
486 2251 775 2294 demonstrari
797 2266 888 2294 non
905 2260 1048 2309 potest
1069 2252 1184 2295 vitiis
1207 2252 1447 2312 inquinatae
1467 2264 1530 2297 at-

140 2337 227 2382 que
243 2321 487 2380 aegrotanti,
512 2321 613 2380 quia
635 2319 782 2365 videre
800 2322 953 2380 nequit
970 2322 1051 2365 nisi
1073 2338 1192 2377 sana,
1213 2324 1246 2366 si
1270 2339 1357 2367 non
1381 2325 1529 2368 credat

141 2392 264 2436 aliter
286 2407 330 2435 se
358 2406 447 2435 non
469 2406 558 2434 esse
582 2392 770 2435 visuram
789 2426 799 2446 ‚
820 2407 911 2435 non
928 2391 1004 2435 dat
1026 2408 1201 2450 operam
1225 2409 1315 2436 suae
1336 2394 1523 2438 sanitati.

145 2461 230 2507 Sed
252 2460 358 2521 quid
380 2461 413 2504 si
435 2460 583 2505 credat
609 2460 787 2521 quidem
808 2461 868 2505 ita
898 2476 942 2505 se
971 2476 1061 2505 rem
1088 2462 1248 2507 habere
1271 2472 1320 2507 ut
1343 2463 1524 2518 dicitur,

191 2563 200 2579 ¹
221 2556 305 2588 Beda
324 2557 355 2587 in
379 2567 391 2588 1
412 2556 484 2588 Cor.
507 2566 575 2588 xm.
