<?xml version="1.0" encoding="UTF-8"?>
<!DOCTYPE html PUBLIC "-//W3C//DTD XHTML 1.0 Transitional//EN"
    "http://www.w3.org/TR/xhtml1/DTD/xhtml1-transitional.dtd">
<html xmlns="http://www.w3.org/1999/xhtml" xml:lang="en" lang="en">
 <head>
  <title>
</title>
<meta http-equiv="Content-Type" content="text/html;charset=utf-8" />
  <meta name='ocr-system' content='tesseract 3.04.00' />
  <meta name='ocr-capabilities' content='ocr_page ocr_carea ocr_par ocr_line ocrx_word'/>
</head>
<body>
  <div class='ocr_page' id='page_1' title='image "./operaomniaaccura25auguuoft_0231.png"; bbox 0 0 1871 3162; ppageno 0'>
   <div class='ocr_carea' id='block_1_1' title="bbox 609 244 1571 290">
    <p class='ocr_par' dir='ltr' id='par_1_1' title="bbox 609 244 1571 290">
     <span class='ocr_line' id='line_1_1' title="bbox 609 244 1571 290; baseline 0.001 -11"><span class='ocrx_word' id='word_1_1' title='bbox 609 251 957 290; x_wconf 80' lang='lat' dir='ltr'><strong>CONFESSIONUM‚</strong></span> <span class='ocrx_word' id='word_1_2' title='bbox 992 252 1074 278; x_wconf 81' lang='lat' dir='ltr'>LIB.</span> <span class='ocrx_word' id='word_1_3' title='bbox 1112 253 1171 278; x_wconf 78' lang='lat' dir='ltr'>lx.</span> <span class='ocrx_word' id='word_1_4' title='bbox 1494 244 1571 280; x_wconf 75' lang='lat'>221</span> 
     </span>
    </p>
   </div>
   <div class='ocr_carea' id='block_1_2' title="bbox 199 315 1600 2556">
    <p class='ocr_par' dir='ltr' id='par_1_2' title="bbox 199 315 1584 501">
     <span class='ocr_line' id='line_1_2' title="bbox 201 315 1579 375; baseline 0.001 -16"><span class='ocrx_word' id='word_1_5' title='bbox 201 316 340 359; x_wconf 84' lang='lat' dir='ltr'>mihi?</span> <span class='ocrx_word' id='word_1_6' title='bbox 357 317 570 369; x_wconf 83' lang='lat' dir='ltr'>Quoniam</span> <span class='ocrx_word' id='word_1_7' title='bbox 591 315 738 375; x_wconf 88' lang='lat' dir='ltr'>itaque</span> <span class='ocrx_word' id='word_1_8' title='bbox 760 315 987 359; x_wconf 86' lang='lat' dir='ltr'>deserebar</span> <span class='ocrx_word' id='word_1_9' title='bbox 1004 323 1093 359; x_wconf 88' lang='lat' dir='ltr'>tam</span> <span class='ocrx_word' id='word_1_10' title='bbox 1114 329 1273 372; x_wconf 86' lang='lat' dir='ltr'>magno</span> <span class='ocrx_word' id='word_1_11' title='bbox 1294 317 1386 374; x_wconf 86' lang='lat' dir='ltr'>ejus</span> <span class='ocrx_word' id='word_1_12' title='bbox 1408 315 1579 372; x_wconf 86' lang='lat' dir='ltr'>solatio,</span> 
     </span>
     <span class='ocr_line' id='line_1_3' title="bbox 203 385 1584 446; baseline -0.001 -15"><span class='ocrx_word' id='word_1_13' title='bbox 203 387 480 431; x_wconf 86' lang='lat' dir='ltr'>sauciabatur</span> <span class='ocrx_word' id='word_1_14' title='bbox 514 386 656 430; x_wconf 89' lang='lat' dir='ltr'>anima</span> <span class='ocrx_word' id='word_1_15' title='bbox 673 401 768 430; x_wconf 87' lang='lat' dir='ltr'>mea</span> <span class='ocrx_word' id='word_1_16' title='bbox 784 421 795 442; x_wconf 96' lang='lat'>,</span> <span class='ocrx_word' id='word_1_17' title='bbox 819 395 870 440; x_wconf 54' lang='lat' dir='ltr'>³et</span> <span class='ocrx_word' id='word_1_18' title='bbox 891 386 1012 446; x_wconf 88' lang='lat' dir='ltr'>quasi</span> <span class='ocrx_word' id='word_1_19' title='bbox 1034 385 1326 430; x_wconf 86' lang='lat' dir='ltr'>dilaniabatur</span> <span class='ocrx_word' id='word_1_20' title='bbox 1352 386 1461 441; x_wconf 88' lang='lat' dir='ltr'>vita,</span> <span class='ocrx_word' id='word_1_21' title='bbox 1485 402 1584 446; x_wconf 82' lang='lat' dir='ltr'>quae</span> 
     </span>
     <span class='ocr_line' id='line_1_4' title="bbox 199 455 951 501; baseline 0.001 -1"><span class='ocrx_word' id='word_1_22' title='bbox 199 472 287 500; x_wconf 91' lang='lat' dir='ltr'>una</span> <span class='ocrx_word' id='word_1_23' title='bbox 313 455 427 500; x_wconf 87' lang='lat' dir='ltr'>facta</span> <span class='ocrx_word' id='word_1_24' title='bbox 454 465 545 500; x_wconf 87' lang='lat' dir='ltr'>erat</span> <span class='ocrx_word' id='word_1_25' title='bbox 566 470 616 499; x_wconf 80' lang='lat' dir='ltr'>ex</span> <span class='ocrx_word' id='word_1_26' title='bbox 639 471 732 500; x_wconf 90' lang='lat' dir='ltr'>mea</span> <span class='ocrx_word' id='word_1_27' title='bbox 755 465 798 500; x_wconf 90' lang='lat' dir='ltr'>et</span> <span class='ocrx_word' id='word_1_28' title='bbox 821 455 951 501; x_wconf 89' lang='lat' dir='ltr'>illius.</span> 
     </span>
    </p>

    <p class='ocr_par' dir='ltr' id='par_1_3' title="bbox 200 526 1591 1924">
     <span class='ocr_line' id='line_1_5' title="bbox 258 526 1583 586; baseline -0.001 -16"><span class='ocrx_word' id='word_1_29' title='bbox 258 529 425 570; x_wconf 87' lang='lat' dir='ltr'>XXXI.</span> <span class='ocrx_word' id='word_1_30' title='bbox 452 527 656 571; x_wconf 87' lang='lat' dir='ltr'>Cohibito</span> <span class='ocrx_word' id='word_1_31' title='bbox 678 542 780 585; x_wconf 84' lang='lat' dir='ltr'>ergo</span> <span class='ocrx_word' id='word_1_32' title='bbox 804 543 827 571; x_wconf 88' lang='lat' dir='ltr'>a</span> <span class='ocrx_word' id='word_1_33' title='bbox 844 527 951 570; x_wconf 87' lang='lat' dir='ltr'>fletu</span> <span class='ocrx_word' id='word_1_34' title='bbox 972 526 1047 571; x_wconf 90' lang='lat' dir='ltr'>illo</span> <span class='ocrx_word' id='word_1_35' title='bbox 1063 541 1223 586; x_wconf 82' lang='lat' dir='ltr'>puero,</span> <span class='ocrx_word' id='word_1_36' title='bbox 1245 526 1502 571; x_wconf 89' lang='lat' dir='ltr'>Psalterium</span> <span class='ocrx_word' id='word_1_37' title='bbox 1516 542 1583 570; x_wconf 91' lang='lat' dir='ltr'>ar-</span> 
     </span>
     <span class='ocr_line' id='line_1_6' title="bbox 200 595 1584 655; baseline -0.001 -15"><span class='ocrx_word' id='word_1_38' title='bbox 200 597 334 654; x_wconf 87' lang='lat' dir='ltr'>ripuit</span> <span class='ocrx_word' id='word_1_39' title='bbox 356 596 548 640; x_wconf 90' lang='lat' dir='ltr'>Evodius</span> <span class='ocrx_word' id='word_1_40' title='bbox 563 631 574 650; x_wconf 93' lang='lat'>,</span> <span class='ocrx_word' id='word_1_41' title='bbox 603 605 646 640; x_wconf 90' lang='lat' dir='ltr'>et</span> <span class='ocrx_word' id='word_1_42' title='bbox 674 605 847 640; x_wconf 88' lang='lat' dir='ltr'>cantare</span> <span class='ocrx_word' id='word_1_43' title='bbox 869 596 1005 655; x_wconf 87' lang='lat' dir='ltr'>coepit</span> <span class='ocrx_word' id='word_1_44' title='bbox 1036 595 1271 640; x_wconf 87' lang='lat' dir='ltr'>Psalmum.</span> <span class='ocrx_word' id='word_1_45' title='bbox 1301 596 1382 641; x_wconf 93' lang='lat' dir='ltr'>Cui</span> <span class='ocrx_word' id='word_1_46' title='bbox 1404 611 1584 654; x_wconf 88' lang='lat' dir='ltr'>respon-</span> 
     </span>
     <span class='ocr_line' id='line_1_7' title="bbox 200 665 1585 725; baseline -0.001 -15"><span class='ocrx_word' id='word_1_47' title='bbox 200 665 411 710; x_wconf 86' lang='lat' dir='ltr'>debamus</span> <span class='ocrx_word' id='word_1_48' title='bbox 429 668 569 711; x_wconf 89' lang='lat' dir='ltr'>omnis</span> <span class='ocrx_word' id='word_1_49' title='bbox 591 666 747 710; x_wconf 89' lang='lat' dir='ltr'>domus</span> <span class='ocrx_word' id='word_1_50' title='bbox 770 685 815 711; x_wconf 83' lang='lat' dir='ltr'>z«</span> <span class='ocrx_word' id='word_1_51' title='bbox 831 665 1171 711; x_wconf 85' lang='lat' dir='ltr'>Misericordiam</span> <span class='ocrx_word' id='word_1_52' title='bbox 1192 675 1235 710; x_wconf 89' lang='lat' dir='ltr'>et</span> <span class='ocrx_word' id='word_1_53' title='bbox 1251 665 1466 725; x_wconf 86' lang='lat' dir='ltr'>judicium</span> <span class='ocrx_word' id='word_1_54' title='bbox 1489 681 1585 710; x_wconf 91' lang='lat' dir='ltr'>can-</span> 
     </span>
     <span class='ocr_line' id='line_1_8' title="bbox 203 735 1582 796; baseline 0.001 -18"><span class='ocrx_word' id='word_1_55' title='bbox 203 754 224 778; x_wconf 90' lang='lat'>»</span> <span class='ocrx_word' id='word_1_56' title='bbox 260 737 360 781; x_wconf 90' lang='lat' dir='ltr'>tabo</span> <span class='ocrx_word' id='word_1_57' title='bbox 388 737 490 792; x_wconf 89' lang='lat' dir='ltr'>tibi,</span> <span class='ocrx_word' id='word_1_58' title='bbox 528 738 752 782; x_wconf 82' lang='lat' dir='ltr'>Domine1.</span> <span class='ocrx_word' id='word_1_59' title='bbox 799 755 819 778; x_wconf 92' lang='lat'>»</span> <span class='ocrx_word' id='word_1_60' title='bbox 852 736 1016 782; x_wconf 89' lang='lat' dir='ltr'>Audito</span> <span class='ocrx_word' id='word_1_61' title='bbox 1043 746 1190 781; x_wconf 89' lang='lat' dir='ltr'>autem</span> <span class='ocrx_word' id='word_1_62' title='bbox 1218 735 1326 796; x_wconf 90' lang='lat' dir='ltr'>quid</span> <span class='ocrx_word' id='word_1_63' title='bbox 1355 746 1582 795; x_wconf 79' lang='lat' dir='ltr'>ageretur,</span> 
     </span>
     <span class='ocr_line' id='line_1_9' title="bbox 201 806 1586 866; baseline 0 -15"><span class='ocrx_word' id='word_1_64' title='bbox 201 817 500 851; x_wconf 86' lang='lat' dir='ltr'>convenerunt</span> <span class='ocrx_word' id='word_1_65' title='bbox 531 806 657 851; x_wconf 89' lang='lat' dir='ltr'>multi</span> <span class='ocrx_word' id='word_1_66' title='bbox 691 806 843 851; x_wconf 89' lang='lat' dir='ltr'>fratres</span> <span class='ocrx_word' id='word_1_67' title='bbox 875 823 924 851; x_wconf 89' lang='lat' dir='ltr'>ac</span> <span class='ocrx_word' id='word_1_68' title='bbox 959 806 1168 866; x_wconf 84' lang='lat' dir='ltr'>religiosae</span> <span class='ocrx_word' id='word_1_69' title='bbox 1202 806 1419 865; x_wconf 65' lang='lat' dir='ltr'>foeminae,</span> <span class='ocrx_word' id='word_1_70' title='bbox 1447 815 1491 851; x_wconf 86' lang='lat' dir='ltr'>et</span> <span class='ocrx_word' id='word_1_71' title='bbox 1532 808 1586 851; x_wconf 89' lang='lat' dir='ltr'>de</span> 
     </span>
     <span class='ocr_line' id='line_1_10' title="bbox 201 877 1587 937; baseline 0.001 -17"><span class='ocrx_word' id='word_1_72' title='bbox 201 892 320 921; x_wconf 90' lang='lat' dir='ltr'>more</span> <span class='ocrx_word' id='word_1_73' title='bbox 336 877 417 921; x_wconf 89' lang='lat' dir='ltr'>illis</span> <span class='ocrx_word' id='word_1_74' title='bbox 439 893 627 937; x_wconf 89' lang='lat' dir='ltr'>quorum</span> <span class='ocrx_word' id='word_1_75' title='bbox 644 877 837 922; x_wconf 89' lang='lat' dir='ltr'>officium</span> <span class='ocrx_word' id='word_1_76' title='bbox 860 888 951 922; x_wconf 90' lang='lat' dir='ltr'>erat</span> <span class='ocrx_word' id='word_1_77' title='bbox 972 877 1105 922; x_wconf 86' lang='lat' dir='ltr'>funus</span> <span class='ocrx_word' id='word_1_78' title='bbox 1125 879 1380 923; x_wconf 81' lang='lat' dir='ltr'>curantibus</span> <span class='ocrx_word' id='word_1_79' title='bbox 1397 913 1408 933; x_wconf 92' lang='lat'>,</span> <span class='ocrx_word' id='word_1_80' title='bbox 1435 892 1513 936; x_wconf 85' lang='lat' dir='ltr'>ego</span> <span class='ocrx_word' id='word_1_81' title='bbox 1541 878 1587 921; x_wconf 88' lang='lat' dir='ltr'>in</span> 
     </span>
     <span class='ocr_line' id='line_1_11' title="bbox 203 948 1585 1009; baseline -0.001 -16"><span class='ocrx_word' id='word_1_82' title='bbox 203 958 326 1008; x_wconf 89' lang='lat' dir='ltr'>parte</span> <span class='ocrx_word' id='word_1_83' title='bbox 348 949 425 993; x_wconf 91' lang='lat' dir='ltr'>ubi</span> <span class='ocrx_word' id='word_1_84' title='bbox 448 949 652 994; x_wconf 88' lang='lat' dir='ltr'>decenter</span> <span class='ocrx_word' id='word_1_85' title='bbox 673 959 869 1009; x_wconf 89' lang='lat' dir='ltr'>poteram</span> <span class='ocrx_word' id='word_1_86' title='bbox 887 984 897 1003; x_wconf 83' lang='lat'>,</span> <span class='ocrx_word' id='word_1_87' title='bbox 926 964 1026 993; x_wconf 89' lang='lat' dir='ltr'>cum</span> <span class='ocrx_word' id='word_1_88' title='bbox 1053 949 1112 993; x_wconf 83' lang='lat' dir='ltr'>eis</span> <span class='ocrx_word' id='word_1_89' title='bbox 1144 949 1220 1009; x_wconf 88' lang='lat' dir='ltr'>qui</span> <span class='ocrx_word' id='word_1_90' title='bbox 1241 965 1310 993; x_wconf 89' lang='lat' dir='ltr'>me</span> <span class='ocrx_word' id='word_1_91' title='bbox 1340 965 1430 993; x_wconf 89' lang='lat' dir='ltr'>non</span> <span class='ocrx_word' id='word_1_92' title='bbox 1462 948 1585 992; x_wconf 87' lang='lat' dir='ltr'>dese-</span> 
     </span>
     <span class='ocr_line' id='line_1_12' title="bbox 205 1019 1587 1079; baseline 0 -16"><span class='ocrx_word' id='word_1_93' title='bbox 205 1019 393 1064; x_wconf 87' lang='lat' dir='ltr'>rendum</span> <span class='ocrx_word' id='word_1_94' title='bbox 432 1036 521 1064; x_wconf 85' lang='lat' dir='ltr'>esse</span> <span class='ocrx_word' id='word_1_95' title='bbox 558 1021 819 1074; x_wconf 84' lang='lat' dir='ltr'>censebant,</span> <span class='ocrx_word' id='word_1_96' title='bbox 852 1019 972 1079; x_wconf 87' lang='lat' dir='ltr'>quod</span> <span class='ocrx_word' id='word_1_97' title='bbox 1004 1029 1094 1063; x_wconf 87' lang='lat' dir='ltr'>erat</span> <span class='ocrx_word' id='word_1_98' title='bbox 1128 1021 1313 1079; x_wconf 87' lang='lat' dir='ltr'>tempori</span> <span class='ocrx_word' id='word_1_99' title='bbox 1346 1035 1587 1078; x_wconf 87' lang='lat' dir='ltr'>congruum</span> 
     </span>
     <span class='ocr_line' id='line_1_13' title="bbox 205 1090 1588 1151; baseline 0 -18"><span class='ocrx_word' id='word_1_100' title='bbox 205 1090 508 1150; x_wconf 75' lang='lat' dir='ltr'>disputabam,</span> <span class='ocrx_word' id='word_1_101' title='bbox 538 1106 677 1151; x_wconf 85' lang='lat' dir='ltr'>eoque</span> <span class='ocrx_word' id='word_1_102' title='bbox 706 1091 901 1135; x_wconf 87' lang='lat' dir='ltr'>fomento</span> <span class='ocrx_word' id='word_1_103' title='bbox 922 1091 1112 1134; x_wconf 89' lang='lat' dir='ltr'>veritatis</span> <span class='ocrx_word' id='word_1_104' title='bbox 1145 1090 1397 1147; x_wconf 86' lang='lat' dir='ltr'>mitigabam</span> <span class='ocrx_word' id='word_1_105' title='bbox 1419 1091 1588 1134; x_wconf 83' lang='lat' dir='ltr'>crucia-</span> 
     </span>
     <span class='ocr_line' id='line_1_14' title="bbox 202 1160 1584 1219; baseline -0.001 -14"><span class='ocrx_word' id='word_1_106' title='bbox 202 1170 297 1205; x_wconf 90' lang='lat' dir='ltr'>tum</span> <span class='ocrx_word' id='word_1_107' title='bbox 318 1162 569 1216; x_wconf 58' lang='lat' dir='ltr'>ti12imott1m</span> <span class='ocrx_word' id='word_1_108' title='bbox 584 1197 594 1216; x_wconf 89' lang='lat'>,</span> <span class='ocrx_word' id='word_1_109' title='bbox 616 1161 698 1205; x_wconf 80' lang='lat' dir='ltr'>illis</span> <span class='ocrx_word' id='word_1_110' title='bbox 720 1161 1020 1219; x_wconf 80' lang='lat' dir='ltr'>ignorantibus</span> <span class='ocrx_word' id='word_1_111' title='bbox 1043 1170 1086 1204; x_wconf 87' lang='lat' dir='ltr'>et</span> <span class='ocrx_word' id='word_1_112' title='bbox 1102 1161 1268 1204; x_wconf 86' lang='lat' dir='ltr'>intente</span> <span class='ocrx_word' id='word_1_113' title='bbox 1291 1160 1584 1214; x_wconf 81' lang='lat' dir='ltr'>audientibus,</span> 
     </span>
     <span class='ocr_line' id='line_1_15' title="bbox 203 1230 1587 1289; baseline 0 -15"><span class='ocrx_word' id='word_1_114' title='bbox 203 1240 244 1276; x_wconf 89' lang='lat' dir='ltr'>et</span> <span class='ocrx_word' id='word_1_115' title='bbox 268 1232 357 1275; x_wconf 89' lang='lat' dir='ltr'>sine</span> <span class='ocrx_word' id='word_1_116' title='bbox 382 1247 509 1275; x_wconf 82' lang='lat' dir='ltr'>sensu</span> <span class='ocrx_word' id='word_1_117' title='bbox 529 1230 691 1275; x_wconf 87' lang='lat' dir='ltr'>doloris</span> <span class='ocrx_word' id='word_1_118' title='bbox 707 1246 776 1274; x_wconf 88' lang='lat' dir='ltr'>me</span> <span class='ocrx_word' id='word_1_119' title='bbox 799 1246 888 1274; x_wconf 87' lang='lat' dir='ltr'>esse</span> <span class='ocrx_word' id='word_1_120' title='bbox 917 1230 1242 1274; x_wconf 81' lang='lat' dir='ltr'>arbitrantibus.</span> <span class='ocrx_word' id='word_1_121' title='bbox 1266 1235 1321 1274; x_wconf 84' lang='lat' dir='ltr'>At</span> <span class='ocrx_word' id='word_1_122' title='bbox 1339 1246 1418 1289; x_wconf 89' lang='lat' dir='ltr'>ego</span> <span class='ocrx_word' id='word_1_123' title='bbox 1446 1231 1490 1274; x_wconf 91' lang='lat' dir='ltr'>in</span> <span class='ocrx_word' id='word_1_124' title='bbox 1509 1247 1587 1274; x_wconf 90' lang='lat' dir='ltr'>au-</span> 
     </span>
     <span class='ocr_line' id='line_1_16' title="bbox 205 1299 1589 1359; baseline -0.001 -14"><span class='ocrx_word' id='word_1_125' title='bbox 205 1301 324 1345; x_wconf 87' lang='lat' dir='ltr'>ribus</span> <span class='ocrx_word' id='word_1_126' title='bbox 344 1302 450 1356; x_wconf 85' lang='lat' dir='ltr'>tuis,</span> <span class='ocrx_word' id='word_1_127' title='bbox 479 1301 555 1345; x_wconf 88' lang='lat' dir='ltr'>ubi</span> <span class='ocrx_word' id='word_1_128' title='bbox 576 1316 725 1346; x_wconf 87' lang='lat' dir='ltr'>eorum</span> <span class='ocrx_word' id='word_1_129' title='bbox 747 1299 894 1344; x_wconf 85' lang='lat' dir='ltr'>nullus</span> <span class='ocrx_word' id='word_1_130' title='bbox 914 1300 1118 1344; x_wconf 86' lang='lat' dir='ltr'>audiebat</span> <span class='ocrx_word' id='word_1_131' title='bbox 1134 1336 1145 1355; x_wconf 89' lang='lat'>,</span> <span class='ocrx_word' id='word_1_132' title='bbox 1178 1300 1456 1359; x_wconf 86' lang='lat' dir='ltr'>increpabam</span> <span class='ocrx_word' id='word_1_133' title='bbox 1478 1300 1589 1345; x_wconf 83' lang='lat' dir='ltr'>mol-</span> 
     </span>
     <span class='ocr_line' id='line_1_17' title="bbox 204 1370 1584 1430; baseline 0.001 -16"><span class='ocrx_word' id='word_1_134' title='bbox 204 1370 339 1415; x_wconf 90' lang='lat' dir='ltr'>litiem</span> <span class='ocrx_word' id='word_1_135' title='bbox 368 1372 547 1415; x_wconf 83' lang='lat' dir='ltr'>affectus</span> <span class='ocrx_word' id='word_1_136' title='bbox 580 1372 685 1426; x_wconf 86' lang='lat' dir='ltr'>mei,</span> <span class='ocrx_word' id='word_1_137' title='bbox 719 1381 762 1415; x_wconf 92' lang='lat' dir='ltr'>et</span> <span class='ocrx_word' id='word_1_138' title='bbox 795 1372 1145 1430; x_wconf 82' lang='lat' dir='ltr'>constringebam</span> <span class='ocrx_word' id='word_1_139' title='bbox 1168 1372 1337 1415; x_wconf 80' lang='lat' dir='ltr'>fluxum</span> <span class='ocrx_word' id='word_1_140' title='bbox 1360 1372 1584 1426; x_wconf 83' lang='lat' dir='ltr'>moeroris,</span> 
     </span>
     <span class='ocr_line' id='line_1_18' title="bbox 205 1441 1587 1502; baseline 0.001 -17"><span class='ocrx_word' id='word_1_141' title='bbox 205 1442 476 1502; x_wconf 87' lang='lat' dir='ltr'>cedebatque</span> <span class='ocrx_word' id='word_1_142' title='bbox 506 1443 612 1485; x_wconf 80' lang='lat' dir='ltr'>mihi</span> <span class='ocrx_word' id='word_1_143' title='bbox 639 1441 868 1501; x_wconf 89' lang='lat' dir='ltr'>paululum</span> <span class='ocrx_word' id='word_1_144' title='bbox 886 1477 896 1497; x_wconf 95' lang='lat'>,</span> <span class='ocrx_word' id='word_1_145' title='bbox 928 1457 1161 1502; x_wconf 86' lang='lat' dir='ltr'>rursusque</span> <span class='ocrx_word' id='word_1_146' title='bbox 1182 1443 1351 1501; x_wconf 87' lang='lat' dir='ltr'>impetu</span> <span class='ocrx_word' id='word_1_147' title='bbox 1372 1458 1450 1487; x_wconf 89' lang='lat' dir='ltr'>suo</span> <span class='ocrx_word' id='word_1_148' title='bbox 1472 1442 1587 1486; x_wconf 85' lang='lat' dir='ltr'>fere-</span> 
     </span>
     <span class='ocr_line' id='line_1_19' title="bbox 204 1512 1588 1573; baseline 0.001 -17"><span class='ocrx_word' id='word_1_149' title='bbox 204 1513 349 1568; x_wconf 84' lang='lat' dir='ltr'>batur,</span> <span class='ocrx_word' id='word_1_150' title='bbox 372 1528 461 1557; x_wconf 91' lang='lat' dir='ltr'>non</span> <span class='ocrx_word' id='word_1_151' title='bbox 483 1528 620 1573; x_wconf 89' lang='lat' dir='ltr'>usque</span> <span class='ocrx_word' id='word_1_152' title='bbox 639 1513 693 1556; x_wconf 92' lang='lat' dir='ltr'>ad</span> <span class='ocrx_word' id='word_1_153' title='bbox 714 1514 989 1572; x_wconf 88' lang='lat' dir='ltr'>eruptionem</span> <span class='ocrx_word' id='word_1_154' title='bbox 1008 1512 1297 1570; x_wconf 88' lang='lat' dir='ltr'>lacrymarum</span> <span class='ocrx_word' id='word_1_155' title='bbox 1318 1548 1328 1568; x_wconf 87' lang='lat'>,</span> <span class='ocrx_word' id='word_1_156' title='bbox 1351 1529 1432 1557; x_wconf 87' lang='lat' dir='ltr'>nec</span> <span class='ocrx_word' id='word_1_157' title='bbox 1450 1529 1588 1573; x_wconf 88' lang='lat' dir='ltr'>usque</span> 
     </span>
     <span class='ocr_line' id='line_1_20' title="bbox 206 1583 1589 1644; baseline 0.001 -17"><span class='ocrx_word' id='word_1_158' title='bbox 206 1584 261 1628; x_wconf 91' lang='lat' dir='ltr'>ad</span> <span class='ocrx_word' id='word_1_159' title='bbox 284 1583 430 1628; x_wconf 85' lang='lat' dir='ltr'>vultus</span> <span class='ocrx_word' id='word_1_160' title='bbox 454 1585 742 1628; x_wconf 82' lang='lat' dir='ltr'>mutationem</span> <span class='ocrx_word' id='word_1_161' title='bbox 758 1619 769 1639; x_wconf 84' lang='lat'>,</span> <span class='ocrx_word' id='word_1_162' title='bbox 794 1583 870 1628; x_wconf 88' lang='lat' dir='ltr'>sed</span> <span class='ocrx_word' id='word_1_163' title='bbox 892 1599 970 1643; x_wconf 88' lang='lat' dir='ltr'>ego</span> <span class='ocrx_word' id='word_1_164' title='bbox 992 1584 1180 1628; x_wconf 86' lang='lat' dir='ltr'>sciebam</span> <span class='ocrx_word' id='word_1_165' title='bbox 1209 1584 1316 1643; x_wconf 88' lang='lat' dir='ltr'>quid</span> <span class='ocrx_word' id='word_1_166' title='bbox 1339 1584 1468 1628; x_wconf 87' lang='lat' dir='ltr'>corde</span> <span class='ocrx_word' id='word_1_167' title='bbox 1490 1600 1589 1644; x_wconf 89' lang='lat' dir='ltr'>pre-</span> 
     </span>
     <span class='ocr_line' id='line_1_21' title="bbox 205 1654 1590 1714; baseline 0.001 -17"><span class='ocrx_word' id='word_1_168' title='bbox 205 1668 383 1697; x_wconf 86' lang='lat' dir='ltr'>merem.</span> <span class='ocrx_word' id='word_1_169' title='bbox 410 1657 466 1698; x_wconf 83' lang='lat' dir='ltr'>Et</span> <span class='ocrx_word' id='word_1_170' title='bbox 488 1654 589 1714; x_wconf 90' lang='lat' dir='ltr'>quia</span> <span class='ocrx_word' id='word_1_171' title='bbox 621 1655 727 1698; x_wconf 86' lang='lat' dir='ltr'>mihi</span> <span class='ocrx_word' id='word_1_172' title='bbox 759 1655 1040 1699; x_wconf 86' lang='lat' dir='ltr'>vehementer</span> <span class='ocrx_word' id='word_1_173' title='bbox 1075 1654 1331 1714; x_wconf 87' lang='lat' dir='ltr'>displicebat</span> <span class='ocrx_word' id='word_1_174' title='bbox 1352 1664 1522 1699; x_wconf 91' lang='lat' dir='ltr'>tantum</span> <span class='ocrx_word' id='word_1_175' title='bbox 1545 1655 1590 1699; x_wconf 90' lang='lat' dir='ltr'>in</span> 
     </span>
     <span class='ocr_line' id='line_1_22' title="bbox 206 1725 1591 1785; baseline 0.001 -16"><span class='ocrx_word' id='word_1_176' title='bbox 206 1740 277 1769; x_wconf 87' lang='lat' dir='ltr'>me</span> <span class='ocrx_word' id='word_1_177' title='bbox 291 1741 412 1785; x_wconf 86' lang='lat' dir='ltr'>posse</span> <span class='ocrx_word' id='word_1_178' title='bbox 433 1726 527 1770; x_wconf 86' lang='lat' dir='ltr'>haec</span> <span class='ocrx_word' id='word_1_179' title='bbox 542 1726 731 1770; x_wconf 86' lang='lat' dir='ltr'>humana</span> <span class='ocrx_word' id='word_1_180' title='bbox 748 1760 758 1780; x_wconf 87' lang='lat'>,</span> <span class='ocrx_word' id='word_1_181' title='bbox 774 1741 873 1785; x_wconf 83' lang='lat' dir='ltr'>quae</span> <span class='ocrx_word' id='word_1_182' title='bbox 896 1725 1048 1770; x_wconf 82' lang='lat' dir='ltr'>ordine</span> <span class='ocrx_word' id='word_1_183' title='bbox 1066 1725 1215 1770; x_wconf 86' lang='lat' dir='ltr'>debito</span> <span class='ocrx_word' id='word_1_184' title='bbox 1237 1735 1280 1769; x_wconf 84' lang='lat' dir='ltr'>et</span> <span class='ocrx_word' id='word_1_185' title='bbox 1302 1735 1417 1770; x_wconf 90' lang='lat' dir='ltr'>sorte</span> <span class='ocrx_word' id='word_1_186' title='bbox 1439 1727 1591 1770; x_wconf 86' lang='lat' dir='ltr'>condi-</span> 
     </span>
     <span class='ocr_line' id='line_1_23' title="bbox 207 1795 1591 1850; baseline 0 -10"><span class='ocrx_word' id='word_1_187' title='bbox 207 1796 337 1840; x_wconf 90' lang='lat' dir='ltr'>tionis</span> <span class='ocrx_word' id='word_1_188' title='bbox 365 1805 521 1840; x_wconf 83' lang='lat' dir='ltr'>nostrae</span> <span class='ocrx_word' id='word_1_189' title='bbox 554 1795 747 1840; x_wconf 86' lang='lat' dir='ltr'>accidere</span> <span class='ocrx_word' id='word_1_190' title='bbox 780 1810 952 1839; x_wconf 87' lang='lat' dir='ltr'>necesse</span> <span class='ocrx_word' id='word_1_191' title='bbox 982 1804 1066 1850; x_wconf 80' lang='lat' dir='ltr'>est,</span> <span class='ocrx_word' id='word_1_192' title='bbox 1095 1795 1178 1839; x_wconf 88' lang='lat' dir='ltr'>alio</span> <span class='ocrx_word' id='word_1_193' title='bbox 1208 1795 1359 1839; x_wconf 87' lang='lat' dir='ltr'>dolore</span> <span class='ocrx_word' id='word_1_194' title='bbox 1387 1795 1591 1840; x_wconf 88' lang='lat' dir='ltr'>dolebam</span> 
     </span>
     <span class='ocr_line' id='line_1_24' title="bbox 209 1865 1321 1924; baseline -0.002 -14"><span class='ocrx_word' id='word_1_195' title='bbox 209 1866 402 1911; x_wconf 86' lang='lat' dir='ltr'>dolorem</span> <span class='ocrx_word' id='word_1_196' title='bbox 424 1881 570 1909; x_wconf 89' lang='lat' dir='ltr'>meum</span> <span class='ocrx_word' id='word_1_197' title='bbox 588 1900 599 1920; x_wconf 92' lang='lat'>,</span> <span class='ocrx_word' id='word_1_198' title='bbox 624 1875 667 1910; x_wconf 89' lang='lat' dir='ltr'>et</span> <span class='ocrx_word' id='word_1_199' title='bbox 688 1865 853 1924; x_wconf 88' lang='lat' dir='ltr'>duplici</span> <span class='ocrx_word' id='word_1_200' title='bbox 870 1865 1039 1908; x_wconf 90' lang='lat' dir='ltr'>tristitia</span> <span class='ocrx_word' id='word_1_201' title='bbox 1058 1865 1321 1909; x_wconf 88' lang='lat' dir='ltr'>macerabar.</span> 
     </span>
    </p>

    <p class='ocr_par' dir='ltr' id='par_1_4' title="bbox 210 1934 1600 2556">
     <span class='ocr_line' id='line_1_25' title="bbox 267 1934 1591 1994; baseline 0 -14"><span class='ocrx_word' id='word_1_202' title='bbox 267 1937 455 1980; x_wconf 90' lang='lat' dir='ltr'>XXXII.</span> <span class='ocrx_word' id='word_1_203' title='bbox 488 1938 601 1981; x_wconf 90' lang='lat' dir='ltr'>Cum</span> <span class='ocrx_word' id='word_1_204' title='bbox 629 1951 728 1980; x_wconf 90' lang='lat' dir='ltr'>ecce</span> <span class='ocrx_word' id='word_1_205' title='bbox 761 1950 917 1994; x_wconf 88' lang='lat' dir='ltr'>corpus</span> <span class='ocrx_word' id='word_1_206' title='bbox 941 1934 1103 1978; x_wconf 87' lang='lat' dir='ltr'>elatum</span> <span class='ocrx_word' id='word_1_207' title='bbox 1125 1944 1210 1989; x_wconf 87' lang='lat' dir='ltr'>est,</span> <span class='ocrx_word' id='word_1_208' title='bbox 1243 1935 1376 1990; x_wconf 87' lang='lat' dir='ltr'>imus,</span> <span class='ocrx_word' id='word_1_209' title='bbox 1402 1936 1591 1980; x_wconf 91' lang='lat' dir='ltr'>redimus</span> 
     </span>
     <span class='ocr_line' id='line_1_26' title="bbox 210 2006 1594 2066; baseline -0.001 -14"><span class='ocrx_word' id='word_1_210' title='bbox 210 2008 301 2052; x_wconf 90' lang='lat' dir='ltr'>sine</span> <span class='ocrx_word' id='word_1_211' title='bbox 325 2006 540 2064; x_wconf 85' lang='lat' dir='ltr'>lacrymis.</span> <span class='ocrx_word' id='word_1_212' title='bbox 565 2009 673 2052; x_wconf 87' lang='lat' dir='ltr'>Nam</span> <span class='ocrx_word' id='word_1_213' title='bbox 696 2021 839 2066; x_wconf 88' lang='lat' dir='ltr'>neque</span> <span class='ocrx_word' id='word_1_214' title='bbox 859 2007 904 2050; x_wconf 87' lang='lat' dir='ltr'>in</span> <span class='ocrx_word' id='word_1_215' title='bbox 927 2006 984 2049; x_wconf 87' lang='lat' dir='ltr'>eis</span> <span class='ocrx_word' id='word_1_216' title='bbox 1019 2006 1218 2064; x_wconf 86' lang='lat' dir='ltr'>precibus</span> <span class='ocrx_word' id='word_1_217' title='bbox 1239 2021 1346 2065; x_wconf 92' lang='lat' dir='ltr'>quas</span> <span class='ocrx_word' id='word_1_218' title='bbox 1374 2006 1453 2050; x_wconf 90' lang='lat' dir='ltr'>tibi</span> <span class='ocrx_word' id='word_1_219' title='bbox 1473 2006 1594 2051; x_wconf 85' lang='lat' dir='ltr'>fudi-</span> 
     </span>
     <span class='ocr_line' id='line_1_27' title="bbox 212 2075 1597 2137; baseline 0.001 -17"><span class='ocrx_word' id='word_1_220' title='bbox 212 2092 309 2121; x_wconf 90' lang='lat' dir='ltr'>mus</span> <span class='ocrx_word' id='word_1_221' title='bbox 327 2112 337 2132; x_wconf 88' lang='lat'>,</span> <span class='ocrx_word' id='word_1_222' title='bbox 360 2091 461 2120; x_wconf 90' lang='lat' dir='ltr'>cum</span> <span class='ocrx_word' id='word_1_223' title='bbox 483 2076 716 2120; x_wconf 81' lang='lat' dir='ltr'>offerretur</span> <span class='ocrx_word' id='word_1_224' title='bbox 730 2091 810 2135; x_wconf 87' lang='lat' dir='ltr'>pro</span> <span class='ocrx_word' id='word_1_225' title='bbox 833 2091 881 2120; x_wconf 89' lang='lat' dir='ltr'>ea</span> <span class='ocrx_word' id='word_1_226' title='bbox 901 2076 1158 2120; x_wconf 88' lang='lat' dir='ltr'>sacrificium</span> <span class='ocrx_word' id='word_1_227' title='bbox 1176 2075 1304 2135; x_wconf 87' lang='lat' dir='ltr'>pretii</span> <span class='ocrx_word' id='word_1_228' title='bbox 1325 2078 1486 2131; x_wconf 82' lang='lat' dir='ltr'>nostri,</span> <span class='ocrx_word' id='word_1_229' title='bbox 1507 2079 1597 2137; x_wconf 88' lang='lat' dir='ltr'>jam</span> 
     </span>
     <span class='ocr_line' id='line_1_28' title="bbox 210 2145 1599 2208; baseline -0.001 -16"><span class='ocrx_word' id='word_1_230' title='bbox 210 2149 334 2208; x_wconf 79' lang='lat' dir='ltr'>juxta</span> <span class='ocrx_word' id='word_1_231' title='bbox 357 2146 606 2207; x_wconf 86' lang='lat' dir='ltr'>sepulcrum</span> <span class='ocrx_word' id='word_1_232' title='bbox 628 2146 768 2206; x_wconf 85' lang='lat' dir='ltr'>posito</span> <span class='ocrx_word' id='word_1_233' title='bbox 806 2145 1014 2190; x_wconf 86' lang='lat' dir='ltr'>cadavere</span> <span class='ocrx_word' id='word_1_234' title='bbox 1034 2181 1044 2200; x_wconf 94' lang='lat'>,</span> <span class='ocrx_word' id='word_1_235' title='bbox 1070 2146 1323 2205; x_wconf 87' lang='lat' dir='ltr'>priusquam</span> <span class='ocrx_word' id='word_1_236' title='bbox 1358 2146 1599 2206; x_wconf 88' lang='lat' dir='ltr'>deponere-</span> 
     </span>
     <span class='ocr_line' id='line_1_29' title="bbox 215 2216 1596 2275; baseline 0.001 -15"><span class='ocrx_word' id='word_1_237' title='bbox 215 2227 314 2271; x_wconf 86' lang='lat' dir='ltr'>tur,</span> <span class='ocrx_word' id='word_1_238' title='bbox 341 2218 452 2262; x_wconf 89' lang='lat' dir='ltr'>sicut</span> <span class='ocrx_word' id='word_1_239' title='bbox 475 2217 564 2261; x_wconf 89' lang='lat' dir='ltr'>illic</span> <span class='ocrx_word' id='word_1_240' title='bbox 593 2217 686 2260; x_wconf 87' lang='lat' dir='ltr'>fieri</span> <span class='ocrx_word' id='word_1_241' title='bbox 714 2216 848 2271; x_wconf 88' lang='lat' dir='ltr'>solet,</span> <span class='ocrx_word' id='word_1_242' title='bbox 887 2217 1032 2260; x_wconf 82' lang='lat' dir='ltr'>necin</span> <span class='ocrx_word' id='word_1_243' title='bbox 1054 2217 1112 2260; x_wconf 88' lang='grc'>615</span> <span class='ocrx_word' id='word_1_244' title='bbox 1142 2217 1343 2275; x_wconf 88' lang='lat' dir='ltr'>precibus</span> <span class='ocrx_word' id='word_1_245' title='bbox 1370 2232 1448 2275; x_wconf 84' lang='lat' dir='ltr'>ego</span> <span class='ocrx_word' id='word_1_246' title='bbox 1476 2219 1596 2274; x_wconf 84' lang='lat' dir='ltr'>flevi,</span> 
     </span>
     <span class='ocr_line' id='line_1_30' title="bbox 218 2286 1599 2346; baseline 0.001 -15"><span class='ocrx_word' id='word_1_247' title='bbox 218 2288 295 2332; x_wconf 86' lang='lat' dir='ltr'>sed</span> <span class='ocrx_word' id='word_1_248' title='bbox 316 2296 409 2332; x_wconf 88' lang='lat' dir='ltr'>toto</span> <span class='ocrx_word' id='word_1_249' title='bbox 431 2288 501 2331; x_wconf 90' lang='lat' dir='ltr'>die</span> <span class='ocrx_word' id='word_1_250' title='bbox 525 2287 712 2346; x_wconf 87' lang='lat' dir='ltr'>graviter</span> <span class='ocrx_word' id='word_1_251' title='bbox 740 2287 786 2330; x_wconf 88' lang='lat' dir='ltr'>in</span> <span class='ocrx_word' id='word_1_252' title='bbox 808 2286 980 2331; x_wconf 91' lang='lat' dir='ltr'>occulto</span> <span class='ocrx_word' id='word_1_253' title='bbox 1002 2292 1183 2330; x_wconf 79' lang='lat' dir='ltr'>moestus</span> <span class='ocrx_word' id='word_1_254' title='bbox 1209 2303 1324 2331; x_wconf 89' lang='lat' dir='ltr'>eram</span> <span class='ocrx_word' id='word_1_255' title='bbox 1340 2322 1351 2342; x_wconf 92' lang='lat'>,</span> <span class='ocrx_word' id='word_1_256' title='bbox 1389 2298 1432 2332; x_wconf 87' lang='lat' dir='ltr'>et</span> <span class='ocrx_word' id='word_1_257' title='bbox 1453 2298 1599 2333; x_wconf 88' lang='lat' dir='ltr'>mente</span> 
     </span>
     <span class='ocr_line' id='line_1_31' title="bbox 220 2358 1600 2418; baseline 0.001 -16"><span class='ocrx_word' id='word_1_258' title='bbox 220 2359 393 2403; x_wconf 85' lang='lat' dir='ltr'>turbata</span> <span class='ocrx_word' id='word_1_259' title='bbox 433 2358 641 2418; x_wconf 82' lang='lat' dir='ltr'>rogabam</span> <span class='ocrx_word' id='word_1_260' title='bbox 672 2367 714 2402; x_wconf 89' lang='lat' dir='ltr'>te</span> <span class='ocrx_word' id='word_1_261' title='bbox 747 2367 793 2402; x_wconf 87' lang='lat' dir='ltr'>ut</span> <span class='ocrx_word' id='word_1_262' title='bbox 825 2367 1045 2417; x_wconf 86' lang='lat' dir='ltr'>poteram,</span> <span class='ocrx_word' id='word_1_263' title='bbox 1081 2374 1169 2417; x_wconf 86' lang='lat' dir='ltr'>quo</span> <span class='ocrx_word' id='word_1_264' title='bbox 1201 2374 1369 2403; x_wconf 88' lang='lat' dir='ltr'>sanares</span> <span class='ocrx_word' id='word_1_265' title='bbox 1403 2358 1600 2404; x_wconf 88' lang='lat' dir='ltr'>dolorem</span> 
     </span>
     <span class='ocr_line' id='line_1_32' title="bbox 222 2427 1599 2487; baseline 0.002 -15"><span class='ocrx_word' id='word_1_266' title='bbox 222 2445 368 2473; x_wconf 86' lang='lat' dir='ltr'>meum</span> <span class='ocrx_word' id='word_1_267' title='bbox 387 2451 397 2486; x_wconf 73' lang='lat'>3</span> <span class='ocrx_word' id='word_1_268' title='bbox 414 2444 493 2474; x_wconf 89' lang='lat' dir='ltr'>nec</span> <span class='ocrx_word' id='word_1_269' title='bbox 513 2428 721 2484; x_wconf 86' lang='lat' dir='ltr'>faciebas,</span> <span class='ocrx_word' id='word_1_270' title='bbox 743 2428 872 2473; x_wconf 89' lang='lat' dir='ltr'>credo</span> <span class='ocrx_word' id='word_1_271' title='bbox 894 2427 1203 2473; x_wconf 83' lang='lat' dir='ltr'>commendans</span> <span class='ocrx_word' id='word_1_272' title='bbox 1224 2430 1443 2474; x_wconf 86' lang='lat' dir='ltr'>memoriae</span> <span class='ocrx_word' id='word_1_273' title='bbox 1465 2447 1571 2475; x_wconf 85' lang='lat' dir='ltr'>meae</span> <span class='ocrx_word' id='word_1_274' title='bbox 1588 2466 1599 2487; x_wconf 86' lang='lat'>,</span> 
     </span>
     <span class='ocr_line' id='line_1_33' title="bbox 223 2499 1598 2556; baseline 0.002 -13"><span class='ocrx_word' id='word_1_275' title='bbox 223 2499 292 2543; x_wconf 82' lang='lat' dir='ltr'>vel</span> <span class='ocrx_word' id='word_1_276' title='bbox 316 2501 398 2544; x_wconf 88' lang='lat' dir='ltr'>hoc</span> <span class='ocrx_word' id='word_1_277' title='bbox 422 2515 509 2544; x_wconf 94' lang='lat' dir='ltr'>uno</span> <span class='ocrx_word' id='word_1_278' title='bbox 535 2500 801 2545; x_wconf 90' lang='lat' dir='ltr'>documento</span> <span class='ocrx_word' id='word_1_279' title='bbox 823 2499 962 2543; x_wconf 91' lang='lat' dir='ltr'>omnis</span> <span class='ocrx_word' id='word_1_280' title='bbox 991 2499 1316 2544; x_wconf 88' lang='lat' dir='ltr'>consuetudinis</span> <span class='ocrx_word' id='word_1_281' title='bbox 1347 2501 1598 2556; x_wconf 84' lang='lat' dir='ltr'>vinculum,</span> 
     </span>
    </p>
   </div>
   <div class='ocr_carea' id='block_1_3' title="bbox 272 2585 484 2625">
    <p class='ocr_par' dir='ltr' id='par_1_5' title="bbox 272 2585 484 2625">
     <span class='ocr_line' id='line_1_34' title="bbox 272 2585 484 2625; baseline 0.005 -11"><span class='ocrx_word' id='word_1_282' title='bbox 272 2587 281 2602; x_wconf 62' lang='grc' dir='ltr'><strong>ἲ</strong></span> <span class='ocrx_word' id='word_1_283' title='bbox 303 2585 368 2616; x_wconf 75' lang='lat' dir='ltr'>Psal</span> <span class='ocrx_word' id='word_1_284' title='bbox 407 2597 435 2625; x_wconf 69' lang='lat' dir='ltr'>c,</span> <span class='ocrx_word' id='word_1_285' title='bbox 461 2596 484 2615; x_wconf 74' lang='grc'>1.</span> 
     </span>
    </p>
   </div>
  </div>
 </body>
</html>
