1871 3162
275 182 355 219 108
701 192 735 220 s.
772 191 1001 221 Auens-nm
1034 194 1215 222 EPISCOPI

269 377 832 396 mmmoemmmmmmn
1046 380 1255 397 mmmmm
1260 378 1646 396 mmmmm

791 528 1008 577 CAPUT
1038 529 1123 576 XI·

341 693 565 758 Qualiter
575 695 875 758 Augustinus
897 695 1149 742 contulerit
1168 712 1277 742 cum
1298 695 1578 742 Catholicis.

323 872 445 915 XXI.
466 874 635 916 Demos
652 887 752 931 quae
768 870 832 915 illi
848 871 893 914 in
910 870 1138 930 Scripturis
1156 871 1241 914 tuis
1260 868 1647 928 reprehenderant,

265 939 442 984 defendi
465 956 588 999 posse
611 957 701 985 non
731 941 1030 984 existimabam
1059 959 1068 984 :
1095 940 1171 984 sed
1193 939 1427 1000 aliquando
1449 954 1550 983 sane
1571 953 1651 982 cu-

264 1010 437 1068 piebam
459 1026 560 1054 cum
581 1011 727 1071 aliquo
745 1010 920 1055 illorum
940 1010 1154 1055 librorum
1182 1009 1430 1054 doctissimo
1452 1007 1652 1053 conferre

263 1080 453 1138 singula,
479 1090 521 1124 et
536 1081 717 1139 experiri
739 1080 847 1138 quid
867 1080 970 1123 inde
987 1081 1180 1123 sentiret.
1203 1082 1301 1123 Jam
1322 1079 1438 1122 enim
1459 1077 1651 1137 Helpidii

263 1150 487 1209 cujusdam
511 1149 713 1193 adversus
737 1149 909 1193 eosdem
932 1149 1196 1192 Manichaeos
1214 1164 1358 1192 coram
1373 1148 1591 1208 loquentis
1608 1157 1652 1192 et

263 1220 506 1265 disserentis
523 1235 757 1275 sermones,
778 1221 907 1264 etiam
926 1220 1039 1279 apud
1065 1220 1372 1278 Carthaginem
1391 1235 1565 1264 movere
1581 1235 1651 1264 me

263 1301 502 1351 coeperant,
530 1307 629 1336 cum
649 1290 748 1335 talia
764 1290 818 1334 de
841 1291 1071 1349 Scripturis
1086 1289 1316 1350 proferret,
1336 1291 1498 1349 quibus
1513 1291 1650 1334 resisti

262 1362 388 1406 facile
410 1378 499 1406 non
521 1371 692 1421 posset,
725 1371 768 1405 et
788 1361 1003 1405 imbecilla
1036 1361 1142 1404 mihi
1175 1361 1395 1420 responsio
1415 1361 1650 1405 videbatur

260 1433 458 1477 istorum.
486 1435 626 1486 Quam
650 1432 826 1492 quidem
844 1447 933 1475 non
956 1431 1081 1476 facile
1104 1431 1245 1490 palam
1271 1431 1546 1489 promebant,
1573 1432 1650 1475 sed

262 1502 384 1546 nobis
410 1504 630 1555 secretius,
654 1517 753 1546 cum
777 1502 970 1545 dicerent
991 1501 1232 1559 Scripturas
1253 1502 1363 1546 Novi
1388 1502 1650 1545 Testamenti

260 1572 432 1616 falsatas
464 1571 594 1616 fuisse
617 1589 640 1616 a
662 1572 806 1616 nescio
829 1572 1009 1632 quibus,
1037 1573 1112 1632 qui
1134 1570 1389 1615 Judaeorum
1417 1571 1559 1630 legem
1580 1572 1650 1616 in-

261 1658 400 1686 serere
433 1643 677 1686 christianae
705 1642 808 1685 fidei
828 1641 1089 1696 voluerunt,
1121 1651 1252 1701 atque
1284 1641 1366 1700 ipsi
1395 1641 1649 1701 incorrupta

261 1713 519 1773 exemplaria
555 1713 674 1757 nulla
697 1712 956 1772 proferrent.
986 1712 1069 1757 Sed
1093 1727 1161 1756 me
1191 1713 1375 1755 maxime
1398 1721 1576 1770 captum
1604 1722 1647 1757 et

262 1784 499 1828 offocatum
519 1784 708 1844 quodam
728 1782 859 1827 modo
879 1782 1183 1842 deprimebant
1200 1781 1441 1841 corporalia
1455 1783 1650 1840 cogitan-

260 1864 347 1898 tem
373 1855 506 1898 moles
529 1853 614 1898 illae
629 1890 640 1908 ‚
665 1855 745 1898 sub
767 1855 927 1913 quibus
950 1853 1156 1897 anhelans
1180 1854 1222 1896 in
1246 1869 1396 1897 auram
1420 1862 1509 1896 tuae
1530 1854 1648 1898 veri-

264 1925 361 1969 tatis
392 1925 602 1985 liquidam
621 1935 664 1969 et
685 1925 923 1984 simplicem
942 1925 1151 1983 respirare
1174 1939 1263 1969 non
1284 1932 1495 1983 poteram.
