1871 3162
259 219 339 256 508
698 227 732 256 S.
767 229 998 258 AUGUS'HNI
1032 232 1211 258 EPISCOPI

256 292 490 353 aperiendo
518 302 562 338 et
588 295 822 340 revelando
852 305 998 341 noster
1028 312 1169 342 sermo
1197 296 1431 342 dulcescat.
1457 295 1584 349 Quod
1607 298 1641 341 si

254 365 380 409 nimis
413 364 561 409 tardus
591 375 670 421 est,
700 376 742 411 et
769 367 824 410 ab
856 369 976 411 omni
1005 368 1079 412 tali
1107 369 1318 413 suavitate
1348 369 1565 413 absurdus
1597 376 1640 411 et

252 451 441 492 aversus,
461 437 793 482 misericorditer
805 438 1081 484 sufferendus
1097 449 1176 495 est,
1196 441 1474 499 breviterque
1489 438 1640 483 decur-

250 506 305 550 sis
336 508 516 562 caeteris,
553 523 602 552 ea
633 524 732 568 quae
760 510 943 553 maxime
966 509 1201 553 necessaria
1230 518 1347 564 sunt,
1380 509 1434 553 de
1472 509 1640 552 unitate

249 577 489 633 catholicae,
518 578 573 622 de
600 579 929 633 tentationibus,
966 578 1019 622 de
1047 579 1279 623 christiana
1315 579 1640 623 conversatione

247 657 424 707 propter
437 647 636 692 futurum
649 648 861 708 judicium
882 649 1131 694 terribiliter
1142 648 1401 694 inculcanda
1411 658 1529 702 sunt,
1551 663 1640 692 ma-

248 718 398 777 gisque
417 733 496 776 pro
520 717 598 762 illo
617 718 673 762 ad
688 722 843 774 Deum,
864 735 997 778 quam
1019 719 1081 763 illi
1095 719 1149 763 de
1167 722 1258 763 Deo
1272 718 1411 763 multa
1434 718 1636 762 dicenda.

305 790 427 833 XIX.
466 791 588 848 Saepe
611 789 741 833 etiam
761 790 832 843 fit,
864 798 914 833 ut
936 791 1011 849 qui
1036 790 1174 849 primo
1202 788 1391 833 libenter
1414 788 1635 842 audiebat,

246 857 316 903 vel
338 858 557 903 audiendo
579 858 650 903 vel
679 858 834 903 stando
861 858 1082 916 fatigatus,
1112 875 1201 903 non
1223 860 1314 918 jam
1342 859 1539 912 laudans,
1563 858 1640 902 sed

247 929 430 991 oscitans
450 928 565 973 labia
597 928 792 984 diducat,
818 939 861 973 et
883 944 926 973 se
949 929 1066 973 abire
1096 929 1208 973 velle
1230 931 1359 973 etiam
1380 930 1544 974 invitus
1567 944 1638 972 os-

246 998 411 1043 tendat.
447 998 576 1052 Quod
600 1000 675 1042 ubi
702 1000 975 1054 senserimus,
1008 1010 1083 1044 aut
1109 1015 1318 1043 renovare
1345 1008 1518 1058 oportet
1545 1000 1638 1058 ejus

244 1071 455 1125 animum,
468 1070 653 1115 dicendo
667 1071 833 1130 aliquid
845 1072 1025 1115 honesta
1038 1071 1253 1115 hilaritate
1266 1071 1493 1115 conditum
1509 1080 1552 1114 et
1565 1086 1635 1129 ap-

243 1149 338 1184 tum
354 1142 414 1202 ¹rei
426 1157 526 1201 quae
540 1142 698 1200 agitur,
716 1141 785 1186 vel
804 1141 969 1202 aliquid
984 1142 1109 1186 valde
1126 1141 1375 1185 mirandum
1393 1152 1434 1186 et
1450 1150 1635 1199 stupen-

243 1209 364 1266 dum,
381 1211 451 1256 vel
471 1212 598 1255 etiam
617 1211 856 1256 dolendum
876 1221 1006 1272 atque
1027 1212 1345 1270 plangendum,
1370 1221 1412 1254 et
1428 1211 1562 1269 magis
1582 1211 1637 1253 de

241 1281 350 1339 ipso,
365 1291 413 1325 ut
430 1282 604 1341 propria
616 1297 719 1326 cura
736 1291 924 1341 punctus
943 1282 1115 1341 evigilet
1133 1304 1143 1339 3
1161 1281 1281 1342 quod
1298 1290 1442 1324 tamen
1467 1296 1557 1324 non
1576 1279 1638 1323 of-

240 1349 392 1394 fendat
408 1352 498 1411 ejus
512 1351 819 1396 verecundiam
833 1352 1062 1411 asperitate
1078 1352 1240 1411 aliqua,
1256 1350 1331 1394 sed
1346 1350 1487 1409 potius
1508 1350 1636 1393 iami-

239 1420 424 1465 liaritatc
458 1422 689 1466 conciliet:
716 1432 792 1466 aut
813 1422 961 1466 oblata
983 1422 1169 1466 sessione
1188 1436 1468 1477 succurrere3
1493 1435 1635 1480 quan—

240 1508 371 1552 quam
413 1494 505 1537 sine
542 1493 816 1536 dubitatione
854 1493 1007 1536 melius
1046 1494 1138 1547 fiat,
1180 1493 1256 1535 ubi
1297 1491 1502 1534 decenter
1541 1489 1635 1533 fieri

240 1573 398 1623 potest,
433 1574 483 1608 ut
499 1580 522 1607 a
545 1565 757 1622 principio
778 1564 930 1607 sedens
955 1562 1126 1619 audiat,
1150 1563 1369 1621 longeque
1393 1560 1635 1605 consultius

238 1635 284 1677 in
305 1634 567 1693 quibusdam
589 1632 789 1677 Ecclesiis
811 1633 1104 1676 transmarinis
1139 1648 1228 1675 non
1258 1631 1400 1685 solum
1422 1631 1634 1674 antitistes

240 1704 436 1748 sedentes
466 1704 710 1763 loquuntur
744 1703 799 1746 ad
837 1703 1069 1761 populum,
1102 1702 1177 1746 sed
1204 1701 1284 1760 ipsi
1314 1702 1442 1745 etiam
1467 1699 1634 1759 populo

238 1775 386 1818 sedilia
410 1775 653 1833 subjacent,
676 1788 730 1816 ne
752 1773 983 1832 quisquam
1002 1772 1215 1816 infirmior
1233 1770 1390 1815 stando
1407 1770 1590 1814 lassatus
1610 1786 1633 1813 a

239 1845 520 1889 saluberrima
536 1844 778 1888 intentione
793 1853 1030 1898 avertatur,
1052 1852 1128 1886 aut
1144 1843 1273 1886 etiam
1291 1851 1473 1900 cogatur
1488 1841 1634 1884 absce‘

239 1916 355 1959 dere.
382 1919 437 1959 Et
454 1925 599 1959 tamen
618 1914 808 1958 multum
826 1914 1020 1968 interest,
1043 1914 1075 1956 si
1092 1929 1135 1956 sc
1149 1913 1379 1972 quisquam
1402 1911 1456 1954 dc
1476 1927 1631 1970 magna

238 1987 521 2031 multitudine
546 1986 772 2030 subtrahat
787 1985 840 2029 ad
859 1985 1119 2043 reparandas
1140 1985 1267 2037 vires,
1294 1984 1368 2042 qui
1386 1984 1474 2042 jam
1495 1998 1633 2026 sacra·

237 2067 486 2101 mentorum
521 2057 724 2101 societate
761 2055 989 2099 devinctus
1024 2064 1114 2111 est3
1159 2063 1201 2096 et
1236 2053 1269 2096 si
1309 2052 1382 2095 ille
1418 2052 1623 2107 discedat,

237 2127 374 2187 (quod
401 2127 658 2186 plerumque
682 2125 989 2169 inevitabiliter
1020 2134 1215 2180 urgetur,
1241 2139 1296 2166 ne
1319 2123 1522 2165 interiore
1550 2121 1630 2164 de-

238 2198 356 2243 fectu
373 2199 512 2242 victus
535 2198 662 2241 etiam
687 2198 846 2254 eadat),
871 2197 946 2254 qui
965 2195 1114 2254 primis
1132 2194 1408 2238 sacramentis
1426 2193 1629 2236 imbuen-

239 2269 319 2313 dus
336 2279 423 2313 est:
449 2278 492 2312 et
511 2268 679 2327 pudore
702 2267 817 2310 enim
835 2283 923 2316 non
945 2266 1049 2309 dicit
1071 2281 1148 2309 cur
1165 2274 1250 2319 eat,
1271 2274 1313 2307 et
1330 2263 1628 2307 imbecillitate

238 2349 349 2383 stare
371 2355 461 2384 non
485 2340 654 2382 sinitur.
683 2341 896 2396 Expertus
917 2345 1009 2379 haec
1027 2336 1150 2379 dico:
1176 2350 1274 2378 nam
1298 2335 1402 2378 fecit
1425 2334 1505 2377 hoc
1528 2333 1627 2392 qui-

238 2411 335 2454 dam
353 2445 364 2463 ‚
398 2426 499 2454 cum
533 2425 634 2454 eum
671 2409 1004 2462 catechizarem,
1040 2409 1171 2451 homo
1205 2405 1466 2458 rusticanus,
1510 2404 1627 2448 uncte

238 2496 499 2540 magnopere
521 2479 856 2540 praecavendum
876 2494 965 2523 esse
988 2477 1133 2522 didici.
1159 2476 1265 2529 Quis
1288 2476 1400 2520 enim
1423 2474 1535 2519 ferat
1552 2490 1624 2517 ar-

238 2552 477 2610 rogantiam
510 2561 716 2606 nostram,
748 2565 848 2595 cum
869 2549 981 2595 viros
1008 2548 1159 2593 fratres
1181 2556 1365 2601 nostros,
1399 2546 1468 2590 vel
1489 2545 1622 2589 etiam
