1871 3162
291 260 371 298 548
485 269 517 297 s.
553 270 799 308 AITGUSTINI,
831 271 883 295 DE
914 268 1238 296 CATECHIZANDIS
1270 270 1462 295 nummus.

286 335 499 379 coelorum
522 353 530 378 z
558 335 655 393 quia
679 350 756 378 suo
780 343 974 391 tempore
989 333 1322 391 separabuntur,
1342 333 1375 376 si
1396 332 1495 376 sein
1506 331 1660 376 melius

285 420 376 449 non
405 404 781 448 commutaverint.
815 402 1021 446 Homines
1043 416 1122 459 ego
1143 402 1281 446 bonos
1305 402 1472 446 imitare
1488 435 1500 456 ‚
1525 401 1661 447 malos

286 473 422 517 tolera
436 507 447 527 ‚
478 487 625 517 omnes
642 487 736 515 ama
760 490 769 515 :
799 471 1005 530 quoniam
1027 471 1164 515 nescis
1185 471 1294 530 quid
1314 486 1404 515 cras
1418 469 1592 515 futurus
1605 471 1661 515 sit

285 544 360 603 qui
381 543 511 587 hodie
548 541 684 586 malus
704 550 782 585 est.
823 543 911 586 Nec
932 555 1081 584 eorum
1117 556 1232 585 ames
1267 541 1542 600 injustitiam3
1584 540 1660 586 sed

283 614 396 671 ipsos
417 613 516 656 ideo
535 626 652 666 ama,
677 620 726 655 ut
747 609 1295 670 apprehendantjustitiam
1317 629 1326 655 :
1349 611 1451 670 quia
1476 626 1566 656 non
1588 625 1660 655 so-

283 683 375 726 lum
405 681 580 725 dileetio
608 682 685 724 Dei
719 682 845 725 nobis
867 689 1083 740 praecepta
1114 689 1178 724 est
1194 715 1205 735 ,
1238 680 1313 724 sed
1340 681 1471 724 etiam
1485 680 1660 725 dilectio

282 750 491 810 proximi,
517 750 563 793 in
579 750 740 808 quibus
764 749 938 794 duobus
959 750 1185 809 praeceptis
1213 758 1303 794 tota
1325 753 1413 793 Lex
1436 749 1599 809 pendet
1618 759 1662 794 et

282 820 551 878 Prophetae1.
584 822 721 871 Quam
750 834 839 864 non
868 819 1021 878 implet
1052 820 1132 863 nisi
1159 819 1235 879 qui
1258 819 1424 864 donum
1449 821 1662 879 acceperit

283 890 492 947 Spiritum
524 898 721 933 sanctum
741 923 752 944 ,
775 889 892 932 Patri
914 897 957 932 et
980 888 1092 932 Filio
1121 888 1274 947 utique
1297 888 1537 947 aequalem3
1560 890 1662 948 quia

279 960 370 1017 ipsa
394 959 577 1003 Trinitas
605 961 719 1003 Deus
747 967 810 1002 est
835 977 844 1003 :
872 959 917 1002 in
939 974 1027 1017 quo
1051 960 1141 1001 Deo
1160 972 1255 1016 spes
1286 958 1425 1002 omnis
1457 959 1661 1016 ponenda

280 1040 357 1074 est.
383 1033 434 1073 In
456 1030 632 1074 homine
649 1044 738 1073 non
753 1038 816 1072 est
830 1028 1049 1087 ponenda,
1068 1027 1399 1087 qualiscumque
1415 1026 1488 1071 ille
1510 1026 1656 1072 fuerit.

280 1100 412 1145 Aliud
435 1109 498 1144 est
520 1101 635 1143 enim
654 1100 727 1143 ille
751 1102 873 1159 aquo
890 1099 1195 1158 justificamur,
1217 1098 1336 1141 aliud
1353 1098 1415 1141 illi
1440 1112 1539 1142 cum
1559 1099 1660 1158 qui-

279 1170 362 1213 bus
381 1170 684 1228 justificamur.
718 1172 815 1214 Non
841 1176 986 1212 autem
1009 1167 1148 1211 solum
1172 1183 1248 1226 per
1285 1168 1542 1226 cupiditates
1562 1167 1657 1211 dia-

277 1238 405 1283 bolus
420 1248 583 1293 tentat,
607 1240 682 1282 sed
703 1243 829 1282 etiam
852 1253 928 1297 per
954 1246 1137 1281 terrores
1153 1237 1485 1281 insultationum
1507 1246 1550 1281 et
1574 1237 1648 1282 do·

277 1308 420 1352 lorum
437 1309 619 1367 etipsius
633 1309 796 1352 mortis.
819 1306 1042 1367 Quidquid
1054 1317 1197 1351 autem
1212 1308 1344 1351 homo
1367 1323 1512 1366 passus
1524 1307 1658 1351 fuerit

278 1393 356 1436 pro
379 1378 553 1421 nomine
567 1378 747 1432 Christi,
765 1386 807 1421 et
822 1392 900 1436 pro
919 1392 993 1435 spe
1010 1377 1110 1420 vitae
1129 1386 1318 1431 aeternae,
1342 1385 1385 1420 et
1401 1392 1657 1435 permanens

279 1447 550 1501 toleraverit,
590 1448 726 1506 major
755 1447 793 1489 ei
824 1461 987 1490 merces
1026 1446 1232 1490 dabitur:
1274 1446 1394 1505 quod
1420 1447 1455 1489 si
1486 1447 1658 1490 cesserit

277 1516 453 1560 diabolo
470 1552 480 1570 ‚
511 1532 610 1561 cum
642 1517 716 1561 illo
739 1516 1033 1560 damnabitur.
1063 1515 1148 1560 Sed
1176 1531 1306 1574 opera
1328 1515 1652 1571 misericordiae,

276 1601 375 1629 curn
400 1587 469 1643 pia
492 1585 736 1630 humilitate
755 1587 988 1643 impetrant
1010 1601 1032 1628 a
1056 1586 1241 1629 Domino
1259 1621 1269 1639 ,
1296 1594 1345 1628 ut
1367 1601 1455 1630 non
1476 1587 1656 1644 permit—

276 1665 338 1698 tat
360 1670 502 1698 servos
520 1670 618 1695 suos
635 1656 792 1694 tentari
815 1655 911 1708 plus
928 1670 1058 1710 quam
1080 1665 1261 1710 possunt
1291 1657 1531 1700 sustinere2.

325 1755 335 1771 ¹
356 1747 468 1779 Matth.
490 1757 570 1786 xxn,
590 1746 628 1786 37
649 1751 680 1777 et
700 1747 802 1778 39.—
817 1754 829 1768 ²
851 1756 862 1777 1
886 1747 961 1788 Cor,
976 1757 1008 1787 x,
1027 1747 1079 1778 23.

516 2186 619 2217 FINIS
643 2186 739 2217 TOMI
765 2185 975 2217 CENTESIMI
999 2185 1405 2217 TRIGESlMl—SECL'NDI.
