1871 3162
600 235 946 275 CONFESSIONUM,
981 239 1064 265 Lus.
1102 241 1132 264 1.
1494 231 1546 269 13

173 315 316 355 meus,
340 314 440 344 cum
462 300 691 357 gemitibus
721 311 763 345 et
797 302 976 346 vocibus
1004 303 1154 357 variis,
1182 310 1225 346 et
1254 304 1381 347 variis
1410 319 1545 348 mem-

172 372 351 415 brorum
370 371 560 415 motibus
578 371 704 415 edere
722 372 878 416 vellem
899 388 1020 417 sensa
1038 372 1179 417 cordis
1197 373 1308 427 mei,
1327 382 1378 416 ut
1398 374 1552 418 volun-

173 441 250 484 tati
271 450 516 499 pareretur,
535 457 616 486 nec
637 441 824 486 valerem
842 458 941 502 quae
955 442 1157 487 volebam
1172 443 1334 497 omnia,
1353 458 1433 487 nec
1451 444 1551 502 qui·-

170 511 254 555 bus
272 510 473 555 volebam
496 512 699 556 omnibus
715 547 726 567 ,
762 513 1061 571 praesonabam
1093 513 1322 569 memoria,
1351 528 1452 556 cum
1472 513 1552 572 ipsi

171 581 449 640 appellabant
469 598 558 627 rem
590 580 806 643 aliquam,
832 593 874 627 et
895 598 997 627 cum
1018 582 1259 627 secundum
1281 598 1375 627 eam
1401 599 1552 627 vocem

167 666 323 710 corpus
341 652 396 696 ad
414 651 582 712 aliquid
602 652 860 708 movebant,
886 653 1090 697 videbam
1113 662 1156 697 et
1174 653 1375 697 tenebam
1391 654 1476 697 hoc
1497 653 1552 697 ab

169 721 228 764 eis
250 722 394 766 vocari
430 737 522 765 rem
543 721 663 766 illam
681 757 692 777 ,
718 722 840 782 quod
875 723 1090 767 sonabant
1115 742 1123 767 :
1149 737 1250 766 cum
1273 737 1365 766 eam
1391 722 1554 769 vellent

169 791 409 837 ostendere.
437 796 530 837 Hoc
553 802 698 837 autem
721 809 792 838 eos
812 793 926 838 velle
949 809 1000 837 ex
1020 802 1140 837 motu
1172 794 1362 852 corporis
1385 795 1552 853 aperie-

166 863 295 907 batur
315 897 325 917 ,
368 873 575 924 tanquam
610 864 750 907 verbis
792 863 1064 908 naturalibus
1091 865 1288 908 omnium
1325 864 1520 923 gentium
1538 900 1549 920 ,

168 948 266 992 quae
283 933 395 977 flunt
416 934 541 978 vultu
565 943 607 978 et
629 943 743 977 nutu
760 935 988 978 oculorum
1009 969 1020 988 ,
1045 944 1391 994 caeterorumque
1414 949 1553 979 mem-

169 1004 348 1048 brorum
374 1013 490 1059 actu,
508 1013 550 1048 et
570 1004 714 1048 sonitu
728 1005 844 1048 vocis
863 1005 1083 1049 indicante
1104 1005 1379 1049 affectionem
1402 1006 1549 1061 animi,

168 1074 214 1117 in
236 1075 432 1133 petendis
447 1109 458 1129 ,
483 1074 694 1118 habendis
711 1109 721 1119 .
743 1075 1000 1133 rejiciendis,
1026 1074 1294 1132 fugiendisve
1317 1076 1460 1119 rebus.
1489 1079 1553 1120 lta

169 1144 299 1187 verba
320 1145 365 1186 in
381 1144 504 1187 variis
529 1144 749 1187 sententiis
766 1178 777 1198 ,
803 1143 908 1187 locis
931 1145 1015 1188 suis
1037 1145 1175 1203 posita
1193 1181 1204 1199 ,
1241 1155 1282 1189 et
1304 1146 1454 1189 crebro
1473 1162 1552 1189 au-

169 1213 257 1256 dita
276 1248 286 1267 ,
322 1229 506 1272 quarum
528 1229 671 1257 rerum
694 1214 814 1272 signa
846 1223 1007 1269 essent,
1034 1214 1242 1273 paulatim
1265 1215 1549 1273 colligebam,

167 1299 371 1343 measque
399 1285 488 1343 jam
525 1284 770 1328 voluntates
805 1285 996 1329 edomito
1023 1286 1069 1328 in
1102 1287 1160 1328 eis
1193 1286 1322 1344 signis
1345 1302 1444 1341 ore,
1478 1302 1553 1345 per

168 1355 262 1397 haec
289 1354 587 1397 enuntiabam.
616 1354 684 1398 Sic
707 1369 806 1398 curn
830 1355 896 1398 his
918 1355 1031 1399 inter
1052 1371 1160 1414 quos
1187 1371 1327 1411 eram,
1347 1355 1553 1400 volunta-

170 1432 263 1467 tum
280 1424 644 1467 enuntiandarum
667 1425 785 1482 signa
807 1424 1147 1479 communicavi,
1173 1435 1215 1469 et
1230 1426 1328 1469 vitae
1350 1427 1551 1470 humanae

167 1493 451 1553 procellosam
473 1495 720 1539 societatem
744 1493 871 1539 altius
900 1495 1115 1553 ingressus
1138 1510 1255 1551 sum,
1281 1495 1474 1555 pendens
1501 1512 1551 1540 ex

168 1574 396 1624 parentum
419 1565 673 1610 auctoritate
692 1600 703 1620 ‚
729 1574 930 1625 nutuque
953 1567 1167 1625 majorum
1187 1566 1431 1611 hominum.

171 1743 523 1760 mmmmm
527 1744 664 1760 mm
668 1744 1019 1761 WssMM⁴mWUMM
1023 1745 1551 1763 m=mwmwmwwmmmxm

713 1882 722 1892 x
843 1880 855 1882 “
862 1881 873 1892 r
992 1882 1002 1888 Υ

687 1879 851 1928 caph
870 1881 901 1926 Γ
942 1882 1027 1927 ix.

181 2029 354 2075 Odium
377 2029 643 2075 litterarum
658 2066 673 2086 ,
709 2046 850 2075 amor
879 2030 1027 2088 lusus,
1054 2042 1099 2077 et
1122 2032 1391 2093 vapulandi
1413 2036 1556 2081 timor

739 2101 787 2145 in
804 2103 980 2159 pueris.

232 2263 479 2305 XIV.Dath
503 2263 615 2303 Deus
637 2275 773 2315 meus,
799 2275 905 2318 quas
940 2260 1001 2304 ibi
1022 2261 1211 2306 miserias
1233 2273 1433 2322 expertus
1455 2279 1550 2309 sum

175 2342 219 2375 et
240 2330 556 2374 ludificationes
574 2365 584 2384 ,
607 2329 963 2390 quandoquidem
987 2340 1101 2375 recte
1122 2332 1229 2375 mihi
1250 2335 1394 2377 vivere
1416 2350 1551 2393 puero

175 2402 219 2444 id
247 2401 593 2460 proponebatur,
634 2401 933 2459 obtemperare
970 2403 1275 2457 monentibus,
1313 2413 1362 2447 ut
1391 2405 1436 2448 in
1470 2407 1551 2450 hoc

177 2471 335 2515 saeculo
366 2472 565 2517 florerem
594 2480 637 2515 et
658 2471 911 2515 excellerem
930 2471 1146 2530 linguosis
1174 2474 1357 2531 artibus,
1385 2476 1439 2521 ad
1469 2479 1550 2522 ho-

178 2557 326 2587 norem
351 2542 576 2587 hominum
600 2550 642 2586 et
677 2540 802 2586 falsas
824 2541 992 2586 divitias
1022 2541 1345 2591 famulantibus.
1378 2548 1485 2593 Inde
1506 2551 1550 2594 in
