1871 3162
231 209 315 248 166
665 219 698 248 s.
733 221 964 249 Aucus‘rml
996 222 1176 250 zmscom

228 287 438 342 animum,
459 288 534 331 sed
550 287 691 347 ipsum
714 288 962 334 hominem:
989 303 1078 332 non
1099 302 1281 347 per-sona
1301 286 1509 341 veritatis,
1535 286 1609 330 sed

225 373 381 416 magna
397 358 583 417 quadam
603 367 770 401 naturae
784 358 988 401 humanae
1004 357 1273 411 excellentia,
1289 365 1332 400 et
1352 355 1610 415 perfectiore

223 428 554 486 participatione
563 427 783 486 sapientiae
793 425 1612 485 praeferricaeterisarl)itrabar.Alypius

223 508 370 543 autem
387 502 524 543 Deum
541 514 669 542 carne
684 497 889 541 indutum
912 498 971 541 ita
992 498 1174 556 putabat
1191 497 1308 540 credi
1325 495 1609 551 aCatholicis,

220 579 270 613 ut
304 578 461 628 praeter
495 572 632 612 Deum
662 577 705 611 et
739 582 912 611 carnem
937 582 1026 611 non
1049 575 1158 610 esset
1185 567 1232 609 in
1253 566 1426 610 Christo
1449 565 1608 620 anima,

219 648 500 697 mentemque
522 638 708 681 hominis
731 652 821 681 non
848 636 1116 680 existimabat
1145 636 1189 678 in
1212 650 1263 678 eo
1287 634 1526 693 praedicari.
1555 637 1612 678 Et

218 710 424 768 quoniam
443 709 555 752 bene
573 723 825 767 persuasum
844 708 1023 751 tenebat
1039 722 1086 750 ea
1105 722 1205 766 quae
1227 706 1281 749 de
1295 706 1372 750 illo
1391 706 1610 749 memoriae

219 779 422 822 mandata
442 788 557 833 sunt,
579 779 669 821 sine
690 777 809 821 vitali
827 787 870 821 et
888 777 1085 821 rationali
1104 786 1301 821 creatura
1317 792 1405 819 non
1426 776 1536 830 fieri,
1557 775 1613 819 ad

220 850 356 907 ipsam
380 850 670 892 christianam
701 848 831 891 fidem
862 848 1026 906 pigrius
1058 848 1331 891 movebatur.
1357 846 1440 890 Sed
1462 856 1610 905 postea

220 918 527 962 haereticorum
548 917 954 975 Apollinaristarum
973 918 1091 960 hunc
1108 931 1297 960 errorem
1320 931 1409 960 esse
1428 931 1613 974 cognos-

222 1002 341 1041 cens,
363 986 590 1030 catholicae
611 986 715 1029 fidei
731 985 974 1031 collaetatus
990 996 1033 1030 et
1049 996 1404 1046 contemperatus
1422 996 1500 1030 est.
1521 989 1614 1044 Ego

224 1067 371 1102 autem
389 1057 612 1116 aliquanto
630 1057 841 1115 posterius
863 1056 1063 1100 didicisse
1083 1071 1153 1099 me
1172 1055 1326 1110 fateor,
1350 1057 1396 1100 in
1417 1072 1469 1100 eo
1490 1055 1613 1116 quod

225 1128 419 1171 Verbum
453 1141 552 1170 caro
585 1125 751 1169 factum
781 1134 858 1179 est,
899 1126 1121 1185 quomodo
1157 1127 1368 1170 catholica
1406 1126 1563 1170 veritas
1593 1141 1616 1169 a

228 1196 404 1240 Photini
432 1195 620 1239 falsitate
645 1195 886 1238 dirimatur.
915 1194 1181 1254 Improbatio
1203 1196 1364 1255 quippe
1386 1195 1614 1239 haeretico-

229 1281 325 1310 rum
349 1267 452 1310 facit
473 1267 663 1309 eminere
686 1265 795 1325 quid
825 1265 1014 1310 Ecclesia
1039 1275 1115 1309 tua
1136 1266 1314 1321 sentiat,
1341 1275 1385 1310 et
1405 1265 1512 1325 quid
1534 1266 1616 1309 ha-

227 1335 330 1379 beat
361 1351 464 1379 sana
501 1335 713 1379 doctrina.
748 1335 954 1394 Oportuit
986 1336 1103 1378 enim
1140 1345 1183 1379 et
1215 1336 1398 1380 haereses
1430 1350 1534 1390 esse,
1569 1344 1618 1379 ut

229 1404 400 1463 probati
420 1402 634 1448 manifesti
650 1405 805 1449 fierent
821 1405 934 1448 inter
948 1405 1142 1449 infirmos
1154 1407 1183 1448 ¹.

730 1702 945 1751 CAPUT
997 1705 1105 1750 XX.

238 1861 326 1907 Ex
345 1860 616 1908 Platonicis
637 1859 768 1907 libris
786 1863 1002 1921 peritior,
1035 1859 1125 1906 sed
1143 1860 1361 1925 inflatior
1381 1871 1618 1906 evaserat.

298 2023 458 2065 XXVI.
497 2024 580 2066 SED
598 2030 703 2065 tunc
719 2020 841 2065 lectis
858 2020 1183 2065 Platonicorum
1200 2020 1284 2064 illis
1301 2020 1438 2075 libris,
1456 2030 1622 2080 postea-

239 2108 371 2152 quam
403 2092 505 2136 inde
539 2092 787 2136 admonitus
820 2107 1015 2151 quaerere
1046 2093 1345 2150 incorpoream
1374 2093 1619 2146 veritatem,

241 2161 470 2206 invisibilia
503 2171 577 2205 tua
609 2177 686 2220 per
707 2177 755 2205 ea
777 2177 875 2220 quae
899 2160 1009 2205 facta
1031 2171 1132 2205 sunt
1153 2161 1372 2205 intellecta
1392 2162 1619 2220 conspexi3

242 2242 284 2276 et
306 2231 502 2290 repulsus
534 2232 643 2275 sensi
665 2230 773 2291 quid
795 2246 870 2290 per
892 2231 1092 2275 tenebras
1120 2231 1274 2275 animae
1292 2248 1401 2275 meae
1423 2241 1622 2276 contem-

241 2302 349 2360 plari
365 2318 449 2345 non
466 2302 639 2356 sineret,
651 2311 793 2345 cert-us
807 2317 896 2345 esse
912 2311 954 2345 te
969 2312 1011 2345 et
1029 2301 1249 2344 infinitum
1263 2314 1367 2356 esse,
1383 2318 1462 2346 nec
1478 2312 1622 2346 tamen

243 2386 319 2430 per
352 2371 468 2416 locos
501 2372 645 2415 finitos
677 2372 925 2415 infinitosve
952 2371 1168 2429 diffundi3
1190 2381 1233 2415 et
1255 2386 1353 2415 vere
1375 2381 1529 2416 teesse
1546 2372 1623 2431 qui

241 2455 410 2499 semper
431 2440 546 2484 idem
562 2441 653 2500 ipse.
672 2456 797 2496 esses,
822 2456 874 2484 ex
891 2440 1011 2486 nulla
1033 2451 1154 2500 parte
1170 2440 1381 2501 nulloque
1403 2451 1524 2486 motu
1542 2441 1623 2486 ali-

291 2543 302 2558 1
324 2547 335 2567 ε
356 2539 428 2569 Cor.
444 2548 492 2576 n,
514 2548 564 2578 19.
