1871 3162
575 290 652 316 corz
660 289 917 327 FESSIONUM,
952 291 1033 317 Lm.
1070 291 1100 316 1.
1467 279 1521 316 27

152 353 454 413 turpitudinis,
472 353 516 397 in
534 369 663 413 quam
686 355 903 414 projectus
920 368 1036 396 eram
1061 352 1115 396 ab
1137 350 1272 396 oculis
1291 351 1390 394 tuis.
1415 354 1523 396 Nam

150 425 195 467 in
217 424 298 467 illis
321 425 411 483 jam
432 423 540 483 quid
574 439 643 467 me
669 422 830 467 foedius
862 423 970 477 fuit,
995 423 1071 466 ubi
1105 422 1233 466 etiam
1256 420 1415 464 talibus
1438 420 1523 465 dis-

149 493 384 553 plicebam,
422 492 614 537 fallendo
635 493 1025 537 innumerabilibus
1046 491 1280 535 mendaciis
1315 499 1357 534 et
1378 490 1525 549 paeda-

150 578 308 622 gogum
326 598 337 617 ,
361 572 405 606 et
426 563 650 621 magistros
666 597 676 617 ,
710 572 753 607 et
771 571 970 622 parentes
987 576 1132 606 amore
1153 559 1356 614 ludendi,
1380 559 1524 603 studio

147 633 369 692 spectandi
402 634 631 691 nugatoria
662 643 706 678 et
738 632 967 687 imitandi,
995 631 1161 676 ludicra
1190 630 1525 690 inquietudine?

147 707 282 748 Furta
300 704 430 748 etiam
453 703 664 748 faciebam
682 705 737 748 de
759 703 932 748 cellario
954 711 1185 763 parentum
1203 710 1246 745 et
1269 700 1324 745 de
1345 716 1492 745 mensa
1510 736 1520 756 ,

146 774 216 819 vel
233 773 334 833 gula
352 774 626 834 imperitante
644 809 655 830 ,
677 774 747 819 vel
764 783 812 819 ut
830 774 1038 818 haberem
1057 772 1176 833 quod
1192 771 1341 815 darem
1358 771 1518 831 pueris,

146 843 300 888 ludum
320 859 448 888 suum
465 845 597 899 mihi,
620 860 708 905 quo
725 845 885 904 pariter
906 845 1058 904 utique
1080 842 1411 887 delectabantur
1428 876 1438 896 ,
1464 851 1523 886 ta=

145 929 246 958 men
263 913 566 958 vendentibus.
594 917 646 958 In
666 931 755 974 quo
777 915 904 958 etiam
934 914 1041 958 ludo
1063 912 1363 958 fraudulentas
1383 911 1523 957 victo-

145 983 249 1038 rias,
269 984 359 1042 ipse
385 999 495 1027 vana
513 983 777 1028 excellentiae
794 982 1034 1042 cupiditate
1056 983 1195 1027 victus
1211 1017 1222 1038 ,
1249 996 1363 1041 saepe
1385 997 1522 1026 aucu-

144 1054 294 1113 pabar.
327 1054 444 1106 Quid
471 1063 617 1097 autem
650 1063 739 1098 tam
772 1054 975 1099 nolebam
1007 1054 1119 1112 pati,
1144 1062 1275 1112 atque
1297 1053 1520 1108 atrociter,

144 1124 178 1169 si
204 1123 596 1183 deprehenderem,
622 1125 880 1182 arguebam,
904 1139 1034 1185 quam
1058 1124 1104 1167 id
1130 1123 1251 1183 quod
1275 1122 1365 1166 aliis
1386 1121 1520 1167 facie-

144 1195 244 1239 bam
261 1229 271 1249 ,
297 1203 340 1237 et
361 1195 395 1238 si
412 1194 704 1253 deprehensus
721 1210 924 1254 arguerer
939 1229 950 1249 ,
971 1194 1120 1238 saevire
1143 1193 1277 1251 magis
1294 1208 1428 1252 quam
1447 1209 1520 1238 ce-

145 1264 247 1309 dere
280 1263 475 1316 libebat?
502 1267 666 1308 Ista-ne
700 1273 763 1309 est
789 1264 1036 1309 innocentia
1070 1263 1277 1323 puerilis?
1298 1265 1396 1308 Non
1428 1272 1516 1318 est,

143 1333 355 1388 Domine,
384 1348 474 1377 non
503 1343 592 1388 est,
627 1349 703 1379 oro
734 1343 800 1389 te,
841 1337 955 1378 Deus
989 1349 1125 1378 meus.
1162 1335 1271 1377 Nam
1303 1333 1398 1377 haec
1431 1334 1520 1392 ipsa

143 1412 266 1457 sunt,
286 1418 387 1462 quae
408 1420 431 1447 a
453 1403 697 1463 paedagogis
720 1414 763 1449 et
791 1404 1003 1463 magistris
1022 1439 1032 1458 ‚
1058 1420 1081 1447 a
1103 1403 1289 1447 nucibus
1311 1412 1354 1447 et
1375 1403 1519 1462 pilulis

142 1482 186 1517 et
215 1473 457 1533 passeribus
474 1509 484 1529 ,
524 1474 578 1518 ad
609 1475 836 1534 praefectos
869 1483 912 1518 et
941 1489 1085 1533 reges,
1110 1489 1292 1529 aurum,
1325 1474 1515 1533 praedia,

140 1544 382 1603 mancipia3
407 1545 502 1589 haec
528 1546 619 1604 ipsa
652 1546 830 1590 omnino
851 1562 951 1606 quae
985 1543 1318 1590 succedentibus
1343 1545 1518 1605 majori-

142 1614 224 1659 bus
252 1616 454 1660 aetatibus
488 1625 744 1673 transeunt,
780 1618 906 1662 sicuti
934 1616 1082 1663 ferulis
1112 1618 1273 1677 majora
1306 1616 1518 1676 supplicia

140 1687 394 1732 succedunt.
419 1687 684 1733 Humilitatis
706 1704 809 1748 ergo
838 1690 1008 1747 signum
1035 1689 1082 1732 in
1103 1697 1267 1733 statura
1295 1688 1488 1745 pueritiae
1503 1723 1514 1743 ,

140 1758 231 1800 Rex
261 1767 408 1802 noster
436 1759 656 1819 probasti,
688 1775 790 1806 cum
817 1760 911 1805 aisti
937 1779 946 1805 z
982 1778 1001 1802 «
1033 1759 1203 1804 Talium
1235 1768 1298 1804 est
1334 1773 1517 1817 regnum

141 1845 163 1869 »
197 1827 407 1873 coelorum
421 1831 452 1874 ¹.
481 1849 503 1872 »

186 1952 197 1968 1
213 1946 335 1979 Matth.
353 1928 429 1987 nx,
442 1946 493 1989 14.
