1871 3162
608 165 955 204 cosrssSS1ONtx,
990 170 1071 195 Lis.
1109 171 1168 196 VI.
1490 163 1569 200 125

198 246 298 275 cum
332 231 408 275 illo
439 246 495 275 ne
525 246 737 275 vanorum
769 231 975 276 ludorum
997 248 1110 277 caeco
1132 242 1174 277 et
1196 234 1407 292 praecipiti
1428 236 1570 281 studio

195 309 282 344 tam
320 300 487 345 bonum
511 300 779 344 interimeret
804 301 1043 359 ingenium.
1085 305 1248 345 Verum
1285 313 1450 359 autem,
1481 309 1570 350 Do·

193 370 311 414 mine
333 379 397 425 tu,
415 370 491 430 qni
512 370 713 429 praesides
735 371 1042 427 gubernaculis
1060 373 1256 415 omnium
1279 387 1379 430 quae
1397 376 1564 429 creasti,

198 454 288 483 non
309 454 412 483 eum
432 439 596 483 oblitus
617 455 709 484 eras
737 439 938 484 futurum
959 441 1073 485 inter
1092 440 1203 485 filios
1224 450 1321 486 tuos
1339 443 1573 487 antistitem

194 510 450 554 sacramenti
470 511 535 555 tui
554 530 565 555 t
588 520 631 554 et
660 520 710 554 ut
731 520 878 570 aperte
899 511 978 555 tibi
999 511 1262 556 tribueretur
1284 513 1373 572 ejus
1403 529 1572 558 correc-

192 582 253 624 tio
269 615 280 634 ,
316 596 392 639 per
413 596 483 625 me
504 580 684 640 quidem
716 581 834 626 illam
851 617 861 636 ,
886 583 963 626 sed
990 583 1254 627 nescientem
1286 593 1487 643 operatus
1509 600 1568 629 es.

190 653 298 696 Nam
318 650 508 711 quodam
531 651 601 695 die
621 667 721 696 cum
744 652 936 696 sederem
958 653 1057 698 loco
1087 654 1213 699 solito
1230 689 1240 708 ,
1266 664 1309 699 et
1332 671 1477 699 coram
1500 671 1572 700 me

192 723 390 767 adessent
428 723 651 782 discipuli,
687 725 804 768 venit
818 759 828 778 ,
866 723 1094 779 salutavit,
1120 724 1230 770 sedit
1245 761 1256 779 ,
1290 735 1421 786 atque
1442 726 1487 769 in
1525 742 1574 770 ea

190 809 288 852 quae
306 794 547 852 agebantur
569 795 760 838 animum
782 794 970 839 intendit
991 815 999 840 ε
1031 805 1072 840 et
1095 795 1207 840 forte
1223 795 1352 841 lectio
1374 798 1419 840 in
1439 797 1574 840 mani-

189 863 272 906 bus
292 872 397 918 erat,
424 879 553 923 quam
570 863 678 907 dum
699 880 975 924 exponerem,
995 874 1038 909 et
1060 875 1305 925 opportune
1326 867 1433 909 mihi
1455 866 1574 910 adhi-

188 933 333 977 benda
361 933 583 978 videretur
610 934 846 979 similitudo
883 937 1176 991 Circensium,
1214 952 1302 997 (suo
1323 936 1433 981 illud
1453 936 1574 996 quod

186 1003 460 1048 insinuabam
485 1012 528 1047 et
543 1004 782 1064 jucundius
804 1014 847 1049 et
868 1004 1040 1064 planius
1070 1006 1214 1061 fieret,
1239 1021 1339 1050 cum
1373 1006 1569 1049 irrisione

186 1073 377 1118 mordaci
392 1090 542 1119 eorum
564 1090 673 1134 quos
694 1074 768 1118 illa
789 1076 1044 1134 captivasset
1064 1076 1245 1131 insania,
1270 1085 1319 1120 tu
1343 1077 1437 1131 scis,
1460 1079 1573 1120 Deus

186 1152 353 1198 noster,
379 1144 499 1203 quod
533 1153 638 1188 tunc
662 1144 716 1187 de
747 1143 907 1201 Alypio
941 1145 995 1188 ab
1022 1144 1095 1188 illa
1117 1155 1237 1203 peste
1265 1146 1459 1190 sanando
1481 1162 1573 1191 non

186 1214 480 1272 cogitaverim.
519 1217 576 1257 At
612 1212 684 1256 ille
712 1213 757 1256 in
790 1228 834 1256 se
864 1212 1034 1272 rapuit,
1067 1230 1227 1275 meque
1258 1215 1370 1260 illud
1400 1217 1573 1261 nonnisi

186 1293 364 1343 propter
385 1299 429 1327 se
451 1281 604 1327 dixisse
621 1282 819 1327 credidit.
842 1286 898 1327 Et
911 1283 1031 1343 quod
1046 1285 1153 1329 alius
1169 1286 1382 1346 acciperet
1399 1287 1451 1331 ad
1476 1303 1574 1332 suc-

187 1353 454 1398 censendum
477 1354 604 1408 mihi,
630 1354 795 1412 accepit
815 1354 1023 1399 honestus
1049 1355 1296 1402 adolescens
1314 1357 1368 1401 ad
1389 1373 1571 1403 succen-

183 1423 367 1468 sendum
383 1425 479 1479 sibi,
494 1433 537 1468 et
560 1423 614 1467 ad
631 1439 700 1468 me
719 1422 940 1468 ardentius
958 1424 1242 1484 diligendum.
1258 1427 1430 1472 Dixeras
1453 1429 1569 1473 enim

184 1503 232 1539 tu
248 1495 339 1554 jam
360 1493 462 1539 olim
476 1530 492 1549 ,
510 1503 553 1538 et
572 1495 827 1538 innexueras
845 1494 1017 1539 Litteris
1034 1496 1120 1541 tuis
1142 1515 1149 1540 :
1167 1497 1382 1557 «Corripe
1403 1500 1573 1558 sapien-

185 1583 206 1606 »
242 1573 331 1608 tem
348 1599 360 1616 ,
385 1573 428 1608 et
450 1565 611 1609 amabit
633 1573 676 1608 te
692 1567 721 1608 ¹.
747 1583 766 1605 »
789 1569 845 1609 At
870 1580 950 1624 ego
970 1564 1096 1609 illum
1119 1567 1210 1626 jam
1231 1582 1321 1612 non
1349 1569 1570 1629 corripue-

183 1651 275 1680 ram
302 1655 310 1681 :
338 1636 413 1680 sed
435 1646 563 1680 utens
582 1645 631 1680 tu
651 1636 855 1680 omnibus
875 1646 918 1680 et
952 1637 1186 1682 scientibus
1208 1647 1251 1682 et
1279 1640 1571 1686 nescientibus

184 1705 336 1751 ordine
359 1722 449 1767 quo
471 1707 583 1751 nosti
600 1741 611 1760 ,
636 1715 680 1750 et
699 1705 774 1750 ille
797 1707 904 1751 ordo
917 1708 1060 1766 justus
1079 1717 1142 1752 est
1161 1743 1170 1763 ,
1196 1708 1251 1752 de
1272 1710 1403 1754 corde
1421 1722 1463 1756 et
1483 1712 1570 1757 lin-

184 1792 269 1835 gua
296 1792 393 1821 mea
414 1777 624 1822 carbones
645 1776 844 1821 ardentes
873 1787 1074 1837 operatus
1097 1794 1140 1823 es
1156 1814 1166 1834 ,
1190 1780 1349 1838 quibus
1378 1791 1571 1827 mentem

181 1847 272 1906 spei
293 1847 423 1891 bonae
446 1847 648 1891 adureres
666 1848 958 1893 tabescentem
975 1885 985 1904 ,
1012 1865 1059 1894 ac
1081 1866 1266 1896 sanares.
1294 1855 1449 1897 Taceat
1469 1853 1566 1898 lau·

182 1916 258 1962 des
288 1927 384 1962 tuas
414 1919 491 1977 qui
521 1919 816 1963 miserationes
840 1929 935 1964 tuas
957 1936 1048 1964 non
1071 1922 1344 1977 considerat,
1370 1940 1470 1983 quae
1489 1925 1570 1968 tibi

182 1988 237 2033 de
269 1988 473 2033 medullis
496 1992 601 2033 meis
628 1991 910 2035 confitentur.
936 1993 1110 2036 Etenim
1127 1992 1201 2036 ille
1222 2003 1319 2053 post
1342 1994 1415 2039 illa
1437 1996 1569 2041 verba

180 2060 397 2119 proripuit
418 2075 462 2104 se
484 2076 536 2103 ex
563 2059 689 2104 fovea
716 2069 805 2104 tam
833 2061 940 2116 alta,
962 2078 1048 2122 qua
1073 2063 1261 2107 libenter
1284 2065 1569 2124 demergeba-

181 2138 276 2185 tur,
301 2139 344 2174 et
366 2145 467 2173 cum
490 2130 723 2174 miserabili
755 2129 980 2191 voluptate
1014 2134 1288 2190 caecabatur3
1314 2144 1357 2179 et
1386 2136 1570 2181 excussit

183 2200 377 2244 animum
398 2200 501 2244 forti
522 2201 833 2260 temperantia,
859 2211 901 2246 et
925 2203 1184 2248 resiluerunt
1209 2220 1357 2249 omnes
1390 2207 1568 2251 Circen-

181 2271 295 2315 sium
316 2271 462 2316 sordes
484 2272 539 2315 ab
562 2287 612 2316 eo
628 2307 639 2327 ,
667 2272 940 2332 ampliusque
957 2273 1061 2319 illuc
1083 2290 1173 2319 non
1191 2277 1379 2320 accessit.
1403 2276 1568 2322 Deinde

181 2352 349 2402 patrem
370 2342 657 2388 reluctantem
680 2343 822 2399 evicit,
848 2354 898 2388 ut
919 2360 990 2389 me
1009 2347 1214 2405 magistro
1236 2356 1453 2394 uteretur:
1474 2365 1567 2394 ces-

151 2413 155 2415 ”
181 2413 236 2458 sit
253 2412 326 2457 ille
347 2422 477 2474 atque
494 2413 719 2460 concessit.
735 2416 794 2459 Et
814 2413 965 2460 audire
986 2432 1057 2462 me
1078 2432 1225 2462 rursus
1246 2418 1473 2479 incipiens,
1494 2419 1567 2465 illa

226 2499 238 2518 ¹
262 2500 355 2531 Prov.
374 2509 421 2540 rx,
440 2502 473 2532 8.
