1871 3162
628 212 946 242 CONFESSIONUM
964 230 975 253 ,
1010 215 1091 243 Lm.
1133 217 1193 244 x1.
1507 212 1589 250 295

211 382 327 400 mm
332 383 1591 410 mmmmmlmmmmmmmmmwmmrm

724 515 940 566 CAPUT
978 519 1068 565 IX.

392 667 644 728 Quomodo
678 668 898 716 Verbum
918 670 1017 716 Det
1037 670 1262 730 loquatur
1280 671 1429 720 cordi.

272 829 349 871 XI.
376 828 426 872 ΙΝ
447 828 530 871 hoc
554 827 769 887 Principio
788 864 798 884 ,
826 831 962 885 Deus,
989 828 1124 874 fecisti
1146 830 1309 874 coelum
1337 841 1380 876 et
1410 841 1567 877 terram
1584 869 1596 889 ,

214 898 259 941 in
284 897 430 942 Verbo
454 907 531 942 tuo
547 933 557 953 ,
583 899 626 942 in
648 898 760 943 Filio
783 908 885 955 tuo,
910 900 954 943 in
984 900 1156 944 Virtute
1184 909 1285 956 tua,
1309 903 1354 946 in
1379 903 1596 962 Sapientia

213 978 287 1012 tua
301 1002 312 1023 ‚
333 968 379 1011 in
401 969 591 1013 Veritate
616 977 692 1012 tua
706 1003 717 1024 ‚
755 970 865 1014 miro
900 970 1032 1015 modo
1053 969 1201 1016 dicens
1216 1006 1227 1027 ‚
1263 981 1306 1016 et
1326 973 1437 1017 miro
1465 974 1598 1019 modo

214 1038 391 1083 faciens.
425 1039 530 1092 Quis
570 1040 939 1098 comprehendet?
967 1042 1063 1100 quis
1097 1041 1348 1086 enarrabit?
1389 1043 1506 1096 Quid
1533 1053 1598 1088 est

213 1107 323 1152 illud
354 1108 474 1167 quod
506 1108 738 1152 interlucet
768 1109 904 1164 mihi,
939 1118 983 1153 et
1012 1110 1202 1168 percutit
1226 1125 1300 1156 cor
1334 1126 1480 1157 meum
1507 1113 1598 1159 sine

211 1178 387 1222 laesione
405 1199 416 1235 3
434 1187 477 1222 et
491 1179 741 1223 inhorresco
757 1213 768 1233 ‚
791 1187 833 1222 et
849 1177 1101 1224 inardesco?
1118 1180 1374 1226 Inhorresco
1390 1182 1432 1226 in
1455 1199 1595 1243 quan⁴
1648 1189 1649 1192 ’

211 1259 306 1294 tum
321 1249 537 1295 dissimilis
554 1251 593 1293 ei
606 1265 701 1294 sum
715 1271 726 1308 ς
743 1249 967 1295 inardesco
976 1250 1022 1294 in
1039 1260 1253 1310 quantum
1268 1252 1416 1297 similis
1431 1254 1470 1298 ei
1481 1269 1593 1298 sum.
1655 1246 1668 1295 s

214 1320 456 1378 Sapientia,
489 1320 696 1379 sapientia
726 1321 816 1379 ipsa
838 1329 925 1375 est,
963 1336 1061 1380 quae
1083 1321 1315 1366 interlucet
1338 1323 1470 1379 mihi,
1506 1325 1597 1368 dis-

210 1390 388 1435 cindens
411 1390 613 1435 nubilum
636 1406 806 1446 meum,
831 1391 952 1452 quod
983 1406 1052 1435 me
1081 1407 1229 1437 rursus
1259 1395 1452 1453 cooperit
1485 1394 1595 1440 defi-

209 1461 395 1505 cientem
420 1461 474 1505 ab
495 1476 566 1516 ea,
591 1460 774 1519 caligine
795 1471 926 1521 atque
943 1477 1098 1521 aggere
1120 1478 1352 1522 poenarum
1367 1479 1563 1510 mearum
1582 1487 1593 1525 3

210 1532 418 1591 quoniam
441 1532 499 1575 sic
530 1531 775 1576 infirmatus
796 1541 859 1575 est
894 1532 939 1575 in
966 1541 1155 1590 egestate
1184 1534 1308 1592 vigor
1335 1538 1509 1591 meus¹‚
1544 1545 1595 1581 ut

209 1617 299 1646 non
317 1601 524 1645 sufferam
546 1600 713 1645 bonum
734 1616 904 1656 meum,
929 1601 1069 1646 donec
1085 1611 1134 1646 tu
1148 1636 1159 1658 ‚
1180 1604 1378 1659 Domine,
1398 1605 1475 1664 qui
1496 1621 1594 1665 pro-

208 1672 339 1731 pitius
362 1670 501 1716 factus
518 1686 561 1715 es
583 1671 786 1716 omnibus
806 1671 1110 1732 iniquitatibus
1141 1673 1272 1728 meis,
1308 1674 1439 1719 etiam
1472 1689 1594 1721 sanes

210 1757 359 1788 omnes
375 1741 605 1801 languores
621 1757 761 1801 meos3
779 1743 882 1803 quia
900 1751 944 1787 et
959 1742 1141 1790 redimes
1156 1743 1212 1788 de
1225 1745 1504 1804 corruptione
1524 1748 1592 1793 vi·

208 1823 298 1859 tam
321 1828 489 1868 meam,
513 1822 558 1857 et
578 1814 806 1858 coronabis
830 1828 899 1858 me
919 1814 964 1859 in
987 1815 1260 1861 miseratione
1280 1826 1324 1862 et
1344 1817 1589 1864 misericor-

209 1884 280 1928 dia
296 1918 307 1939 ,
332 1892 376 1928 et
396 1883 570 1928 satiabis
592 1884 635 1927 in
658 1884 784 1928 bonis
804 1884 1066 1930 desiderium
1089 1901 1262 1946 meum3
1285 1889 1493 1947 quoniam
1521 1905 1592 1933 re·-

208 1953 442 1999 novabitur
456 1955 662 2013 juventus
679 1968 774 1998 mea
790 1955 901 1998 sicut
918 1955 1114 2015 aquilae2.
1134 1958 1223 2015 Spe
1234 1959 1348 2002 enim
1361 1958 1467 2004 salvi
1484 1959 1587 2004 facti

206 2038 353 2069 sumus
373 2059 384 2079 ,
409 2033 453 2068 et
472 2025 681 2083 promissa
702 2033 776 2068 tua
795 2040 871 2083 per
887 2026 1140 2084 patientiam
1158 2036 1433 2086 expectamus
1449 2030 1480 2073 ³.
1503 2033 1589 2075 Au—

208 2094 298 2140 diat
319 2104 362 2139 te
388 2095 506 2139 intus
529 2095 889 2139 sermocinantem
912 2097 988 2155 qui
1018 2105 1158 2156 potest
1184 2116 1192 2142 :
1218 2112 1297 2156 ego
1331 2098 1516 2144 fidenter
1539 2116 1589 2145 ex

208 2165 386 2210 oraculo
417 2174 493 2210 tuo
531 2165 729 2210 clamabo
756 2185 765 2210 :
800 2185 819 2207 «
849 2170 987 2220 Quam
1019 2168 1295 2227 magnificata
1327 2180 1429 2215 sunt
1459 2185 1589 2230 opera

212 2253 234 2277 »
267 2244 366 2290 tua,
411 2237 593 2280 Domine
609 2271 619 2290 ,
662 2236 804 2279 omnia
841 2237 886 2280 in
925 2237 1141 2297 Sapientia
1183 2237 1345 2283 fecisti4
1363 2241 1371 2282 1
1396 2258 1417 2281 »
1452 2249 1495 2285 et
1515 2240 1589 2286 illa

209 2306 474 2365 Principium
488 2341 498 2361 ,
522 2315 564 2351 et
586 2307 630 2350 in
653 2321 704 2350 eo
727 2307 944 2367 Principio
966 2306 1104 2353 fecisti
1122 2308 1283 2353 coelum
1307 2318 1350 2353 et
1371 2318 1543 2355 terram.

273 2417 281 2433 ¹
310 2413 388 2444 Psalv
410 2423 484 2454 xxx,
507 2424 555 2445 ιι.
589 2430 628 2435 -
649 2419 661 2437 ²
685 2414 731 2445 Id.
751 2423 802 2452 cn,
837 2413 905 2444 3—5.
934 2430 974 2436 --
996 2413 1008 2436 3
1036 2417 1124 2446 Rom.
1154 2425 1222 2455 vm,
1245 2414 1297 2456 34,
1331 2415 1382 2448 35.
1414 2433 1453 2439 -
1471 2416 1486 2447 4
1506 2417 1587 2450 Psal.

208 2477 272 2508 cni,
293 2467 345 2508 24.
