1871 3162
12 2287 31 3030 ——T——fflfl—

16 3031 34 3162 z—

534 249 908 285 sotltoquioiimn,
944 250 1026 274 mu.
1063 251 1109 275 ιι.
1425 243 1501 283 461

133 313 208 358 sed
224 348 235 368 ‚
260 323 310 358 ut
330 314 484 372 opinor
497 346 509 367 ,
529 328 619 357 non
636 328 712 372 per
728 313 1052 371 grammaticam
1068 312 1174 356 falsa
1195 326 1318 369 sunt,
1342 318 1417 362 sed
1434 335 1510 378 per

133 399 227 428 eam
255 382 587 443 qualiacumque
623 390 746 436 sunt,
785 381 1154 427 demonstrantur.
1193 383 1414 443 Siquidem
1448 399 1511 434 est

132 452 281 497 fabula
298 451 587 511 compositum
602 452 658 496 ad
674 450 903 496 utilitatem
928 451 1314 498 delectationemve
1331 460 1512 504 menda-

132 522 263 566 cium.
287 525 365 566 Est
392 531 539 567 autem
567 522 845 581 grammatica
879 523 994 567 vocis
1022 522 1261 567 articulatae
1297 536 1440 572 custos
1470 539 1514 573 et

132 592 394 637 moderatrix
421 590 647 651 disciplina
674 611 684 638 :
707 593 830 651 cujus
850 592 1126 652 professionis
1154 595 1405 640 necessitate
1437 614 1513 642 co-

134 664 249 723 gitur
284 664 489 708 humanae
514 662 678 722 linguae
707 664 851 708 omnia
883 664 1009 707 etiam
1043 665 1248 722 figmenta
1286 666 1511 727 colligere,

132 749 232 793 quae
253 734 472 777 memoriae
493 733 734 792 litterisque
749 732 953 778 mandata
967 744 1084 789 sunt,
1101 751 1191 780 non
1208 736 1314 781 falsa
1335 737 1512 794 faciens,

133 804 209 848 sed
230 802 284 847 de
297 804 362 848 his
382 819 527 848 veram
546 803 783 862 quamdam
805 802 964 848 docens
988 820 1266 865 asserensque
1287 809 1513 853 rationem.

134 878 186 918 R.
213 878 347 918 Recte
369 889 469 918 sane
495 892 504 918 ε
528 873 639 917 nihil
661 889 778 918 nunc
808 890 914 918 curo
929 909 939 927 ,
972 885 1121 919 utrum
1143 876 1219 920 abs
1240 887 1283 922 te
1304 878 1382 923 ista
1405 880 1516 924 bene

133 945 312 989 definita
332 953 463 1005 atque
497 944 699 989 distincta
721 945 806 988 sint
833 964 841 990 :
866 945 941 989 sed
960 945 1070 990 illud
1096 963 1244 1006 quaero
1266 959 1414 994 utrum
1434 951 1518 996 hoc

133 1015 192 1060 ita
222 1030 311 1059 esse
331 1015 422 1073 ipsa
447 1006 760 1073 grammatica,
797 1030 852 1058 an
874 1031 976 1060 vero
1008 1015 1082 1060 illa
1114 1017 1336 1077 disciplina
1365 1020 1518 1080 dispu-

132 1085 308 1130 tationis
346 1085 571 1130 ostendat?
606 1088 657 1130 A.
685 1087 781 1130 Non
814 1101 926 1144 nego
963 1086 1049 1129 vim
1091 1088 1379 1148 peritiamque
1408 1092 1518 1136 defi-

132 1155 304 1211 niendi,
329 1171 415 1216 qua
436 1171 553 1200 nunc
577 1171 655 1214 ego
685 1157 765 1200 ista
803 1171 1000 1215 separare
1022 1167 1202 1202 conatus
1223 1175 1342 1216 sum,
1367 1161 1517 1221 dispu—

134 1226 302 1271 tatoriae
324 1227 403 1270 arti
422 1226 573 1270 tribui.

191 1298 290 1340 XX.
317 1299 370 1340 R.
410 1296 527 1349 Quid
548 1296 636 1355 ipsa
659 1298 960 1355 grammatica,
996 1312 1143 1343 nonne
1164 1301 1197 1343 si
1229 1316 1329 1346 vera
1358 1312 1440 1358 est,
1467 1320 1517 1349 eo

131 1383 232 1412 vera
253 1377 317 1412 est
348 1383 437 1427 quo
476 1366 702 1427 disciplina
730 1369 822 1412 est?
854 1367 1078 1428 disciplina
1113 1371 1228 1415 enim
1262 1388 1282 1416 a
1312 1373 1518 1421 discendo

133 1438 248 1484 dicta
270 1448 347 1483 est.
373 1441 510 1484 Nemo
534 1448 679 1483 autem
706 1454 805 1498 quae
833 1439 983 1483 didicit
1006 1456 1054 1484 ac
1076 1449 1218 1496 tenet,
1241 1445 1405 1488 nescire
1434 1447 1519 1491 dici

131 1519 289 1569 potest⁷
312 1518 354 1553 et
371 1523 499 1552 nemo
523 1508 601 1552 scit
623 1508 743 1552 falsa.
771 1510 922 1553 Omnis
944 1525 1047 1569 ergo
1069 1527 1167 1556 vera
1191 1523 1253 1557 est
1274 1513 1515 1574 disciplina.

133 1583 183 1624 Α.
201 1581 298 1625 Non
311 1577 437 1623 video
451 1577 628 1638 quidem
641 1577 750 1638 quid
763 1579 809 1622 in
830 1579 909 1623 ista
926 1580 1172 1626 ratiuncula
1187 1590 1346 1627 temere
1363 1600 1520 1630 conce—

131 1651 274 1695 datur.
309 1652 456 1695 Movet
477 1664 547 1693 me
568 1658 716 1694 tamen
748 1665 803 1693 ne
840 1665 916 1709 per
938 1651 1064 1695 istam
1101 1653 1289 1711 cuipiam
1323 1656 1520 1702 videatur

130 1723 258 1767 etiam
279 1720 373 1765 illas
396 1720 565 1764 fabulas
586 1736 707 1764 veras
731 1735 842 1776 esse3
864 1736 964 1764 nam
992 1731 1035 1765 et
1057 1723 1131 1766 has
1156 1724 1362 1769 discimus
1385 1737 1428 1770 et
1450 1738 1517 1771 te-

131 1807 241 1836 mus.
258 1795 310 1835 R.
328 1790 655 1849 Numquidnam
675 1789 876 1848 magister
893 1799 1038 1834 noster
1055 1790 1233 1836 nolebat
1247 1808 1325 1838 nos
1343 1797 1518 1842 credere

131 1878 230 1922 quae
252 1860 454 1914 docebat,
480 1869 523 1903 et
544 1861 697 1903 nosse?
719 1862 771 1902 A.
799 1862 893 1903 [mo
916 1861 1198 1906 vehementer
1227 1872 1276 1906 ut
1298 1880 1519 1911 nossemus

130 1932 335 1976 instabat.
361 1933 414 1973 R.
439 1928 666 1988 Numquid
688 1927 923 1988 aliquando
943 1930 1099 1974 institit
1118 1940 1167 1974 ut
1196 1933 1420 1979 Daedalum
1445 1952 1520 1982 vo-

132 2003 240 2048 lasse
271 2002 574 2046 crederemus?
592 2004 643 2044 A.
671 2002 763 2044 Hoc
784 2000 965 2059 quidem
998 2017 1240 2061 nunquam.
1279 2006 1363 2050 Sed
1393 2008 1518 2066 plane

133 2072 213 2117 nisi
248 2080 494 2115 teneremus
530 2069 743 2123 fabulam,
770 2070 841 2113 vix
863 2085 940 2114 nos
962 2086 1085 2129 posse
1115 2071 1280 2132 aliquid
1316 2077 1517 2123 manibus

132 2152 280 2187 tenere
303 2141 504 2185 faciebat.
537 2142 589 2183 R.
631 2142 696 2183 Tu
717 2154 820 2198 ergo
843 2156 972 2199 negas
1008 2156 1158 2186 verum
1184 2158 1273 2187 esse
1296 2146 1415 2204 quod
1438 2148 1518 2193 ista

132 2211 284 2258 fabula
306 2211 391 2265 sit,
412 2219 454 2254 et
486 2208 606 2270 quod
633 2209 692 2253 ita
721 2210 774 2254 sit
805 2209 1005 2255 Daedalus
1038 2212 1286 2258 diffamatus
1306 2216 1325 2259 Ξ)
1345 2219 1396 2260 Α.
1424 2221 1517 2263 Hoc

134 2298 224 2327 non
246 2296 356 2339 nego
379 2295 529 2324 verum
551 2294 655 2324 esse.
687 2282 740 2323 R.
762 2282 859 2325 Non
882 2296 1011 2338 negas
1038 2297 1140 2340 ergo
1160 2292 1203 2326 te
1228 2284 1427 2330 didicisse
1444 2303 1520 2332 ve-

134 2367 232 2397 rum
258 2365 359 2395 cum
381 2351 458 2394 ista
480 2349 695 2393 didiceriS.
730 2351 838 2393 Nam
860 2350 892 2393 si
917 2349 1082 2395 volasse
1122 2352 1344 2398 Daedalum
1366 2371 1516 2403 verum

134 2431 198 2467 est
213 2457 225 2478 ,
251 2431 294 2466 et
312 2421 395 2465 hoc
412 2421 535 2479 pueri
556 2435 634 2479 pro
657 2419 755 2463 ficta
777 2418 925 2464 fabula
946 2422 1191 2480 acciperent
1207 2433 1339 2484 atque
1361 2427 1514 2472 redde-

137 2502 260 2548 rent,
287 2508 337 2536 eo
365 2492 455 2550 ipso
483 2489 587 2535 falsa
619 2490 875 2546 retinerent,
911 2507 999 2550 quo
1031 2508 1131 2536 vera
1157 2505 1298 2543 essent
1327 2497 1400 2543 illa
1418 2515 1517 2558 quae

138 2563 383 2608 redderent.
411 2562 521 2606 Hinc
541 2562 654 2605 enim
672 2561 812 2605 extitit
835 2560 944 2605 illud
968 2563 1086 2621 quod
1105 2566 1300 2623 superius
1324 2569 1515 2613 mii-aba·-

350 2643 522 2675 cxxxn.
1257 2639 1307 2677 30
