1871 3162
283 212 337 248 70
695 219 727 248 s.
765 221 995 249 aueusnm
1027 221 1209 249 EPIscom

286 287 378 331 sine
399 285 489 330 illo.
511 288 569 329 Et
585 300 684 329 ecce
701 294 750 329 tu
769 286 998 330 imminens
1020 285 1148 330 dorso
1164 284 1443 345 fugitivorum
1467 296 1660 342 tuorum,

284 359 399 402 Deus
420 355 636 400 ultionum
659 365 701 400 et
722 357 819 400 fons
846 356 1235 401 misericordiarum
1267 357 1395 401 simul
1415 392 1426 412 ‚
1456 357 1533 416 qui
1555 373 1663 402 con-

282 427 414 474 vertis
431 443 509 472 nos
532 426 587 471 ad
608 436 650 472 te
671 427 787 470 miris
810 426 949 471 modis
967 462 977 482 ,
1004 442 1103 471 ecce
1126 427 1340 472 abstulisti
1362 429 1585 472 hominem
1608 427 1663 472 de

280 499 361 543 hac
374 498 478 553 vita,
495 513 595 542 cum
607 498 678 542 vix
694 496 947 557 explevisset
964 512 1129 541 annum
1144 498 1191 541 in
1204 498 1388 543 amicitia
1405 513 1497 542 mea
1509 533 1521 553 ‚
1545 498 1665 543 suavi

283 568 392 612 mihi
413 583 544 627 super
565 583 714 612 omnes
735 568 965 611 suavitates
987 567 1102 611 illius
1121 568 1221 612 vitae
1241 583 1363 612 meae.
1388 558 1402 592 l

340 640 465 682 VIII.
501 638 602 690 Quis
618 637 769 682 laudes
787 646 882 681 tuas
900 646 1126 681 enumerat
1147 653 1283 692 unus,
1315 638 1361 680 in
1381 652 1425 682 se
1447 652 1536 682 uno
1558 651 1667 697 quas

284 717 485 767 expertus
503 709 598 751 est?
615 707 731 760 Quid
752 716 857 751 tunc
879 706 1042 763 fecisti,
1070 710 1182 751 Deus
1203 722 1327 751 meus
1344 742 1355 762 ‚
1381 716 1423 751 et
1444 722 1575 767 quam
1597 707 1668 750 in-

283 776 547 835 vestigabilis
568 777 748 835 abyssus
760 777 1027 838 judiciorum
1048 780 1255 822 tuorum?
1277 780 1388 823 Cum
1411 777 1527 822 enim
1549 776 1679 833 labo-7

282 856 396 891 raret
424 846 498 890 ille
525 846 721 890 febribus
737 882 748 901 ‚
768 849 905 906 jacuit
926 848 1003 892 diu
1021 849 1111 892 sine
1140 864 1265 892 sensu
1281 849 1327 891 in
1349 847 1506 892 sudore
1531 845 1666 890 letali.
1731 864 1737 865 ⁷

283 920 341 962 Et
364 931 464 961 cum
488 916 804 974 desperaretur,
829 917 1070 975 baptizatus
1084 926 1148 960 est
1168 919 1376 972 nesciens,
1396 933 1466 961 me
1482 933 1573 962 non
1589 933 1670 961 cu-

284 997 407 1032 rante
418 1021 430 1041 ,
451 995 495 1030 et
509 995 798 1045 praesumente
811 987 857 1030 id
871 986 1056 1030 retinere
1075 986 1220 1045 potius
1239 987 1426 1030 animam
1443 988 1533 1046 ejus
1550 986 1672 1047 quod

286 1073 311 1102 a
331 1072 402 1101 me
432 1065 677 1116 acceperat,
712 1072 803 1101 non
829 1056 951 1115 quod
978 1057 1024 1099 in
1050 1056 1280 1100 nescientis
1309 1071 1489 1116 corpore
1521 1056 1668 1101 fiebat.

289 1131 436 1186 Longe
451 1136 597 1172 autem
613 1127 736 1171 aliter
747 1136 838 1171 erat
852 1148 862 1185 3
883 1142 982 1170 nam
998 1135 1214 1171 recreatus
1228 1136 1292 1171 est
1306 1136 1348 1171 ct
1362 1127 1503 1171 salvus
1513 1126 1668 1172 factus.

299 1197 540 1257 Statimque
565 1207 615 1240 ut
637 1197 827 1256 primum
851 1212 951 1241 cum
974 1211 1025 1240 eo
1048 1196 1171 1256 loqui
1197 1198 1320 1256 potui
1341 1198 1499 1257 (potui
1525 1206 1672 1241 autem

286 1284 386 1312 mox
402 1277 451 1312 ut
467 1267 541 1312 ille
557 1268 715 1328 potuit,
733 1268 911 1327 quando
929 1283 1018 1312 non
1035 1266 1311 1312 discedebam
1327 1303 1337 1323 ,
1360 1277 1403 1311 et
1421 1268 1547 1311 nimis
1564 1283 1673 1328 pen-

286 1337 497 1383 debamus
521 1353 571 1381 ex
599 1337 838 1395 invicem),
863 1338 1029 1382 tentavi
1055 1338 1171 1397 apud
1194 1336 1317 1381 illum
1341 1337 1519 1381 irridere
1535 1373 1547 1393 ,
1573 1347 1672 1382 tan-

287 1425 419 1469 quam
442 1417 486 1452 et
511 1408 587 1453 illo
609 1409 787 1452 irrisuro
809 1424 981 1452 mecum
1003 1409 1267 1467 baptismum
1294 1424 1424 1468 quem
1449 1418 1673 1468 acceperat

286 1488 433 1522 mente
446 1488 582 1537 atque
604 1494 732 1522 sensu
750 1479 1072 1522 absentissimus
1089 1513 1100 1532 ‚
1125 1479 1200 1522 sed
1223 1488 1368 1522 tamen
1385 1480 1475 1538 jam
1493 1495 1537 1523 se
1552 1495 1674 1524 acce-

284 1549 394 1608 pisse
416 1548 642 1593 didicerat.
674 1551 731 1592 At
752 1548 824 1592 ille
839 1549 899 1592 ita
916 1563 985 1592 me
1008 1549 1229 1593 exhorruit
1247 1558 1297 1592 ut
1317 1549 1542 1593 inimicum
1557 1585 1567 1605 ‚
1593 1551 1672 1594 ad-

286 1618 546 1677 monuitque
579 1617 767 1661 mirabili
798 1627 841 1661 et
871 1618 1097 1676 repentina
1126 1616 1329 1662 libertate
1346 1654 1356 1674 ,
1383 1628 1432 1662 ut
1455 1620 1488 1662 si
1511 1621 1673 1664 amicus

287 1703 377 1732 esse
403 1687 583 1743 vellem,
613 1687 714 1731 talia
736 1687 818 1731 sibi
839 1686 981 1731 dicere
1011 1687 1267 1732 desinerem.
1295 1692 1387 1746 Ego
1410 1699 1555 1734 autem
1578 1700 1664 1734 stu-

286 1757 485 1818 pefactus
513 1767 644 1817 atque
671 1758 871 1802 turbatus
889 1792 900 1812 ‚
931 1757 1079 1801 distuli
1113 1774 1264 1803 omnes
1280 1769 1425 1804 motus
1447 1775 1564 1805 meos
1580 1795 1591 1815 ,
1623 1771 1674 1806 ut

287 1828 605 1873 convalesceret
626 1828 744 1887 prius
759 1862 771 1883 ,
800 1837 996 1888 essetque
1018 1827 1202 1872 idoneus
1224 1829 1388 1873 viribus
1410 1830 1673 1875 valetudinis

285 1915 386 1943 cum
405 1914 494 1959 quo
515 1913 639 1956 agere
660 1913 829 1958 possem
849 1899 970 1958 quod
983 1898 1155 1943 vellem.
1179 1899 1263 1944 Sed
1284 1899 1357 1944 ille
1371 1901 1578 1960 abreptus
1594 1901 1673 1945 de-

285 1970 460 2014 mentiae
477 1985 602 2024 meae,
615 1978 665 2013 ut
682 1969 798 2028 apud
817 1977 859 2012 te
879 1978 1121 2016 servaretur
1136 1970 1423 2014 consolationi
1440 1987 1563 2026 meae,
1575 1981 1672 2030 post

285 2055 445 2099 paucos
463 2039 570 2094 dies,
585 2055 656 2084 me
670 2040 864 2093 absente,
890 2039 1099 2097 repetitur
1122 2037 1315 2083 febribus
1337 2049 1379 2084 et
1396 2039 1668 2100 defungitur.

345 2112 424 2154 IX.
461 2112 558 2162 Quo
575 2108 725 2153 dolore
742 2109 1104 2158 contenebratum
1121 2117 1185 2152 est
1202 2125 1275 2153 cor
1289 2124 1434 2153 meum
1452 2131 1462 2166 3
1483 2120 1526 2154 et
1541 2110 1672 2170 quid-

283 2180 392 2240 quid
414 2180 673 2238 aspiciebam
692 2214 703 2233 ,
737 2194 851 2224 mors
881 2188 986 2223 erat.
1019 2182 1075 2223 Et
1097 2188 1188 2223 erat
1209 2179 1316 2223 mihi
1340 2181 1474 2239 patria
1502 2180 1670 2240 suppli·
1686 2177 1695 2181 ”

283 2252 400 2296 cium
418 2261 461 2295 et
479 2260 658 2309 paterna
679 2250 834 2294 domus
856 2251 961 2301 mira
984 2248 1211 2295 infelicitas
1230 2271 1241 2308 3
1269 2259 1312 2294 et
1332 2251 1548 2311 quidquid
1569 2267 1669 2296 cum

278 2321 354 2365 illo
375 2321 827 2373 communicaveram,
858 2321 950 2364 sine
981 2320 1057 2366 illo
1086 2320 1133 2364 in
1165 2321 1406 2365 cruciatum
1434 2322 1669 2366 immanem

279 2401 481 2437 verterat.
507 2391 783 2451 Expetebant
800 2407 901 2435 eum
921 2391 1117 2453 undique
1140 2391 1255 2436 oculi
1280 2392 1391 2446 mei,
1418 2401 1461 2436 et
1481 2408 1570 2436 non
1588 2393 1668 2436 da·

281 2462 411 2506 batur
442 2462 574 2519 mihi3
599 2471 642 2505 et
663 2462 842 2505 oderam
863 2461 1008 2506 omnia
1023 2496 1034 2516 ‚
1063 2462 1165 2521 quia
1188 2477 1277 2505 non
1295 2461 1507 2506 haberent
1529 2477 1630 2505 eum
1651 2497 1663 2516 ‚

282 2546 360 2574 nec
382 2531 487 2574 mihi
505 2532 595 2589 jam
629 2532 772 2575 dicere
804 2540 1001 2589 poterant
1032 2550 1040 2574 τ
1071 2533 1183 2575 Ecce
1213 2532 1383 2585 veniet,
1414 2532 1526 2576 sicut
1562 2547 1662 2576 cum
