1871 3162
286 291 309 327 to

316 291 337 327 Nu

345 292 367 327 αἳ

717 303 750 329 5.
788 301 811 328 Λ
819 303 839 328 U
846 304 871 329 G
879 302 1016 329 usa'ffll
1050 301 1227 329 Emseorl

988 485 1337 502 ἏἋᾸΜἎΜΜΩΑΜΜΜ
1343 484 1618 500 ἏΜΛΝἋΊΛΜΜ
1624 484 1659 500 Ἃ

282 487 421 503 ΜΝἱιῚΝἎ
426 487 633 503 ΜΊᾸΛΜἏἏ
639 486 774 503 mm

799 630 1014 678 CAPU'i‘
1058 632 1147 677 m.

286 798 587 862 Quofructu
616 796 918 860 confitebitur
942 796 1166 856 deinceps
1187 797 1292 855 quis
1313 797 1394 853 sit,
1429 812 1524 842 non
1555 797 1660 855 quis

859 868 1037 930 fiterl't.

337 1043 415 1083 111.
430 1042 543 1092 Qum
563 1039 667 1081 mihi
690 1053 791 1096 ergo
814 1047 876 1081 est
895 1054 996 1082 cum
1018 1037 1268 1082 hominibus
1287 1047 1337 1081 ut
1358 1037 1537 1082 audiant
1554 1052 1659 1081 con-

272 1112 476 1155 fessiones
501 1125 615 1153 meas
637 1145 646 1163 ‚
673 1110 794 1169 quasi
824 1110 904 1168 ipsi
927 1110 1120 1153 sanaturi
1146 1110 1230 1153 sint
1257 1125 1406 1152 omnes
1427 1109 1658 1167 languores

272 1183 420 1226 meos?
439 1181 669 1226 Curiosum
693 1196 826 1238 genus
845 1179 898 1223 ad
921 1179 1267 1238 cognoscendam
1287 1179 1421 1222 vitam
1443 1178 1628 1223 alienam
1643 1214 1654 1234 ,

271 1251 534 1296 desidiosum
564 1250 619 1295 ad
652 1249 951 1308 corrigendam
974 1265 1112 1294 suam.
1140 1250 1257 1302 Quid
1288 1266 1311 1293 a
1347 1265 1417 1294 me
1453 1259 1659 1310 quaerunt

274 1323 424 1368 audire
444 1324 519 1383 qui
543 1323 646 1377 sim,
672 1322 748 1382 qui
771 1320 929 1365 nolunt
950 1337 973 1365 a
996 1330 1037 1364 te
1059 1321 1210 1364 audire
1234 1321 1309 1379 qui
1331 1321 1448 1365 sint?
1466 1323 1524 1365 Et
1540 1320 1658 1364 unde

269 1395 414 1439 sciunt
432 1408 532 1437 cum
551 1408 574 1437 a
597 1407 666 1436 me
688 1392 782 1451 ipso
813 1393 867 1436 de
893 1406 963 1435 me
983 1392 1077 1451 ipso
1100 1392 1306 1447 audiunt,
1333 1407 1389 1437 an
1412 1407 1565 1436 verum
1587 1391 1657 1436 di-

269 1480 389 1521 cam,
414 1463 775 1525 quandoquidem
807 1478 937 1507 nemo
958 1463 1036 1507 scit
1052 1463 1282 1507 hominum
1304 1464 1411 1522 quid
1441 1473 1593 1523 agatur
1611 1463 1657 1507 in

268 1536 474 1591 homine,
508 1534 590 1579 nisi
612 1534 787 1593 spiritus
809 1533 998 1577 hominis
1020 1533 1096 1593 qui
1116 1534 1161 1575 in
1185 1533 1277 1593 ipso
1300 1542 1363 1577 est
1379 1535 1426 1574 ¹?
1447 1533 1490 1578 Si
1512 1543 1658 1578 autem

269 1621 293 1649 a
314 1615 357 1650 te
380 1605 561 1650 audiant
583 1604 637 1648 de
668 1618 712 1648 se
734 1604 834 1663 ipsis
850 1639 861 1659 ,
898 1619 987 1648 non
1015 1612 1224 1663 poterunt
1253 1604 1396 1648 dicere
1413 1639 1423 1659 ,
1449 1604 1657 1648 mentitur

268 1678 495 1723 Dominus.
508 1675 625 1730 Quid
641 1685 705 1720 est
719 1676 834 1719 enim
853 1691 876 1719 a
898 1684 941 1719 te
963 1675 1115 1719 audire
1137 1675 1192 1719 de
1213 1691 1272 1730 se,
1298 1676 1380 1719 nisi
1399 1691 1657 1734 cognoscere

268 1751 346 1793 se?
383 1748 488 1801 Quis
510 1761 640 1806 porro
663 1745 883 1804 cognoscit
904 1754 948 1789 et
980 1745 1105 1798 dicit,
1144 1744 1304 1789 falsum
1336 1755 1420 1800 est,
1445 1747 1529 1790 nisi
1566 1747 1656 1806 ipse

268 1817 535 1863 mentiatur?
572 1815 657 1861 Sed
691 1816 794 1874 quia
829 1815 1014 1859 charitas
1045 1815 1189 1858 omnia
1223 1814 1407 1870 credit²‚
1434 1816 1546 1860 inter
1584 1831 1656 1861 eos

270 1890 421 1948 utique
455 1902 565 1947 quos
590 1900 808 1931 connexos
830 1884 1005 1929 sibimet
1027 1900 1166 1929 unum
1190 1884 1319 1941 facit,
1345 1901 1425 1945 ego
1448 1902 1652 1947 quoque,

271 1960 480 2013 Domine,
517 1958 648 2002 etiam
676 1956 735 2000 sic
768 1955 849 2000 tibi
871 1955 1108 2009 confiteor,
1147 1965 1196 1999 ut
1228 1955 1409 2000 audiant
1430 1957 1652 2011 homines,

271 2032 429 2091 quibus
453 2029 751 2073 demonstrare
777 2042 868 2071 non
890 2041 1064 2085 possum
1100 2041 1155 2068 an
1181 2040 1280 2069 vera
1314 2027 1547 2082 confitear,
1579 2027 1655 2072 sed

273 2102 460 2147 credunt
480 2100 586 2143 mihi
608 2113 797 2158 quorum
819 2096 926 2141 mihi
948 2110 1072 2140 aures
1094 2096 1279 2139 charitas
1302 2097 1456 2155 aperit.

329 2175 405 2217 IV‘
432 2173 743 2214 Verumtamen
764 2176 813 2211 tu
829 2201 841 2221 ‚
866 2165 1032 2210 medice
1051 2180 1171 2209 meus
1193 2165 1346 2210 intime
1362 2201 1372 2221 ,
1398 2183 1487 2226 quo
1505 2165 1653 2213 fructu

271 2245 351 2288 ista
373 2242 525 2286 faciam
544 2275 554 2290 ‚
579 2239 723 2299 eliqua
739 2237 845 2281 mihi
868 2255 877 2281 :
898 2251 1000 2281 nam
1022 2234 1310 2280 consessiones
1334 2238 1652 2296 praeteritorum

273 2314 489 2360 malorum
510 2325 729 2364 meorum,
763 2323 861 2368 quae
883 2307 1081 2351 remisisti
1103 2317 1146 2351 et
1168 2307 1306 2352 texisti
1336 2317 1388 2353 ut
1414 2309 1562 2354 beares
1584 2325 1653 2354 me

273 2388 317 2430 in
340 2387 408 2430 te³
426 2420 437 2439 ‚
462 2391 635 2427 mutans
668 2381 857 2425 animam
891 2393 1032 2423 meam
1064 2377 1150 2422 fide
1178 2388 1222 2423 et
1250 2390 1517 2425 sacramento
1544 2390 1620 2426 tuo
1637 2417 1649 2436 ,

275 2472 374 2501 cum
398 2456 601 2513 leguntur
636 2461 680 2495 et
702 2449 965 2504 audiuntur,
997 2450 1188 2494 excitant
1214 2465 1288 2494 cor
1309 2466 1364 2495 ne
1397 2451 1584 2496 dormiat
1608 2453 1652 2495 in

277 2526 574 2585 desperatione
595 2532 639 2567 et
652 2522 768 2567 dicat
784 2523 902 2567 :Non
925 2534 1099 2580 possum
1119 2541 1129 2576 ς
1153 2520 1229 2565 sed
1246 2519 1419 2580 evigilet
1440 2523 1485 2566 in
1507 2538 1651 2567 amore

326 2631 334 2647 ¹
368 2634 377 2654 1
403 2623 478 2655 Cor.
498 2632 534 2662 11,
557 2631 670 2652 11.—
691 2619 765 2651 ²Id.
789 2629 855 2658 1111,
876 2628 906 2658 7.
924 2634 964 2640 —
984 2615 997 2640 3
1013 2616 1196 2657 Psal.xxx1‚
1222 2629 1247 2650 ι.
