1871 3162
611 214 958 250 coNFESSIONUM,
995 214 1075 241 Lm.
1113 215 1156 241 x.
1477 206 1559 248 277

186 278 260 334 tio,
287 288 372 324 tam
395 279 647 324 comitatum
666 280 772 338 cjuS,
798 294 929 339 quam
947 280 1080 338 ipsam
1099 279 1258 322 bonam
1278 279 1409 327 vitam
1426 279 1560 324 deseri

183 366 273 395 non
302 360 486 411 oportet.
511 353 608 395 Non
630 359 775 394 autem
803 351 940 394 sentio
962 351 1054 394 sine
1084 364 1173 410 quo
1209 365 1297 393 esse
1327 359 1403 393 aut
1437 367 1564 411 aequo

183 422 340 476 animo,
362 429 437 464 aut
451 436 563 479 aegre
584 421 754 479 possim,
777 420 858 464 nisi
875 436 975 465 cum
994 418 1197 465 abfuerit.

239 495 353 536 LXI.
390 492 506 545 Quid
520 493 649 549 igitur
664 493 739 536 tibi
753 492 798 536 in
813 493 896 536 hoc
909 507 1066 551 genere
1078 491 1343 545 tentationis,
1361 493 1560 547 Domine,

179 564 417 608 confiteor?
434 562 579 616 Quid?
601 564 683 608 nisi
704 563 909 608 delectari
930 579 1001 607 me
1022 563 1228 607 laudibus
1247 584 1257 619 3
1287 562 1362 607 sed
1378 563 1562 622 amplius

178 634 268 693 ipsa
302 635 479 678 veritate
511 649 642 694 quam
674 633 909 679 laudibus?
942 637 1052 680 Nam
1085 635 1118 678 si
1148 634 1252 678 mihi
1274 643 1559 694 proponatur,

178 713 326 748 utrum
343 704 488 747 malim
507 703 670 760 furens,
692 705 826 749 autin
846 704 1047 749 omnibus
1066 705 1195 749 rebus
1212 720 1374 759 errans,
1399 705 1453 750 ab
1472 720 1563 750 om-

175 775 303 817 nibus
324 774 574 818 hominibus
596 775 780 830 laudari,
808 791 862 819 an
881 785 1095 830 constans,
1123 785 1165 820 et
1187 776 1231 819 in
1253 776 1433 820 veritate
1463 792 1559 820 cer-

175 844 360 888 tissimus
378 879 389 898 ,
429 845 484 887 ab
525 845 728 890 omnibus
766 846 1001 905 vituperari
1020 881 1030 900 ,
1076 845 1203 890 vidco
1240 844 1345 906 quid
1388 846 1559 904 eligam.

174 916 481 957 Verumtamen
502 913 679 970 nollem,
706 924 755 959 ut
777 915 845 959 vel
868 925 1046 974 augeret
1068 916 1175 960 mihi
1191 915 1402 975 gaudium
1419 917 1559 976 cujus-

172 983 279 1029 libet
315 985 417 1029 boni
447 986 531 1029 mei
554 986 806 1045 suffragatio
832 987 915 1030 oris
941 987 1084 1030 alieni.
1113 987 1197 1031 Sed
1219 996 1365 1046 auget,
1391 988 1559 1046 fateor3

172 1071 258 1100 non
276 1057 432 1111 solum,
458 1057 592 1101 sedet
614 1058 874 1117 vituperatio
892 1059 1064 1102 minuit.
1087 1061 1144 1103 Et
1162 1073 1264 1102 cum
1286 1058 1365 1102 ista
1386 1059 1557 1102 miseria

169 1142 264 1171 mea
284 1128 532 1187 perturbor,
572 1129 788 1174 subintrat
810 1130 917 1172 mihi
939 1130 1171 1184 excusatio,
1196 1144 1296 1189 quae
1319 1129 1459 1189 qualis
1480 1130 1551 1183 sit,

169 1207 217 1242 tu
241 1199 336 1253 scis,
378 1202 506 1253 Deus,
542 1214 642 1242 nam
678 1214 746 1242 me
780 1200 994 1243 incertum
1016 1198 1133 1243 facit.
1161 1202 1268 1253 Quia
1291 1200 1407 1244 enim
1429 1201 1555 1244 nobis

167 1269 384 1328 imperasti
419 1285 507 1313 non
530 1279 701 1314 tantum
730 1270 1061 1324 continentiam,
1088 1270 1133 1314 id
1155 1279 1233 1325 est,
1261 1287 1284 1314 a
1304 1271 1462 1331 quibus
1485 1286 1555 1315 re-

166 1340 248 1383 bus
280 1356 469 1384 amorem
493 1341 789 1395 cohibeamus,
821 1356 972 1385 verum
992 1341 1121 1384 etiam
1146 1341 1377 1401 justitiam,
1402 1341 1448 1386 id
1470 1352 1550 1396 est,

165 1426 252 1469 quo
288 1426 387 1454 eum
424 1411 698 1454 conferamus
717 1430 725 1455 z
751 1426 831 1455 nec
866 1420 909 1455 te
942 1420 1112 1455 tantum
1150 1411 1326 1456 voluisti
1356 1428 1379 1455 a
1409 1413 1550 1468 nobis,

163 1496 314 1525 verum
338 1482 466 1525 etiam
491 1482 735 1540 proximum
754 1481 901 1540 diligi,
937 1497 1050 1541 saepe
1077 1482 1182 1526 mihi
1210 1483 1362 1527 videor
1379 1483 1433 1527 de
1451 1499 1545 1543 pro-

164 1550 280 1594 fectu
314 1561 388 1595 aut
421 1567 495 1610 spe
529 1552 711 1611 proximi
741 1552 957 1607 delectari,
993 1568 1093 1597 cum
1125 1552 1238 1596 bene
1269 1553 1550 1614 intelligentis

161 1621 290 1665 laude
313 1622 525 1679 delector,
554 1632 596 1667 et
618 1614 764 1667 rursus
787 1624 876 1683 ejus
902 1622 1015 1668 malo
1036 1623 1295 1679 contristari,
1323 1640 1425 1669 cum
1447 1641 1548 1670 eum

162 1692 292 1736 audio
313 1693 555 1751 vituperare
580 1694 699 1753 quod
728 1703 803 1737 aut
832 1694 1019 1752 ignorat,
1053 1703 1128 1738 aut
1148 1694 1316 1738 bonum
1334 1704 1409 1740 est.
1437 1698 1545 1741 Nam

160 1772 202 1806 et
224 1764 453 1808 contristor
468 1764 702 1824 aliquando
719 1763 923 1809 laudibus
940 1764 1062 1819 meis,
1087 1780 1188 1809 cum
1205 1765 1274 1810 vel
1292 1781 1340 1810 ea
1356 1766 1544 1811 laudan-

161 1844 230 1878 tur
251 1836 296 1878 in
313 1849 396 1887 me,
423 1835 467 1877 in
489 1835 648 1893 quibus
670 1835 761 1894 ipse
783 1835 889 1878 mihi
913 1834 1142 1894 displiceo,
1181 1835 1251 1880 vel
1277 1836 1405 1881 etiam
1428 1837 1544 1883 bona

159 1905 325 1948 minora
347 1912 390 1947 et
411 1903 519 1948 levia
545 1904 679 1964 pluris
701 1906 972 1949 aestimantur
994 1921 1126 1966 quam
1144 1906 1399 1952 aestimanda
1421 1918 1539 1954 sunt.

160 1976 244 2020 Sed
267 1990 413 2018 rursus
431 1974 550 2018 unde
572 1976 676 2030 scio,
702 1991 758 2020 an
780 1984 1008 2035 propterea
1030 1977 1088 2021 sic
1112 1977 1291 2032 afficior,
1313 1978 1415 2038 quia
1437 1978 1541 2023 nolo

156 2047 211 2090 de
238 2061 308 2089 me
329 2046 422 2104 ipso
441 2061 463 2089 a
481 2060 551 2089 me
580 2045 803 2091 dissentire
824 2047 1095 2092 laudatorem
1116 2063 1262 2092 meum
1280 2069 1291 2106 3
1328 2064 1417 2093 non
1439 2051 1540 2109 quia

155 2116 270 2160 illius
291 2115 478 2160 utilitate
499 2131 692 2172 moveor,
721 2116 796 2162 sed
818 2118 920 2179 quia
942 2118 1094 2163 eadem
1110 2119 1226 2164 bona
1247 2135 1346 2180 quae
1367 2120 1474 2165 mihi
1496 2121 1539 2164 in

156 2203 225 2231 me
247 2186 435 2246 placent,
464 2187 726 2248 jucundiora
748 2189 854 2232 mihi
875 2198 977 2234 sunt
997 2205 1097 2234 cum
1119 2199 1163 2234 et
1184 2190 1306 2235 alteri
1336 2190 1538 2251 placent?

159 2258 358 2312 Quodam
381 2259 512 2303 modo
535 2260 649 2303 enim
669 2275 756 2304 non
780 2275 859 2318 ego
880 2259 1051 2316 laudor,
1082 2276 1181 2305 cum
1205 2261 1260 2306 de
1277 2277 1346 2305 me
1363 2271 1538 2306 senten-

157 2332 213 2374 tia
231 2345 325 2374 mea
344 2346 431 2375 non
455 2330 674 2386 laudatur,
720 2331 1077 2393 quandoquidem
1099 2343 1174 2378 aut
1201 2332 1273 2378 illa
1303 2333 1539 2378 laudantur

154 2416 253 2461 quae
270 2400 375 2443 mihi
391 2400 636 2460 displicent,
657 2410 731 2445 aut
750 2401 823 2446 illa
840 2402 1024 2462 amplius
1042 2419 1141 2462 quae
1158 2402 1264 2447 mihi
1286 2404 1429 2448 minus
1449 2404 1537 2464 pla-

152 2481 265 2516 cent.
286 2474 474 2530 Ergo-ne
487 2472 541 2516 de
559 2474 641 2517 hoc
658 2473 849 2517 incertus
867 2489 964 2518 sum
982 2475 1097 2518 mei?

207 2544 344 2585 LXII.
382 2545 492 2586 Ecce
510 2544 552 2586 in
575 2553 630 2597 te,
655 2544 836 2599 Veritas,
864 2544 989 2589 video
1013 2561 1099 2589 non
1118 2560 1188 2589 me
1205 2544 1410 2591 laudibus
1429 2547 1532 2590 meis
