1871 3162
331 254 383 291 98
768 267 799 292 s.
837 264 1066 292 AUGUSTIIU
1101 266 1279 291 Errscom

329 329 441 373 citur
465 349 475 383 3
519 343 599 373 nec
641 344 692 372 eo
725 328 881 373 falsum
895 364 905 383 ,
945 330 1046 388 quia
1083 329 1369 387 incomposite
1403 336 1558 371 sonant
1601 328 1721 385 signa

327 397 558 442 labiorum.
585 401 750 442 Rursus
771 414 851 442 nec
888 399 986 443 ideo
1009 414 1158 443 verum
1176 434 1186 453 ,
1219 399 1320 458 quia
1348 397 1545 456 impolite
1576 413 1719 447 enun-

328 467 487 525 tiatur3
509 482 589 511 nec
610 468 708 512 ideo
731 467 890 511 falsum
908 502 919 523 ,
954 469 1057 527 quia
1079 467 1334 527 splendidus
1355 482 1496 511 sermo
1524 476 1587 510 est
1614 486 1622 510 :
1645 467 1721 510 sed

322 536 503 596 perinde
525 552 614 580 esse
636 537 892 596 sapientiam
917 546 961 581 et
982 536 1212 581 stultitiam
1228 572 1239 591 ,
1263 537 1375 580 sicut
1397 545 1499 580 sunt
1521 534 1609 579 cibi
1633 536 1720 579 uti-

323 607 385 651 les
402 615 446 650 et
466 606 669 665 inutiles;
694 607 834 651 verbis
857 616 1004 651 autem
1025 608 1187 652 ornatis
1205 616 1247 651 et
1260 607 1487 661 inornatis,
1513 607 1623 650 sicut
1646 622 1721 651 va-

322 677 375 721 sis
395 677 574 721 urbanis
596 685 640 720 et
661 677 890 722 rusticanis
906 712 917 733 ‚
947 686 1156 738 utrosque
1174 678 1291 722 cibos
1313 692 1438 736 posse
1471 677 1718 720 ministrari.

383 748 463 790 XI.
489 747 628 805 Igitur
649 746 829 792 aviditas
852 762 949 792 mea
965 783 977 804 ,
1002 764 1089 808 qua
1111 747 1238 791 illum
1262 756 1385 791 tanto
1418 756 1616 805 tempore
1644 762 1721 790 ex-

324 826 599 877 pectaveram
620 817 845 861 hominem
863 853 873 873 ‚
910 817 1213 863 delectabatur
1238 818 1418 877 quidem
1439 826 1561 861 motu
1584 817 1721 861 affec—

322 896 460 947 tuque
499 887 783 946 disputantis,
826 897 870 932 et
908 889 1051 933 verbis
1089 889 1432 947 congruentibus
1451 923 1462 943 ,
1498 897 1629 948 atque
1664 887 1720 932 ad
1766 936 1770 938 c

321 957 567 1003 vestiendas
581 958 817 1002 sententias
837 956 965 1003 facile
985 959 1332 1003 occurrentibus.
1360 958 1617 1002 Delectabar
1639 973 1722 1001 au-

323 1037 412 1072 tem
427 1063 442 1084 ,
466 1037 510 1072 et
529 1043 633 1072 cum
654 1027 804 1072 multis
824 1063 836 1084 ,
859 1027 930 1073 vel
961 1029 1092 1073 etiam
1112 1044 1203 1088 prae
1233 1027 1380 1072 multis
1402 1027 1639 1071 laudabam
1666 1043 1715 1071 ac

323 1098 560 1143 efferebam
579 1119 591 1155 ς
613 1098 690 1141 sed
710 1099 892 1140 moleste
912 1099 1128 1143 habebam
1143 1131 1154 1151 ,
1177 1098 1298 1155 quod
1316 1099 1362 1142 in
1384 1105 1503 1141 coetu
1535 1097 1722 1141 audien-

326 1169 438 1213 tium
459 1182 550 1211 non
583 1168 746 1211 sinerer
781 1165 846 1209 illi
877 1167 1102 1225 ingerere,
1146 1175 1189 1209 et
1211 1167 1362 1225 partiri
1395 1182 1497 1210 cum
1519 1182 1571 1211 eo
1598 1183 1722 1212 curas

326 1237 621 1298 quaestionum
654 1251 874 1290 mearum,
909 1234 1178 1280 conferendo
1202 1234 1498 1291 familiariter,
1536 1247 1580 1281 et
1612 1238 1724 1281 acci-

330 1307 493 1367 piendo
510 1322 559 1351 ac
580 1305 806 1351 reddendo
829 1320 1090 1350 sermonem.
1112 1307 1243 1359 Quod
1260 1306 1337 1349 ubi
1358 1307 1483 1365 potui
1503 1341 1514 1362 ‚
1535 1317 1579 1351 et
1601 1322 1724 1351 aures

328 1379 420 1439 ejus
440 1393 541 1422 cum
561 1375 848 1422 familiaribus
866 1377 973 1421 meis
989 1391 1130 1437 eoque
1148 1386 1344 1436 tempore
1362 1392 1575 1438 occupare
1593 1379 1721 1438 coepi⁷

332 1464 422 1509 quo
441 1464 528 1493 non
555 1448 787 1492 dedeceret
809 1448 985 1492 alternis
1006 1449 1236 1502 disserere,
1271 1457 1313 1492 et
1336 1449 1497 1507 protuli
1523 1448 1725 1508 quaedam

331 1535 431 1580 quae
442 1534 514 1563 me
526 1519 764 1563 movebant
775 1539 786 1576 3
799 1528 1000 1578 expertus
1017 1534 1114 1563 sum
1130 1519 1248 1579 prius
1262 1519 1484 1563 hominem
1502 1529 1724 1579 expertem

332 1590 582 1635 liberalium
613 1589 940 1650 disciplinarum
984 1591 1065 1634 nisi
1098 1590 1393 1649 grammaticae
1410 1625 1421 1643 ‚
1466 1600 1597 1650 atque
1633 1591 1725 1650 ejus

334 1662 468 1722 ipsius
484 1662 645 1706 usitato
661 1662 808 1706 modo.
831 1664 887 1705 Et
903 1662 1005 1721 quia
1021 1661 1186 1720 legerat
1203 1660 1368 1720 aliquas
1388 1659 1606 1704 Tullianas
1625 1677 1725 1705 ora-

335 1733 496 1788 tiones,
517 1741 561 1776 et
578 1732 859 1792 paucissimos
883 1734 1058 1777 Senecae
1079 1731 1214 1776 libros
1234 1766 1245 1786 ,
1270 1740 1314 1775 et
1335 1729 1549 1775 nonnulla
1572 1735 1724 1790 poeta-

336 1818 451 1859 rum,
469 1812 512 1847 et
533 1818 622 1847 suae
639 1812 767 1848 sectae
787 1803 822 1848 si
841 1819 928 1863 qua
943 1802 1168 1847 volumina
1189 1801 1322 1846 latine
1339 1811 1471 1861 atque
1486 1802 1725 1860 composite

337 1873 581 1933 conscripta
602 1882 739 1917 erant.
767 1875 823 1917 Et
844 1873 945 1932 quia
967 1873 1115 1916 aderat
1131 1872 1385 1932 quotidiana
1406 1872 1725 1915 sermocinandi

336 1944 600 1999 exercitatio,
615 1943 717 1988 inde
735 1944 1000 2014 suppetebat
1013 1941 1253 2002 eloquium,
1278 1941 1398 2000 quod
1419 1941 1552 1985 fiebat
1568 1957 1724 2001 accep·
1789 1998 1792 2001 Δ
1827 1929 1829 1946 ¹

338 2015 424 2059 tius
434 2015 659 2073 magisque
670 2013 967 2057 seductorium
978 2011 1273 2056 moderamine
1285 2011 1463 2070 ingenii,
1479 2020 1522 2055 et
1534 2012 1725 2070 quodam

338 2085 486 2144 lepore
507 2082 710 2128 naturali.
732 2086 872 2127 Ita-ne
889 2091 953 2127 est
972 2092 1023 2127 ut
1051 2081 1194 2126 recolo
1208 2117 1219 2136 ‚
1237 2083 1421 2126 Domine
1449 2085 1563 2126 Deus
1584 2098 1723 2138 meus,

340 2155 501 2200 arbiter
529 2152 806 2198 conscientiae
840 2154 978 2196 meae?
1000 2153 1158 2198 Coram
1183 2162 1223 2196 te
1244 2168 1318 2196 cor
1339 2167 1485 2196 meum
1508 2163 1550 2196 et
1577 2168 1725 2197 recor-

339 2226 458 2271 datio
489 2240 586 2269 mea
600 2259 612 2279 ‚
636 2225 713 2284 qui
733 2238 803 2267 me
824 2232 931 2267 tunc
951 2224 1108 2282 agebas
1130 2224 1280 2268 abdito
1302 2233 1467 2268 secreto
1489 2223 1726 2282 providen-

340 2297 413 2341 tiae
433 2306 538 2352 tuae,
561 2305 605 2341 et
625 2295 878 2339 inhonestos
894 2309 1059 2339 errores
1080 2309 1198 2339 meos
1215 2296 1305 2354 jam
1322 2295 1605 2339 convertebas
1626 2303 1727 2338 ante

343 2366 499 2411 faciem
519 2380 662 2411 meam
676 2400 688 2422 ‚
712 2374 763 2410 ut
778 2363 967 2410 viderem
986 2373 1030 2409 et
1051 2364 1251 2409 odissem,
