1871 3162
0 1659 197 1718 ³453

275 236 358 275 426
682 249 714 277 3.
752 249 979 277 Λυ6υ3Τ1Ν1
1014 250 1193 277 Erlscom

271 323 401 373 atque
417 313 476 356 ita
495 328 539 357 se
559 314 593 358 si
615 313 761 358 videre
790 314 980 373 potuerit
998 328 1087 357 6336
1110 313 1297 359 visuram
1315 348 1325 368 ,
1352 314 1493 357 sanari
1515 328 1560 357 se
1582 323 1650 358 ta-

272 397 370 426 men
389 398 511 441 posse
532 383 754 442 desperet,
780 399 927 427 nonne
953 399 997 427 se
1020 398 1195 442 prorsus
1217 383 1363 443 abjicit
1386 393 1517 443 atque
1542 398 1650 428 con-

272 453 424 497 temnit
442 488 453 508 ,
474 469 553 498 nec
570 454 795 513 praeceptis
817 454 975 498 medici
997 455 1266 514 obtemperat
1281 456 1299 495 ‘f
1312 458 1362 498 A.
1385 454 1576 497 Omnino
1593 454 1653 497 ita

271 532 358 577 est,
395 523 632 582 praesertim
667 526 768 583 quia
802 538 851 567 ea
886 532 1102 582 praecepta
1125 538 1297 568 necesse
1316 533 1379 568 est
1400 532 1451 567 ut
1472 523 1652 567 morbus

268 591 376 636 dura
398 593 566 637 sentiat.
597 596 649 637 R.
670 596 786 652 Ergo
805 592 907 636 fidei
927 608 1022 652 spes
1045 592 1285 652 adjicienda
1301 603 1381 637 est.
1398 597 1450 637 A.
1474 596 1539 637 Ita
1555 607 1651 636 cre-

269 660 340 706 do.
354 665 406 705 R.
424 663 540 714 Quid
552 663 585 705 si
599 662 748 706 credat
760 664 818 706 ita
839 678 884 706 se
899 663 1059 706 habere
1073 664 1233 718 omnia,
1250 672 1293 707 et
1311 678 1354 707 36
1374 672 1516 721 speret
1529 678 1651 722 posse

268 733 428 786 sanari,
445 733 581 790 ipsam
595 741 742 776 tamen
755 749 854 792 quae
869 734 1137 792 promittitur
1150 734 1296 778 lucem
1310 749 1399 778 non
1413 743 1545 789 amet,
1562 749 1651 777 non

268 801 482 845 desideret
501 836 512 856 ‚
542 802 716 861 suisque
744 803 934 846 tenebris
969 819 1068 862 quae
1104 804 1194 862 jam
1224 803 1542 848 consuetudine
1577 805 1652 862 ju-

268 871 423 915 cundae
444 880 560 925 sunt,
575 887 619 915 se
641 872 875 916 arbitretur
895 872 1056 915 debere
1078 872 1251 916 interim
1273 888 1363 917 esse
1382 881 1650 927 contentam,

267 956 414 985 nonne
437 940 657 984 medicum
680 941 806 984 illum
821 940 1105 984 nihilominus
1127 942 1316 999 respuit?
1330 945 1573 985 A.Prorsus
1595 942 1653 986 ita

268 1021 345 1056 est.
358 1015 411 1055 R.
430 1014 547 1070 Ergo
567 1011 692 1055 tertia
709 1011 893 1055 charitas
916 1011 1152 1054 necessaria
1173 1019 1249 1054 est.
1272 1014 1321 1054 Α.
1338 1010 1456 1055 Ν11111
1476 1011 1654 1055 omnino

268 1092 354 1126 tam
377 1083 681 1126 necessarium.
707 1085 761 1127 R.
789 1082 889 1126 Sine
914 1082 1054 1133 tribus
1074 1081 1165 1128 istis
1195 1081 1330 1139 igitur
1351 1081 1495 1135 anima
1533 1081 1654 1126 nulla

268 1162 444 1196 sanatur
460 1188 471 1207 ,
497 1161 546 1196 ut
568 1152 701 1211 possit
723 1155 862 1196 Deum
885 1167 1013 1195 suum
1030 1151 1201 1206 videre,
1224 1150 1270 1194 id
1287 1160 1372 1206 est,
1393 1150 1650 1210 intelligere.

338 1226 465 1267 XIII.
502 1225 614 1268 Cum
646 1239 749 1282 ergo
771 1238 895 1267 sanos
927 1223 1131 1266 habuerit
1164 1224 1340 1277 oculos,
1361 1221 1469 1282 quid
1491 1232 1623 1266 restat
1637 1226 1655 1264 ⁶?

267 1297 318 1338 A.
334 1296 391 1342 Ut
407 1294 664 1352 aspiciat.R.
678 1298 888 1352 Aspectus
911 1293 1083 1347 animae,
1104 1292 1213 1335 ratio
1236 1300 1299 1335 est
1319 1311 1328 1335 z
1354 1291 1431 1335 sed
1447 1292 1549 1351 quia
1564 1307 1655 1336 non

266 1363 461 1421 sequitur
483 1373 531 1406 ut
559 1363 700 1406 omnis
723 1363 798 1422 qui
822 1362 973 1421 aspicit
995 1361 1167 1417 videat,
1194 1370 1389 1420 aspectus
1412 1370 1555 1405 rectus
1584 1371 1651 1405 at-

266 1448 351 1492 que
374 1432 590 1492 perfectus
608 1468 618 1487 ,
644 1434 688 1476 id
710 1442 773 1476 est
791 1468 800 1483 ‚
828 1448 958 1492 quem
979 1432 1086 1476 visio
1105 1432 1304 1491 sequitur
1319 1466 1332 1487 ,
1357 1432 1494 1475 virtus
1518 1447 1649 1475 voca-

266 1511 358 1543 tur:
375 1512 438 1543 est
455 1503 570 1544 enim
586 1503 722 1544 virtus
739 1502 809 1544 vel
828 1511 943 1544 recta
966 1501 1035 1545 vel
1055 1501 1245 1559 perfecta
1263 1500 1387 1544 ratio.
1403 1502 1487 1545 Sed
1508 1502 1655 1559 etipse

266 1578 462 1628 aspectus
492 1568 690 1628 quamvis
716 1569 808 1628 jam
830 1583 954 1611 sanos
977 1569 1125 1612 oculos
1159 1579 1412 1613 convertere
1431 1570 1475 1612 in
1511 1569 1653 1614 lucem

265 1654 355 1683 non
378 1647 542 1698 potest,
560 1638 640 1682 nisi
664 1638 743 1681 tria
760 1637 833 1681 illa
851 1647 1131 1697 permaneant
1152 1673 1162 1692 ,
1188 1637 1295 1682 fides
1319 1654 1406 1698 qua
1427 1639 1574 1683 credat
1595 1641 1655 1684 ita

265 1724 308 1753 se
334 1724 423 1752 rem
457 1707 618 1751 habere
634 1743 644 1762 ,
671 1706 726 1751 ad
751 1723 883 1766 quam
916 1707 1238 1751 convertendus
1273 1718 1472 1767 aspectus
1494 1719 1580 1764 est,
1606 1719 1655 1754 ut

265 1779 351 1822 visa
373 1778 505 1822 faciat
523 1777 699 1821 beatum
727 1797 735 1821 :
762 1792 857 1836 spes
878 1793 964 1836 qua
991 1793 1092 1821 cum
1127 1778 1239 1821 bene
1259 1779 1500 1836 aspexerit,
1521 1795 1565 1823 se
1588 1779 1654 1822 vi-

265 1863 414 1892 surum
437 1863 525 1892 esse
546 1857 779 1907 praesumat
804 1868 811 1891 :
834 1849 1019 1892 charitas
1041 1864 1126 1907 qua
1145 1848 1291 1892 videre
1309 1848 1563 1909 perfruique
1580 1849 1656 1893 de-

265 1919 549 1963 sideret.Jam
574 1928 794 1978 aspectum
817 1919 1014 1978 sequitur
1033 1919 1121 1977 ipsa
1144 1918 1251 1962 visio
1270 1919 1364 1973 Dei,
1390 1921 1466 1979 qui
1482 1929 1545 1964 est
1558 1920 1657 1963 finis

267 1999 462 2049 aspectus
481 2024 491 2043 ,
514 2005 603 2033 non
630 1988 747 2048 quod
768 1990 858 2048 jam
881 2004 970 2033 non
994 1989 1071 2043 sit,
1098 1988 1173 2032 sed
1197 1988 1317 2048 quod
1339 1989 1449 2032 nihil
1471 1989 1656 2047 amplius

266 2062 426 2105 habeat
447 2076 535 2120 quo
558 2076 601 2104 se
623 2060 821 2104 intendat
849 2080 856 2104 :
889 2069 932 2103 et
953 2060 1047 2102 haec
1069 2068 1132 2102 est
1157 2074 1257 2102 vere
1279 2057 1470 2117 perfecta
1485 2058 1624 2101 virtus
1641 2093 1651 2112 ,

267 2132 376 2175 ratio
400 2131 654 2190 perveniens
677 2130 730 2174 ad
753 2130 884 2173 finem
916 2144 1067 2182 suum,
1094 2144 1223 2188 quarn
1249 2128 1372 2170 beata
1395 2128 1480 2171 vita
1501 2143 1654 2172 conse-

268 2201 431 2261 quitur.
458 2204 554 2259 Ipsa
573 2210 718 2243 autem
743 2199 848 2243 visio
869 2234 879 2253 ,
906 2197 1154 2242 intellectus
1178 2205 1240 2240 est
1259 2195 1330 2239 ille
1353 2197 1427 2255 qui
1450 2197 1495 2240 in
1514 2198 1655 2241 anima

271 2281 354 2328 est,
379 2273 453 2332 qui
475 2271 704 2316 conficitur
725 2286 776 2314 ex
794 2268 1063 2327 intelligente
1086 2277 1128 2311 et
1149 2283 1201 2311 eo
1223 2267 1342 2326 quod
1364 2266 1620 2326 intelligitur
1642 2287 1650 2312 :

270 2352 319 2385 ut
341 2343 386 2386 in
419 2341 555 2387 oculis
577 2340 724 2386 videre
762 2340 881 2400 quod
902 2339 1084 2392 dicitur,
1107 2353 1158 2380 cx
1182 2337 1274 2395 ipso
1310 2351 1436 2380 sensu
1460 2347 1649 2392 constat,

272 2422 400 2472 atque
421 2411 638 2468 sensibili,
665 2425 854 2471 quorum
887 2410 1083 2454 detracto
1121 2407 1345 2467 quolibet,
1369 2407 1506 2451 videri
1544 2407 1653 2451 nihil

271 2490 428 2540 potest.
