1871 3162
573 151 920 189 CONFESSIONUM,
956 153 1037 178 LIB.
1074 153 1133 177 vi.
1453 140 1533 177 127

164 232 263 260 cum
290 217 452 261 clamor
468 218 617 274 ingens
633 217 765 260 totius
786 214 938 274 populi
955 215 1232 258 vehementer
1254 228 1352 256 eum
1371 214 1537 271 pulsas-

163 296 252 341 set,
287 287 532 331 curiositate
570 286 728 340 victus,
767 294 810 328 et
831 283 954 343 quasi
985 291 1159 342 paratus
1191 281 1406 340 quidquid
1427 282 1537 326 illud

162 366 286 411 esset,
311 357 437 400 etiam
454 356 595 401 visum
617 364 894 400 contemnere
912 362 955 397 et
970 353 1159 406 vincere,
1185 351 1354 410 aperuit
1370 351 1534 406 oculos,

161 436 206 471 et
234 442 457 486 percussus
477 436 540 471 est
567 426 760 485 graviore
786 424 965 469 vulnere
986 425 1032 468 in
1059 423 1224 477 anima,
1251 436 1381 482 quam
1403 420 1474 464 ille
1495 421 1538 464 in

161 512 364 556 corpore,
388 512 519 557 quem
546 511 722 541 cernere
747 495 1022 553 concupivit,
1049 492 1294 551 ceciditque
1314 490 1538 535 miserabi-

158 565 242 611 lius
262 583 394 626 quam
422 566 517 622 ille,
552 582 642 626 quo
664 564 847 610 cadente
875 563 1014 609 factus
1044 572 1108 607 est
1135 561 1326 616 clamor,
1357 560 1433 620 qui
1463 574 1540 618 per

159 637 250 696 ejus
275 651 398 680 aures
418 636 595 681 intravit
612 671 623 691 ‚
648 645 692 680 et
707 629 910 679 reseravit
931 635 1022 693 ejus
1045 633 1233 687 lumina,
1253 640 1304 675 ut
1324 639 1432 675 esset
1453 644 1540 689 qua

157 705 360 751 feriretur
383 716 432 751 et
465 706 722 766 dejiceretur
745 706 888 750 audax
915 704 1058 749 adhuc
1085 704 1229 763 potius
1257 717 1390 763 quam
1416 700 1540 746 fortis

158 777 324 821 animus
341 813 352 832 ,
377 787 420 821 et
439 793 490 822 eo
507 777 720 821 infirmior
740 792 829 837 quo
846 775 900 820 de
921 791 964 820 se
982 783 1314 834 praesumpserat
1331 808 1342 828 ,
1363 773 1438 833 qui
1459 772 1540 818 de-

157 848 252 892 buit
273 847 327 892 de
350 857 406 892 te.
433 850 490 892 Ut
508 849 625 892 enim
645 848 755 892 vidit
771 847 894 891 illum
918 847 1175 905 sanguinem
1192 881 1203 901 ,
1224 844 1540 889 immanitatem

156 917 285 962 simul
303 919 455 973 ebibit,
473 928 517 962 et
538 934 627 963 non
645 934 690 962 se
708 919 884 972 avertit,
905 916 981 962 sed
1003 917 1095 961 fixit
1112 925 1350 973 aspectum,
1375 924 1417 959 et
1433 915 1541 958 hau-

156 987 295 1032 riebat
315 986 447 1032 furias
464 1023 475 1042 ,
501 997 543 1031 et
564 988 781 1032 nesciebat
795 1022 806 1041 ‚
831 996 875 1031 et
897 986 1196 1030 delectabatur
1217 985 1376 1029 scelere
1398 993 1539 1028 certa-

158 1057 300 1111 minis,
320 1067 364 1100 et
382 1066 561 1102 cruenta
577 1057 801 1115 voluptate
817 1056 1130 1101 inebriabatur.
1157 1059 1214 1099 Et
1233 1070 1322 1098 non
1344 1062 1436 1098 erat
1450 1054 1540 1112 jam

156 1125 229 1170 ille
249 1127 326 1186 qui
347 1137 548 1181 venerat,
571 1126 646 1170 sed
666 1141 779 1169 unus
801 1126 856 1169 de
882 1127 1010 1169 turba
1037 1127 1093 1169 ad
1121 1140 1252 1185 quam
1270 1134 1471 1178 venerat,
1497 1133 1541 1168 et

156 1212 281 1241 verus
299 1212 448 1241 eorum
472 1197 613 1242 socius
632 1231 642 1251 ,
669 1212 693 1240 a
714 1196 874 1256 quibus
896 1195 1111 1240 adductus
1127 1205 1233 1240 erat.
1255 1195 1369 1248 Quid
1386 1195 1540 1254 plura?

156 1267 396 1325 Spectavit‚
428 1266 658 1320 clamavit,
699 1266 876 1320 exarsit,
909 1265 1088 1310 abstulit
1121 1264 1225 1309 inde
1247 1280 1394 1309 secum
1425 1265 1541 1308 insa-

154 1336 270 1380 niam
302 1352 389 1395 qua
423 1335 721 1380 stimularetur
744 1335 911 1388 redire,
942 1351 1032 1379 non
1065 1344 1238 1379 tantum
1259 1350 1362 1379 cum
1398 1333 1483 1378 illis
1516 1350 1540 1378 a

155 1407 314 1465 quibus
336 1407 454 1465 prius
483 1407 724 1450 abstractus
756 1414 845 1459 est,
877 1404 954 1449 sed
974 1406 1103 1449 etiam
1132 1421 1223 1464 prae
1253 1404 1336 1448 illis
1358 1414 1401 1449 et
1436 1404 1540 1448 alios

156 1476 343 1520 trahens.
370 1479 426 1520 Et
443 1476 545 1519 inde
567 1484 712 1519 tamen
729 1490 860 1519 manu
879 1474 1138 1519 validissima
1159 1484 1203 1518 et
1230 1474 1540 1519 misericordis-

156 1546 261 1590 sima
283 1546 430 1590 eruisti
447 1561 547 1590 eum
571 1554 619 1589 tu
635 1580 646 1600 ,
671 1554 715 1589 et
735 1543 920 1588 docuisti
944 1560 1034 1588 non
1059 1543 1126 1588 sui
1155 1544 1316 1587 habere
1334 1578 1345 1599 ,
1376 1543 1452 1588 sed
1475 1544 1540 1588 tui

156 1616 360 1660 fiduciam
376 1637 388 1674 3
407 1606 482 1661 sed
503 1616 633 1675 longe
655 1624 818 1675 postea.

158 1798 196 1812 Μ
201 1798 549 1813 mmmmm
555 1797 903 1813 ῪΜΜΝΜΜΜΜ
907 1796 1539 1814 mmmmmwum

663 1931 877 1978 CAPUT
917 1932 1005 1976 IX.

446 2081 651 2143 Alypius
672 2091 722 2126 at
733 2081 833 2144 fist
851 2080 1249 2141 apprehenditur.

213 2242 332 2284 XIV.
357 2243 669 2286 VERUM-mmm
685 2242 775 2300 jam
796 2241 879 2286 hoc
912 2240 967 2285 ad
990 2242 1251 2286 medicinam
1272 2242 1470 2287 futuram
1491 2243 1538 2287 in

156 2311 246 2370 ejus
268 2312 474 2356 memoria
496 2312 806 2371 reponebatur.
833 2313 942 2357 Nam
964 2321 1008 2356 et
1027 2311 1139 2356 illud
1161 2312 1279 2372 quod
1294 2347 1305 2364 ‚
1329 2328 1430 2357 cum
1458 2314 1537 2358 ad-

158 2385 245 2428 huc
268 2384 460 2428 studeret
478 2386 565 2445 jam
586 2400 654 2428 me
671 2384 849 2428 audiens
871 2383 986 2443 apud
1001 2385 1306 2444 Carthaginem
1331 2395 1373 2429 et
1395 2385 1538 2431 medio

159 2455 226 2498 die
260 2455 470 2514 cogitaret
495 2456 539 2498 in
560 2454 656 2500 foro
684 2453 804 2513 quod
827 2455 1083 2499 recitaturus
1105 2464 1217 2509 erat,
1257 2456 1383 2500 sicuti
1415 2472 1536 2500 exer-
