1871 3162
549 238 898 275 com-EssloNUM‚
933 239 1015 265 Lm.
1051 239 1111 265 ιν.
1461 229 1511 265 77

138 310 226 345 est:
248 300 303 345 ad
317 299 427 345 illud
444 310 589 345 autem
604 317 692 347 non
706 302 866 347 sufficit
882 311 932 346 ut
946 311 1090 347 teneat
1109 304 1444 347 transcurrentia
1463 305 1516 347 ab

138 371 261 416 initio
282 371 431 416 debito
448 387 585 432 usque
607 372 663 416 ad
679 373 811 417 finem
829 373 1041 417 debitum.
1070 375 1122 416 In
1143 372 1277 416 verbo
1298 372 1414 416 enim
1441 382 1518 417 tuo

137 456 215 499 per
234 439 353 500 quod
373 451 590 510 creantur,
615 442 678 486 ibi
696 441 882 487 audiunt
902 461 912 487 :
938 442 1050 486 Hinc
1067 451 1110 486 et
1124 442 1212 486 huc
1235 455 1392 501 usque.

139 622 1476 640 mmmmmmmwmmmmwmmmmmmmmmmmwxmmmm
1480 623 1517 638 mm

647 754 863 803 CAPUT
900 757 991 802 XI.

173 909 352 955 Omnia
374 919 544 955 creata
558 918 666 955 sunt
684 908 957 954 instabilia:
983 908 1111 952 solus
1131 906 1264 952 Deus
1284 905 1487 952 stabilis.

194 1071 313 1114 XVI.
348 1071 459 1115 Nou
481 1084 571 1113 esse
595 1084 722 1124 vana,
748 1068 891 1112 anima
912 1082 1029 1122 mea,
1060 1076 1103 1110 et
1135 1065 1442 1111 obsurdescere
1476 1066 1520 1108 in

136 1156 239 1184 aure
262 1141 426 1195 cordis,
451 1140 644 1184 tumultu
665 1139 866 1183 vanitatis
891 1148 995 1182 tuae.
1021 1137 1136 1182 Audi
1159 1146 1201 1181 et
1224 1147 1300 1182 tu:
1325 1137 1519 1181 Verbum

68 1263 76 1265 „
133 1213 276 1270 ipsum
295 1211 452 1255 clamat
473 1220 522 1255 ut
540 1210 686 1254 redeas
703 1230 715 1267 3
739 1218 782 1253 et
803 1209 864 1253 ibi
886 1218 950 1253 est
969 1208 1091 1253 locus
1109 1209 1266 1268 quietis
1282 1208 1518 1267 impertur-

133 1281 304 1336 babilis,
322 1282 400 1325 ubi
417 1297 506 1325 non
528 1281 739 1325 deseritur
761 1295 897 1334 amor,
923 1280 956 1323 si
977 1280 1067 1338 ipse
1089 1295 1178 1323 non
1200 1279 1384 1322 deserat.
1406 1281 1519 1322 Eece

135 1351 207 1395 illa
227 1351 455 1396 discedunt
472 1360 521 1395 ut
542 1351 623 1395 alia
643 1349 893 1404 succedant,
919 1359 962 1393 et
983 1349 1187 1394 omnibus
1209 1350 1295 1392 suis
1323 1348 1520 1407 partibus

134 1430 302 1466 constet
333 1422 480 1465 infima
511 1421 781 1465 universitas.
803 1419 1027 1479 Numquid
1048 1434 1129 1478 ego
1152 1418 1299 1478 aliquo
1325 1417 1517 1472 discedo,

134 1492 191 1535 ait
205 1491 401 1535 Verbum
414 1491 517 1534 Dei?
538 1491 606 1534 Ibi
623 1492 707 1549 fige
726 1490 996 1533 mansionem
1014 1498 1134 1532 tuam
1155 1508 1165 1534 2
1188 1490 1248 1532 ibi
1262 1488 1521 1533 commenda

135 1561 352 1622 quidquid
372 1562 473 1605 inde
495 1560 643 1615 habes,
662 1560 804 1604 anima
823 1575 934 1614 mea,
953 1558 1104 1602 saltem
1127 1557 1305 1616 fatigata
1322 1556 1519 1601 fallaciis.

135 1632 318 1675 Veritati
351 1629 608 1675 commenda
639 1628 857 1688 quidquid
889 1628 969 1671 tibi
1002 1637 1064 1671 est
1092 1644 1116 1672 a
1134 1628 1331 1681 veritate,
1358 1636 1400 1670 et
1432 1642 1521 1670 non

136 1701 289 1760 perdes
316 1699 498 1760 aliquid,
530 1709 573 1744 et
602 1698 880 1742 reflorescent
900 1697 1043 1756 putria
1066 1706 1156 1751 tua,
1183 1706 1226 1741 et
1247 1696 1521 1740 sanabuntur

137 1786 285 1816 omnes
315 1770 542 1827 languores
575 1769 661 1823 tui,
686 1777 730 1812 et
751 1768 866 1812 fluxa
892 1776 964 1811 tua
986 1765 1358 1821 reformabuntur,
1385 1776 1429 1809 et
1451 1781 1521 1809 re-

137 1841 434 1894 novabuntur,
458 1848 501 1883 et
522 1840 872 1896 constringentur
894 1838 949 1882 ad
967 1847 1036 1894 te3
1060 1847 1104 1882 et
1124 1853 1213 1882 non
1236 1847 1278 1881 te
1300 1838 1524 1896 deponent

138 1928 227 1972 quo
250 1901 520 1955 descendunt
538 1929 547 1954 :
572 1909 647 1953 sed
670 1910 849 1952 stabunt
869 1917 1012 1952 tecum
1031 1929 1042 1963 3
1064 1917 1107 1952 et
1128 1907 1449 1967 permanebunt
1469 1905 1523 1951 ad

139 1997 308 2040 semper
330 1989 518 2024 stantem
540 1995 589 2023 ac
613 1987 941 2037 permanentem
963 1981 1118 2022 Deum.

200 2053 343 2095 XVII.
381 2052 441 2104 Ut*
455 2048 563 2109 quid
584 2064 783 2108 perversa
805 2048 996 2107 sequeris
1014 2062 1187 2091 carnem
1206 2048 1355 2090 tuam?
1373 2049 1466 2106 Ipsa
1487 2055 1528 2089 te

144 2131 350 2182 sequatur
367 2135 588 2165 conversa.
608 2117 829 2178 Quidquid
848 2133 924 2177 per
941 2116 1059 2161 illam
1077 2117 1223 2171 sentis,
1243 2117 1288 2160 in
1304 2125 1425 2175 parte
1443 2125 1528 2173 est3

146 2202 190 2237 et
208 2193 379 2250 ignoras
399 2199 543 2235 totum
563 2190 685 2248 cujus
705 2190 774 2232 hae
796 2197 941 2247 partes
958 2196 1082 2244 sunt3
1106 2197 1149 2231 et
1170 2186 1388 2231 delectant
1408 2195 1451 2229 te
1470 2196 1531 2231 ta-

148 2278 264 2307 men.
299 2262 383 2307 Sed
409 2262 444 2306 si
473 2261 528 2305 ad
554 2269 697 2305 totum
726 2257 1185 2318 comprehendendum
1214 2266 1322 2302 esset
1350 2257 1531 2302 idoneus

150 2348 297 2378 sensus
329 2332 468 2376 carnis
499 2340 602 2386 tute,
628 2346 677 2374 ac
700 2328 790 2373 non
809 2338 852 2373 et
873 2329 962 2388 ipse
987 2329 1032 2372 in
1050 2338 1171 2387 parte
1197 2327 1384 2372 universi
1411 2343 1532 2372 acce-

151 2404 282 2463 pisset
305 2405 386 2462 pro
404 2417 534 2461 poena
564 2410 636 2444 tua
663 2402 829 2460 justum
864 2398 1043 2443 modum
1060 2434 1070 2453 ‚
1108 2399 1238 2443 velles
1262 2407 1311 2442 ut
1334 2399 1534 2442 transiret

155 2473 373 2535 quidquid
394 2473 533 2517 existit
554 2472 598 2515 in
629 2470 870 2530 praesentia,
891 2479 942 2514 ut
962 2470 1097 2528 magis
1119 2470 1198 2513 tibi
1220 2469 1364 2514 onmia
1388 2469 1532 2528 place—

157 2554 268 2590 rent.
300 2547 408 2590 Nam
430 2553 472 2589 et
493 2542 612 2603 quod
633 2541 855 2601 loquimur
874 2557 950 2600 per
972 2540 1172 2585 eumdem
1201 2556 1373 2585 sensum
1396 2540 1533 2584 carnis
