1871 3162
267 208 351 249 456
703 223 737 253 s.
773 224 1002 256 Aueus‘mm
1034 229 1215 257 muscom

264 401 1040 422 MMWVWUWMMUWUWUWUMMWUWUQUU!
1046 407 1111 423 mu
1116 408 1182 424 ww
1187 407 1252 424 §rm
1258 408 1322 425 ᾺΊΛ
1331 409 1394 424 §mu
1401 408 1643 428 ΜὶἏἋΝΝἋΨι

759 526 979 575 CAPUT
1028 530 1172 577 VIII.

625 682 765 727 Unde
787 699 951 728 verum
974 693 1058 729 aut
1081 684 1294 747 salsum.

320 842 418 884 XV.
442 843 494 885 A.
520 843 665 885 RECTE
687 841 815 897 dicis,
836 841 912 886 sed
948 844 1057 902 quid
1074 846 1186 889 male
1219 847 1503 890 concesserim
1522 881 1533 901 ‚
1558 862 1650 891 non

262 910 391 971 plane
408 910 535 956 video
560 931 568 956 ε
594 912 675 956 nisi
698 911 810 957 forte
832 914 878 957 id
900 924 1015 959 recte
1036 914 1121 959 dici
1143 915 1323 971 falsum,
1350 918 1470 976 quod
1492 918 1651 961 habeat

263 983 454 1043 aliquam
477 984 899 1028 verisimilitudinem
914 1020 924 1039 ,
963 1002 1063 1030 cum
1085 1003 1256 1046 prorsus
1278 988 1383 1031 mihi
1401 988 1511 1032 nihil
1533 988 1650 1032 aliud

263 1053 444 1111 dignum
465 1052 559 1098 falsi
583 1055 760 1098 nornine
783 1065 982 1099 occurrat
1009 1075 1017 1100 :
1039 1065 1081 1100 et
1101 1073 1247 1101 rursus
1271 1067 1415 1101 tamen
1434 1074 1566 1116 cogor
1589 1057 1652 1103 fa-

264 1126 343 1169 teri
366 1141 417 1169 eo
439 1125 546 1169 falsa
569 1126 713 1170 vocari
729 1142 828 1186 quae
852 1136 1086 1182 vocantur,
1119 1145 1207 1188 quo
1227 1145 1250 1172 a
1279 1129 1389 1172 veris
1422 1128 1650 1174 differunt.

261 1199 329 1240 Ex
347 1212 435 1256 quo
450 1197 679 1241 conficitur
697 1213 791 1241 eam
808 1198 943 1257 ipsam
957 1198 1351 1244 dissimilitudinem
1372 1216 1542 1244 causam
1563 1216 1652 1244 esse

262 1267 472 1311 falsitatis.
505 1272 660 1328 Itaque
683 1270 944 1326 conturbor,
982 1285 1071 1314 non
1093 1270 1209 1314 enim
1231 1271 1337 1314 mihi
1370 1270 1496 1315 facile
1521 1270 1653 1330 quid-

263 1355 396 1399 quam
417 1340 537 1383 venit
558 1340 602 1383 in
634 1350 848 1396 mentem,
875 1341 996 1401 quod
1028 1342 1251 1387 contrariis
1273 1343 1411 1387 causis
1433 1343 1649 1401 gignatur.

262 1413 316 1453 R.
344 1407 461 1463 Quid
483 1410 516 1453 si
533 1411 617 1454 hoc
636 1427 772 1455 unum
793 1420 855 1455 est
877 1412 922 1455 in
937 1427 1082 1456 rerum
1099 1421 1253 1456 natura
1274 1428 1426 1470 genus,
1447 1422 1490 1456 et
1511 1412 1653 1456 solum

263 1481 384 1541 quod
407 1481 466 1525 ita
489 1481 543 1524 sit
560 1483 578 1522 ⁶?
594 1484 664 1525 An
680 1482 850 1539 ignoras
863 1497 963 1526 cum
984 1497 1058 1540 per
1074 1481 1324 1526 animalium
1349 1483 1652 1526 innumerabi-

263 1551 319 1595 lia
344 1567 500 1610 genera
518 1553 782 1606 cucurreris,
802 1551 943 1595 solum
965 1551 1235 1596 crocodilum
1254 1552 1437 1595 inveniri
1456 1587 1466 1606 ,
1493 1552 1568 1611 qui
1585 1568 1654 1596 su-

264 1622 479 1681 periorem
510 1622 556 1664 in
578 1621 827 1666 mandendo
861 1631 1029 1681 partem
1061 1631 1260 1677 moveat,
1287 1622 1526 1681 praesertim
1553 1638 1652 1666 cum

264 1707 376 1752 pene
398 1692 575 1751 reperiri
597 1692 706 1735 nihil
725 1701 871 1751 quaeat
892 1693 952 1735 ita
973 1692 1132 1751 cuique
1156 1691 1216 1735 rei
1239 1691 1377 1735 simile
1395 1726 1406 1746 ,
1431 1701 1479 1735 ut
1498 1707 1587 1736 non
1609 1693 1654 1736 in

265 1763 411 1822 aliquo
428 1763 558 1807 etiam
576 1761 781 1806 dissimile
799 1762 877 1805 sit?
899 1764 950 1805 A.
974 1761 1111 1806 Video
1134 1762 1314 1822 quidem
1337 1763 1416 1806 ista
1431 1797 1442 1816 ‚
1462 1762 1535 1807 sed
1553 1778 1655 1807 cum

265 1834 493 1879 considero
520 1832 632 1877 illud
658 1832 780 1892 quod
801 1832 960 1876 falsum
997 1848 1224 1888 vocamus,
1250 1842 1293 1877 et
1325 1833 1462 1877 simile
1491 1833 1654 1894 aliquid

265 1906 428 1950 habere
445 1904 536 1949 veri
553 1913 596 1949 et
613 1902 834 1957 dissimile,
852 1919 902 1947 ex
917 1919 1003 1964 qua
1025 1905 1170 1964 potius
1187 1913 1309 1963 parte
1332 1905 1537 1948 meruerit
1559 1904 1654 1948 falsi

265 1992 449 2032 nomen,
474 1991 564 2021 non
584 1974 707 2020 valeo
737 1975 994 2020 discernere.
1029 1975 1071 2020 Si
1092 1976 1206 2019 enim
1230 1991 1281 2019 ex
1311 1990 1361 2019 eo
1387 1974 1507 2035 quod
1529 1974 1654 2019 dissi-

268 2047 369 2092 mile
388 2057 478 2102 est,
503 2047 679 2102 dixero,
705 2046 815 2090 nihil
836 2047 916 2090 erit
938 2045 1058 2106 quod
1080 2062 1169 2090 non
1194 2045 1350 2090 falsum
1375 2045 1458 2090 dici
1483 2046 1614 2104 possit
1642 2066 1649 2090 :

267 2117 377 2162 nihil
399 2117 515 2161 enim
545 2125 630 2171 est,
656 2116 776 2176 quod
807 2131 897 2160 non
920 2115 1046 2159 alicui
1077 2116 1136 2159 rei
1170 2115 1375 2159 dissimile
1408 2116 1489 2169 sit,
1523 2131 1652 2172 quam

269 2204 413 2233 veram
436 2203 525 2231 esse
540 2186 835 2232 concedimus.
857 2189 965 2230 Item
988 2186 1021 2229 si
1043 2185 1189 2230 dixero
1205 2201 1256 2230 eo
1274 2185 1394 2245 quod
1410 2184 1547 2229 simile
1569 2195 1648 2240 est,

267 2259 423 2304 falsum
456 2258 764 2318 appellandum
778 2292 789 2311 ‚
825 2273 914 2301 non
946 2255 1086 2300 solum
1125 2272 1205 2301 ova
1239 2255 1311 2300 illa
1350 2255 1651 2300 reclamabunt

267 2345 365 2388 quae
388 2345 488 2373 vera
513 2344 563 2372 eo
585 2329 677 2387 ipso
707 2336 809 2371 sunt
836 2342 924 2386 quo
956 2325 1196 2381 simillima,
1220 2325 1294 2369 sed
1327 2326 1454 2368 etiam
1479 2325 1538 2369 sic
1562 2341 1650 2369 non

267 2400 471 2457 effugiam
489 2414 588 2442 euin
605 2434 616 2453 ,
634 2399 709 2459 qui
732 2413 801 2441 me
822 2397 1009 2455 coegerit
1031 2396 1136 2440 falsa
1157 2412 1246 2440 esse
1266 2395 1409 2439 omnia
1432 2396 1646 2450 confiteri,

268 2469 387 2528 quod
415 2470 559 2513 omnia
582 2469 661 2513 sibi
684 2485 736 2512 ex
759 2468 902 2528 aliqua
924 2477 1046 2527 parte
1078 2466 1230 2510 similia
1265 2483 1353 2510 esse
1383 2481 1538 2525 negare
1560 2481 1649 2510 non

270 2554 458 2599 possum.
484 2539 566 2583 Sed
586 2539 651 2582 fac
675 2553 744 2582 me
766 2554 854 2583 non
876 2547 1070 2581 metuere
1091 2536 1198 2580 illud
1223 2536 1503 2596 respondere,
1530 2536 1648 2579 simi-
