1871 3162
578 189 898 218 conl-’ESSIONUM
915 207 927 228 ‚
961 192 1043 217 Lm.
1080 193 1156 217 vn.
1471 179 1553 220 143

180 261 298 296 retur
313 269 438 298 causa
469 253 714 312 pugnandi,
744 263 788 297 et
805 254 864 298 ita
886 252 1109 312 pugnandi
1128 261 1178 296 ut
1195 253 1396 312 quaedam
1412 257 1555 313 portio

179 331 251 366 tua
275 331 318 366 et
338 323 583 366 membrum
610 332 737 367 tuum
759 323 829 368 vel
859 322 1003 382 proles
1026 322 1080 366 de
1102 322 1194 380 ipsa
1219 322 1459 366 substantia
1483 334 1554 367 tua

174 392 425 437 misceretur
469 393 657 438 adversis
706 393 994 452 potestatibus
1036 401 1082 436 et
1122 407 1213 436 non
1253 408 1277 436 a
1319 401 1362 436 te
1405 393 1556 436 creatis

177 463 361 517 naturis,
381 473 511 524 atque
529 465 575 508 in
591 473 760 508 tantum
776 465 832 508 ab
849 465 908 508 eis
927 472 1280 522 corrumperetur
1301 472 1344 507 et
1364 477 1558 507 commu-

176 541 340 576 taretur
359 534 405 578 in
421 535 624 589 deterius,
645 544 694 578 ut
706 550 729 578 a
746 534 1016 579 beatitudine
1030 535 1075 578 in
1090 533 1305 578 miseriam
1317 542 1558 578 verteretur

170 612 213 647 et
241 603 455 662 indigeret
483 604 644 650 auxilio
671 621 760 666 quo
784 606 876 650 erui
893 605 1158 665 purgarique
1176 613 1320 664 posset
1346 623 1356 650 2
1379 613 1423 648 et
1444 605 1558 648 hanc

170 689 259 718 esse
282 675 470 719 animam
483 711 495 731 ‚
521 675 592 720 cui
609 685 710 720 tuus
730 691 871 720 sermo
891 675 1093 720 servienti
1112 675 1250 731 liber,
1280 684 1323 719 et
1344 675 1559 720 contamia

168 753 282 789 natae
310 761 444 805 purus
460 781 471 800 ‚
505 755 548 790 et
564 756 782 806 corruptae
797 747 966 805 integer
986 746 1240 791 subveniret
1267 764 1277 790 ε
1305 744 1382 790 sed
1403 754 1446 789 et
1467 745 1558 804 ipse

168 816 482 875 corruptibilis,
507 817 610 876 quia
632 832 685 861 ex
706 833 793 861 una
812 817 1053 877 eademque
1069 817 1326 862 substantia.
1349 819 1503 875 Itaque
1523 815 1558 859 si
1605 832 1617 839 ³

168 894 211 929 te
237 885 453 946 quidquid
474 902 540 942 es,
564 886 610 931 id
628 896 691 932 est
705 922 717 942 ,
748 888 1037 932 substantiam
1059 897 1181 933 tuam
1209 903 1297 948 qua
1319 902 1387 942 es,
1411 887 1556 931 incor-

167 956 414 1016 ruptibilem
448 956 642 1002 dicerent
667 977 677 1003 ε
698 958 805 1003 falsa
831 974 922 1003 esse
943 958 1017 1003 illa
1037 959 1184 1003 omnia
1205 967 1249 1002 et
1269 956 1526 1002 execrabilia
1545 975 1555 1001 ε
1615 996 1621 1000 .

167 1028 202 1071 si
218 1037 364 1072 autem
380 1028 710 1088 corruptibilem
726 1048 735 1074 :
753 1029 799 1073 id
809 1030 951 1089 ipsum
964 1031 1057 1089 jam
1071 1028 1230 1073 falsum
1243 1038 1287 1073 et
1299 1029 1439 1088 prima
1452 1042 1557 1072 voce

167 1096 522 1142 abominandum.
541 1101 615 1143 Sat
627 1113 728 1156 ergo
745 1108 837 1143 erat
848 1099 966 1143 istud
983 1099 1187 1143 adversus
1203 1114 1274 1143 eos
1287 1099 1407 1143 omni
1424 1098 1557 1142 modo

165 1167 428 1212 evomendos
454 1183 478 1211 a
506 1182 704 1226 pressura
737 1168 921 1226 pectoris
937 1202 948 1223 ,
966 1169 1067 1228 quia
1097 1184 1186 1213 non
1219 1168 1445 1213 habebant
1467 1183 1554 1227 qua

165 1239 330 1285 exirent
350 1239 441 1282 sine
454 1238 651 1283 horribili
662 1238 883 1297 sacrilegio
896 1239 1037 1284 cordis
1054 1248 1098 1284 et
1117 1239 1282 1299 linguae
1295 1274 1306 1296 ‚
1327 1238 1555 1284 sentiendo

166 1307 221 1352 de
244 1317 287 1353 te
302 1308 383 1353 ista
399 1317 442 1353 et
452 1307 692 1369 loquendo.

165 1486 923 1503 wmmmmmwmmmmmm
929 1486 1260 1503 vmwwmnmwu
1267 1486 1549 1503 mmmm

677 1618 896 1669 CAPUT
935 1621 1027 1667 111.

378 1771 623 1823 'Liberum
648 1775 902 1822 arbitrium
928 1791 1081 1821 causa
1106 1777 1318 1836 peccati.

228 1939 302 1980 IV.
339 1938 423 1981 SED
454 1945 496 1980 et
526 1951 607 1995 ego
639 1936 807 1990 adhuc,
836 1935 1034 1995 quamvis
1055 1934 1491 1980 incontaminabilem
1512 1944 1559 1979 et

167 2005 571 2061 inconvertibilem,
601 2016 644 2050 et
672 2006 793 2050 nulla
823 2022 874 2050 ex
902 2014 1024 2065 parte
1052 2006 1307 2050 mutabilem
1336 2005 1524 2049 dicerem
1542 2040 1553 2060 ‚

165 2079 376 2138 firmeque
407 2078 611 2122 sentirem
639 2077 876 2121 Dominum
893 2085 1092 2120 nostrum
1116 2079 1253 2120 Deum
1270 2091 1423 2121 verum
1440 2110 1452 2132 ,
1479 2076 1557 2136 qui

165 2148 303 2193 fecisti
331 2165 421 2194 non
441 2148 581 2193 solum
599 2149 762 2192 animas
777 2157 966 2202 nostras,
990 2148 1063 2192 sed
1088 2148 1218 2192 etiam
1241 2163 1422 2207 corpora
1438 2182 1449 2203 ‚
1476 2163 1557 2191 nec

167 2228 336 2263 tantum
361 2220 524 2264 animas
547 2228 713 2263 nostras
745 2229 788 2263 et
809 2234 1013 2277 corpora,
1039 2219 1114 2262 sed
1138 2234 1289 2263 omnes
1314 2228 1356 2262 et
1381 2219 1525 2263 omnia
1542 2253 1554 2273 ,

166 2304 256 2332 non
286 2289 488 2332 tenebam
515 2289 755 2348 explicitam
780 2297 823 2332 et
839 2288 1070 2333 enodatam
1089 2304 1259 2333 causam
1278 2288 1379 2332 mali
1405 2307 1414 2333 :
1441 2303 1558 2348 quae-

167 2376 356 2420 cumque
390 2370 535 2404 tamen
562 2370 696 2414 esset,
733 2361 792 2403 sic
823 2375 917 2403 eam
944 2359 1224 2419 quaerendam
1250 2349 1476 2414 videbam,
1508 2368 1558 2403 ut

168 2447 256 2475 non
278 2431 487 2490 perillam
509 2431 822 2488 constringerer
843 2433 978 2474 Deum
997 2429 1401 2474 incommutabilem
1416 2439 1556 2474 muta-

168 2500 301 2545 bilem
338 2500 541 2556 credere,
577 2516 630 2545 ne
665 2501 755 2560 ipse
779 2501 927 2544 fierem
953 2500 1074 2560 quod
1109 2500 1376 2560 quaerebam.
1403 2503 1556 2561 Itaque
