1871 3162
229 199 311 237 396
659 211 691 240 s.
730 212 960 242 Aucuszrmr
994 215 1177 243 13121500121

226 276 479 334 gignuntur,
508 279 712 322 convenit
733 281 986 324 Verbum2«
1018 281 1230 337 Crescite,
1260 290 1303 326 et
1336 281 1604 342 multiplica-

228 363 248 385 »
273 346 415 390 mini.¹
441 366 459 387 υ
493 348 536 392 Si
557 357 703 392 autem
728 349 910 406 figurate
946 350 1078 407 posita
1100 351 1177 396 ista
1203 360 1460 407 tractemus,
1486 353 1607 412 quod

225 417 368 474 potius
400 417 583 462 arbitror
617 419 853 463 intendisse
893 421 1183 479 Scripturam,
1209 438 1309 481 quae
1331 422 1485 482 utique
1518 438 1606 467 non

226 502 490 545 supervacue
504 488 603 533 solis
622 489 878 549 aquatilium
897 500 940 534 et
954 492 1179 535 hominum
1195 491 1376 536 foetibus
1389 493 1513 536 istam
1533 495 1607 537 be-

225 556 514 602 nedictionem
534 559 732 603 attribuit
749 581 759 617 3
782 560 1025 604 invenimus
1043 561 1223 620 quidem
1241 561 1548 607 multitudines
1563 573 1607 608 et

224 628 268 670 in
288 630 495 672 creaturis
521 630 784 688 spiritalibus
807 641 937 691 atque
959 633 1257 692 corporalibus
1276 669 1287 688 ,
1324 643 1532 694 tanquam
1561 635 1604 678 in

223 698 335 742 coelo
349 709 390 742 et
404 700 449 742 in
467 709 602 756 terra,
628 710 670 744 et
691 702 734 745 in
758 703 910 746 animis
928 704 1053 763 justis
1072 713 1116 747 et
1136 704 1319 763 iniquis,
1340 714 1547 763 tanquam
1563 704 1606 747 in

224 770 322 813 luce
349 780 392 813 et
420 771 637 828 tenebris,
666 782 708 816 et
730 775 785 830 {in
813 775 971 817 sanctis
1007 776 1280 830 auctoribus,
1302 791 1377 834 per
1398 791 1506 835 quos
1538 775 1608 819 lex

224 841 463 885 ministrata
485 852 548 885 est
564 877 575 896 ,
606 852 812 902 tanquam
836 845 880 887 in
918 846 1194 890 firmamento
1227 847 1346 906 quod
1371 846 1608 890 solidatum

224 920 286 954 est
313 911 425 955 inter
448 928 604 971 aquam
626 923 669 957 et
691 930 876 974 aquamss,
910 916 1016 958 etin
1046 917 1250 960 societate
1275 918 1606 961 amaricantium

223 981 510 1040 populorum,
547 993 753 1043 tanquam
782 985 827 1028 in
871 986 1001 1042 mari,
1027 995 1069 1029 et
1098 987 1142 1029 in
1175 986 1320 1030 studio
1353 987 1606 1047 animantis—Lm

223 1052 419 1110 piarum,
460 1062 667 1112 tanquam
709 1055 752 1097 in
791 1054 931 1110 arida,
968 1065 1011 1099 et
1045 1056 1090 1099 in
1125 1057 1329 1114 operibus
1365 1057 1607 1101 misericor-

224 1122 306 1165 diae
330 1123 571 1167 secundum
602 1135 856 1183 praesentem
879 1127 1034 1180 vitam,
1056 1136 1263 1187 tanquam
1292 1127 1337 1170 in
1367 1128 1510 1172 herbis
1541 1143 1609 1171 se-

223 1194 455 1237 minalibus
494 1205 536 1238 et
567 1194 692 1252 lignis
724 1196 983 1254 fructiferis,
1027 1208 1070 1241 et
1100 1199 1144 1242 in
1177 1198 1442 1257 spiritalibus
1479 1199 1607 1242 donis

222 1264 502 1309 manifestatis
547 1268 600 1310 ad
640 1267 895 1321 utilitatem,
926 1269 1036 1312 sicut
1067 1269 1110 1311 in
1152 1268 1441 1312 luminaribus
1482 1268 1605 1326 coeli,

223 1345 265 1378 et
293 1338 336 1380 in
371 1337 600 1380 affectibus
628 1337 821 1382 formatis
849 1339 903 1382 ad
935 1340 1289 1398 temperantiam,
1324 1349 1530 1399 tanquam
1561 1340 1606 1382 in

223 1407 363 1449 anima
418 1408 529 1451 viva.
579 1411 628 1451 In
668 1409 732 1452 his
777 1409 980 1453 omnibus
1034 1410 1324 1453 nanciscimur
1358 1409 1606 1452 multitudi-

224 1492 319 1530 nes,
341 1487 384 1521 et
404 1478 648 1533 ubertates,
667 1488 711 1522 et
732 1479 998 1523 incrementa
1025 1499 1032 1522 :
1059 1479 1133 1522 sed
1160 1479 1279 1539 quod
1302 1485 1361 1522 ita
1384 1488 1546 1522 crescat
1565 1488 1609 1523 et

223 1548 552 1607 multiplicetur,
578 1559 627 1593 ut
650 1565 735 1593 una
754 1565 818 1593 res
840 1550 988 1593 multis
1012 1549 1149 1593 modis
1173 1551 1443 1601 enuntietur,
1465 1559 1508 1593 et
1525 1566 1608 1594 una

223 1619 463 1663 enuntiatio
488 1619 633 1663 multis
655 1620 794 1664 modis
813 1620 1099 1678 intelligatur,
1126 1635 1213 1664 non
1237 1621 1502 1671 invenimus,
1529 1621 1608 1664 nisi

221 1689 266 1731 in
288 1689 417 1747 signis
443 1689 724 1748 corporaliter
741 1689 865 1733 editis
881 1725 891 1744 ,
910 1699 953 1733 et
976 1691 1103 1734 rebus
1126 1690 1459 1748 intelligibiliter
1481 1706 1608 1735 exco-

224 1759 379 1817 gitatis
421 1761 547 1817 Signa
580 1762 859 1820 corporaliter
896 1761 1031 1814 edita,
1065 1762 1364 1819 generationes
1395 1777 1608 1821 aquarum

223 1839 399 1888 propter
421 1831 676 1874 necessarias
699 1847 845 1875 causas
867 1831 1047 1875 carnalis
1070 1831 1380 1890 profunditatis
1404 1851 1412 1875 :
1439 1848 1504 1875 res
1528 1848 1609 1875 au-

223 1909 309 1943 tem
353 1900 684 1959 intelligibiliter
729 1903 986 1959 excogitatas
1005 1937 1016 1951 ,
1061 1903 1357 1959 generationes
1395 1903 1609 1946 humanas

223 1980 399 2029 propter
416 1972 591 2015 rationis
610 1971 943 2016 foecunditatem
966 1971 1260 2029 intelligimus.
1282 1975 1336 2016 Et
1351 1972 1450 2017 ideo
1474 1972 1609 2016 credi-

221 2055 318 2083 mus
341 2042 515 2100 utrique
548 2043 706 2085 horum
740 2042 886 2099 generi
909 2042 1072 2085 dictum
1098 2057 1186 2084 esse
1209 2042 1284 2085 abs
1304 2052 1344 2085 te
1359 2077 1370 2095 ,
1398 2042 1606 2086 Domine:

226 2129 247 2152 »
272 2113 481 2166 Crescite,
507 2123 549 2156 et
570 2112 931 2171 multiplicamini.
957 2132 975 2152 »
994 2115 1044 2155 In
1067 2112 1148 2155 hac
1170 2112 1287 2155 enim
1304 2112 1611 2157 benedictione

224 2197 467 2225 concessam
488 2182 611 2225 nobis
634 2199 656 2225 a
675 2192 716 2226 te
735 2191 991 2241 potestatem
1015 2190 1057 2224 et
1080 2181 1329 2225 facultatem
1356 2183 1521 2242 accipio
1536 2218 1547 2238 ,
1568 2193 1612 2227 et

225 2251 373 2295 multis
390 2251 530 2295 modis
547 2253 772 2295 enuntiare
787 2251 906 2311 quod
923 2267 1012 2295 uno
1026 2251 1156 2296 modo
1174 2251 1444 2296 intellectum
1463 2264 1609 2297 tenue-

227 2320 387 2375 rimus,
427 2329 469 2364 et
501 2321 650 2364 multis
683 2321 822 2365 modis
857 2320 1123 2380 intelligere,
1159 2321 1276 2380 quod
1311 2322 1495 2366 obscure
1522 2339 1610 2367 uno

227 2391 357 2435 modo
385 2393 660 2436 enuntiatum
687 2392 934 2451 legerimus,
954 2393 1021 2437 Sic
1052 2392 1289 2451 implentur
1308 2409 1432 2452 aquae
1463 2396 1606 2449 maris,

226 2477 324 2520 quae
357 2477 446 2505 non
479 2472 711 2507 moventur
742 2463 820 2506 nisi
847 2479 868 2506 a
891 2462 1018 2506 variis
1041 2462 1427 2520 significationibus
1454 2484 1461 2507 :
1487 2464 1545 2508 sic
1567 2474 1610 2508 et

260 2548 281 2582 ‚¹
301 2548 376 2577 Gen.
400 2557 423 2581 ῐ,
437 2546 490 2577 28.
