1871 3162
625 250 972 287 CONFESSIONUM,
1008 250 1090 276 ΠΒ.
1128 251 1188 275 1x.
1509 243 1591 279 213

217 318 445 378 quisquam
462 329 563 360 cum
579 316 662 359 hoc
677 314 862 359 advertit
879 313 1086 374 potentiae
1105 329 1194 358 suae
1209 315 1387 370 tribuat,
1405 317 1438 360 si
1458 319 1593 362 verbo

216 389 306 446 ejus
328 386 437 431 alius
459 387 699 445 corrigatur
719 400 852 445 quem
874 385 970 429 vult
992 385 1165 444 corrigi.

217 567 355 583 mm
360 566 1205 583 mmmmmvvuvvnmmxvuvvwswvvvvu
1210 566 1594 582 mmmmmxmmu

741 698 956 747 CAPUT
1002 700 1091 747 IX,

342 851 637 898 Laudabz‘les
659 854 829 897 matris
850 868 947 898 sace
970 868 1124 898 mores
1142 855 1460 912 prosequitur.

273 1013 394 1055 XIX.
421 1014 624 1055 EnucATA
647 1011 791 1070 itaque
815 1010 974 1070 pudice
994 1027 1042 1055 ac
1064 1011 1206 1055 sobrie
1223 1046 1234 1065 ,
1259 1012 1490 1071 potiusque
1513 1027 1536 1055 a
1558 1021 1602 1055 te

214 1081 386 1126 subdita
401 1082 672 1141 parentibus,
692 1097 824 1142 quam
842 1098 865 1126 a
879 1082 1133 1141 parentibus
1156 1082 1255 1136 tibi,
1275 1082 1353 1125 ubi
1369 1082 1509 1141 plenis
1525 1099 1580 1126 an

215 1152 280 1195 nis
302 1151 463 1195 nubilis
485 1151 597 1196 facta
621 1161 711 1206 est,
738 1151 896 1195 tradita
916 1152 1010 1195 viro
1031 1152 1206 1195 servivit
1226 1151 1363 1195 veluti
1389 1151 1568 1197 domino
1585 1187 1597 1207 ‚

215 1232 257 1267 et
269 1223 421 1281 sategit
433 1237 534 1266 eum
551 1222 709 1266 lucrari
724 1222 819 1276 tibi,
837 1222 1020 1281 loquens
1033 1230 1076 1265 te
1088 1221 1150 1265 illi
1165 1222 1360 1266 moribus
1371 1224 1475 1278 suis,
1495 1224 1598 1283 qui-

214 1294 295 1337 bus
313 1309 405 1337 eam
424 1292 653 1352 pulchram
672 1292 875 1347 faciebas,
897 1301 939 1336 et
951 1301 1196 1335 reverenter
1214 1292 1446 1336 amabilem
1469 1302 1599 1353 atque

213 1365 455 1408 mirabilem
488 1365 596 1408 viro.
632 1367 698 1407 Ita
731 1373 878 1408 autem
915 1362 1116 1407 toleravit
1137 1363 1291 1408 cubilis
1320 1365 1523 1423 injurias,
1548 1374 1599 1409 ut

214 1433 379 1478 nullam
397 1434 452 1478 de
465 1434 546 1478 hac
565 1449 608 1477 re
625 1448 723 1476 cum
739 1434 894 1478 marito
908 1434 1090 1477 haberet
1109 1448 1304 1492 unquam
1317 1433 1597 1479 simultateme

214 1504 484 1563 Expectabat
511 1503 627 1547 enim
661 1503 997 1548 misericordiam
1022 1513 1137 1547 tuam
1171 1519 1300 1563 super
1329 1519 1456 1559 eum,
1483 1506 1599 1549 utin

213 1583 257 1618 te
288 1573 468 1618 credens
503 1574 826 1618 castificaretur.
863 1577 968 1618 Erat
998 1590 1102 1619 vero
1136 1574 1209 1618 ille
1247 1584 1456 1633 praeterea
1489 1576 1599 1620 sicut

214 1643 516 1688 benevolentia
549 1643 817 1703 praecipuus,
852 1644 911 1687 ita
950 1645 1013 1688 ira
1045 1643 1252 1689 fervidus.
1295 1644 1380 1689 Sed
1419 1655 1600 1690 noverat

213 1714 307 1758 haec
337 1730 425 1758 non
447 1715 636 1758 resistere
669 1715 777 1758 irato
797 1715 890 1759 viro
908 1750 918 1769 ‚
953 1731 1043 1760 non
1065 1725 1236 1760 tantum
1263 1714 1380 1759 facto
1401 1750 1411 1770 ‚
1436 1715 1510 1759 sed
1544 1732 1600 1760 ne

213 1784 348 1827 verbo
382 1783 575 1842 quidem.
619 1785 715 1826 Jam
748 1799 852 1827 vero
888 1784 1074 1827 refracto
1114 1795 1158 1827 et
1187 1785 1361 1843 quieto,
1399 1800 1497 1828 cum
1522 1801 1602 1844 op-

216 1863 456 1913 portunum
482 1853 674 1907 videret,
706 1854 917 1897 rationem
941 1852 1044 1897 facti
1066 1853 1131 1897 sui
1159 1853 1390 1909 reddebat,
1428 1856 1462 1898 si
1488 1855 1602 1900 forte

220 1924 293 1967 ille
315 1924 674 1968 inconsideratius
697 1933 941 1968 commotus
971 1922 1128 1968 fuerat.
1150 1925 1348 1984 Denique
1380 1941 1480 1970 cum
1509 1942 1605 1971 ma-

215 2003 353 2038 tronae
390 1993 540 2037 multae
579 2008 766 2052 quarum
801 1993 882 2037 viri
915 1995 1226 2038 mansuetiores
1264 2004 1412 2050 erant,
1455 1997 1605 2055 plaga-

215 2079 312 2108 rum
351 2064 547 2120 vestigia,
605 2063 734 2106 etiam
772 2063 1055 2107 dehonestata
1090 2063 1200 2108 facie
1237 2075 1461 2123 gererent,
1496 2069 1610 2112 inter

215 2135 349 2177 amica
385 2132 602 2192 colloquia
633 2131 721 2176 illae
753 2132 997 2191 arguebant
1029 2134 1283 2178 maritorum
1312 2135 1445 2179 vitam
1464 2172 1475 2191 ‚
1509 2138 1603 2183 haec

215 2218 364 2246 earum
388 2202 602 2261 linguam,
629 2202 765 2246 veluti
793 2217 867 2260 per
883 2203 1033 2261 jocum
1056 2204 1241 2261 graviter
1268 2203 1526 2261 admonens,
1550 2223 1601 2252 ex

214 2287 303 2330 quo
335 2271 429 2316 illas
462 2271 630 2315 tabulas
660 2287 758 2330 quae
790 2271 1129 2316 Matrimoniales
1152 2283 1393 2329 vocantur,
1426 2276 1596 2321 recitari

214 2341 452 2396 audissent,
495 2351 704 2401 tanquam
735 2341 1023 2386 instrumenta
1041 2377 1051 2397 ‚
1088 2343 1249 2402 quibus
1272 2344 1440 2388 ancillae
1468 2345 1595 2391 factae

216 2419 377 2465 essent,
401 2411 609 2470 deputare
627 2411 853 2467 debuisse3
877 2411 1061 2470 proinde
1078 2427 1290 2457 memores
1318 2415 1595 2473 conditionis,

217 2481 443 2540 superbire
465 2481 669 2527 adversus
688 2482 887 2526 dominos
904 2498 994 2527 non
1017 2493 1233 2542 oportere.
1255 2486 1455 2545 Cumque
1477 2489 1603 2532 mira-

217 2561 369 2597 rentur
390 2551 499 2606 illae,
524 2553 705 2598 scientes
726 2567 860 2612 quam
882 2551 1072 2599 ferocem
1104 2556 1335 2614 conjugem
1353 2557 1598 2613 sustineret,
