1871 3162
579 259 928 299 CONFESSIONUM,
962 261 1045 288 Lm.
1081 263 1122 289 v.
1490 255 1545 294 95

168 442 871 461 mmmmmmmmmm
877 445 1545 465 mmmmmmmmwum

701 598 917 648 CAPUT
951 601 1010 646 V.

161 759 430 806 [Wanz'clzoec'
453 760 514 806 de
537 764 680 807 astris
701 764 941 822 imperitia
961 763 1211 829 indignum
1242 779 1349 809 eum
1372 765 1473 827 fide
1495 768 1543 812 ιή

630 835 815 879 eoeterz's
828 834 1070 897 faciebat.

216 1001 338 1043 VIII.
378 1001 462 1044 SED
498 1009 645 1043 tamen
679 1000 776 1058 quis
809 1000 1031 1059 quaerebat
1069 999 1362 1044 Manichaeum
1396 999 1539 1044 nescio

153 1085 283 1130 quem
303 1071 432 1114 etiam
452 1071 531 1114 ista
553 1070 762 1125 scribere,
788 1071 879 1114 sine
900 1085 1087 1130 quorum
1108 1070 1261 1129 peritia
1283 1070 1418 1128 pietas
1435 1070 1540 1114 disci

152 1142 353 1200 poterat?
369 1141 518 1184 Dixisti
536 1141 651 1184 enim
664 1141 830 1185 homini
846 1160 854 1185 :
870 1160 888 1181 a
905 1144 1017 1185 Eece
1030 1142 1166 1200 pietas
1180 1150 1243 1185 est
1257 1141 1463 1200 sapientia
1476 1145 1485 1165 ¹
1496 1160 1535 1198 3»

152 1226 283 1270 quam
307 1211 379 1255 ille
407 1212 606 1270 ignorare
640 1220 805 1270 posset,
838 1212 1005 1256 etiamsi
1033 1212 1111 1256 ista
1138 1210 1329 1271 perfecte
1357 1221 1502 1256 nosset
1525 1231 1534 1257 :

151 1282 230 1326 ista
257 1297 359 1326 vero
381 1284 482 1342 quia
512 1298 602 1327 non
622 1292 829 1338 noverat,
861 1282 1233 1342 impudentissime
1264 1283 1429 1328 audens
1457 1282 1537 1328 do-

150 1368 268 1405 cere,
306 1368 477 1412 prorsus
508 1353 626 1397 illam
660 1369 784 1398 nosse
817 1369 904 1398 non
935 1363 1093 1414 posset.
1125 1354 1305 1398 Vanitas
1337 1363 1400 1398 est
1420 1355 1535 1398 enim

149 1422 371 1466 mundana
389 1427 467 1467 ista
484 1424 611 1468 etiam
636 1434 739 1468 nota
761 1425 976 1483 profiteri,
998 1425 1133 1484 pietas
1156 1434 1302 1468 autem
1320 1425 1399 1468 tibi
1427 1441 1536 1470 con-

148 1493 275 1536 fiteri.
302 1492 426 1536 Unde
448 1492 520 1537 ille
543 1493 693 1537 devius
722 1495 776 1537 ad
798 1496 904 1547 hoc,
930 1496 1010 1536 ista
1033 1495 1222 1536 multum
1250 1495 1423 1540 locutus
1445 1505 1531 1551 est,

149 1572 198 1607 ut
213 1563 437 1608 convietus
455 1564 511 1607 ab
526 1564 585 1607 eis
601 1564 676 1623 qui
693 1565 771 1608 ista
789 1579 888 1607 vere
909 1562 1181 1617 didicissent,
1203 1563 1299 1622 quis
1318 1571 1427 1606 esset
1444 1563 1534 1621 ejus

147 1648 295 1677 sensus
315 1634 361 1677 in
382 1634 547 1678 caeteris
567 1649 666 1693 quae
693 1633 906 1676 abditiora
937 1642 1064 1686 sunt,
1096 1631 1321 1676 manifeste
1349 1648 1535 1691 cognos-

147 1712 331 1747 ceretur.
357 1705 454 1748 Non
479 1706 594 1747 enim
616 1703 736 1762 parvi
767 1702 998 1745 existimari
1022 1716 1066 1745 se
1087 1700 1249 1755 voluit,
1279 1701 1354 1745 sed
1392 1703 1533 1762 Spiri-

147 1783 241 1818 tum
281 1784 477 1819 sanctum
508 1774 824 1818 consolatorem
856 1782 899 1817 et
934 1772 1165 1816 ditatorem
1193 1771 1389 1816 fidelium
1430 1783 1532 1818 tuo-

147 1860 261 1899 rum,
280 1845 535 1888 auctoritate
548 1844 738 1903 plenaria
754 1841 1035 1902 personaliter
1051 1843 1097 1886 in
1109 1857 1152 1885 se
1170 1857 1261 1885 esse
1274 1843 1532 1901 persuadere

146 1923 326 1958 conatus
349 1923 425 1958 est.
449 1917 604 1973 Itaque
625 1928 725 1957 cum
747 1913 802 1956 de
823 1912 935 1956 coelo
958 1928 1006 1956 ac
1026 1911 1182 1966 stellis,
1209 1921 1252 1956 et
1278 1913 1332 1956 de
1360 1913 1459 1956 solis
1481 1930 1530 1958 ac

145 1984 262 2029 lunae
285 1985 475 2028 motibus
496 1983 600 2028 falsa
622 1983 777 2027 dixisse
807 1983 1228 2043 deprehenderetur,
1249 1985 1444 2044 quamvis
1475 1984 1530 2028 ad

147 2054 387 2099 doctrinam
402 2054 620 2113 religionis
636 2055 715 2097 ista
732 2069 820 2097 non
838 2054 1107 2112 pertineant3
1130 2063 1273 2097 tamen
1296 2070 1424 2097 ausus
1440 2055 1531 2113 ejus

146 2123 372 2182 sacrilegos
394 2124 522 2168 fuisse
544 2124 643 2168 satis
665 2123 889 2178 emineret,
913 2139 1014 2167 cum
1044 2139 1092 2167 ea
1113 2139 1203 2168 non
1230 2123 1371 2168 solum
1402 2124 1529 2182 igno-

146 2204 260 2251 rata,
285 2195 361 2240 sed
382 2196 511 2239 etiam
542 2194 648 2238 falsa
663 2229 673 2248 ‚
710 2202 799 2237 tam
830 2209 986 2239 vesana
1008 2195 1222 2253 superbiae
1243 2195 1435 2239 vanitate
1457 2194 1527 2239 di-

146 2277 290 2324 ceret,
324 2276 373 2312 ut
405 2283 454 2311 ea
478 2276 688 2327 tanquam
715 2265 874 2310 divinae
901 2281 1095 2326 personae
1121 2266 1314 2310 tribuere
1343 2266 1426 2310 sibi
1456 2267 1528 2312 ni—

147 2349 325 2385 teretur.

206 2413 282 2454 IX.
318 2411 429 2453 Cum
463 2409 578 2452 enim
602 2408 732 2452 audio
763 2406 1056 2451 Christianum
1089 2407 1276 2466 aliquem
1312 2406 1488 2452 fratrem
1511 2444 1522 2465 ,

145 2481 266 2525 illum
289 2490 362 2523 aut
383 2479 504 2522 illum
518 2514 528 2534 ‚
550 2479 628 2522 ista
648 2478 906 2522 nescientem
920 2513 930 2532 ‚
948 2487 991 2522 et
1009 2477 1128 2521 aliud
1143 2492 1220 2536 pro
1236 2476 1320 2522 alio
1336 2479 1526 2523 sentien-

195 2584 200 2597 ¹
223 2575 296 2607 Job.
317 2586 426 2612 xxviii,
448 2575 502 2614 28,
518 2575 613 2615 juxta
634 2584 705 2604 Lxx.
