1871 3162
607 250 924 279 CONFESSIONUM
942 266 952 287 ,
988 250 1073 275 Lm.
1110 249 1205 275 x111.
1489 237 1570 276 367

196 422 405 439 mmm
411 418 1535 438 mmmmmxwmmmwmwmmmoewumnmmmmrumum
1542 420 1572 434 v!

734 564 949 615 CAPUT
999 566 1060 613 V.

230 717 444 765 Trinitas
466 720 550 778 qai
573 719 706 764 Deus
730 728 800 764 est
833 734 896 763 ex
918 717 1089 778 primis
1110 715 1266 762 verbis
1305 714 1548 763 Geneseos

741 786 1037 852 intelligitur.

255 949 329 991 VI.
365 949 473 991 EccE
497 956 676 1006 apparet
703 947 810 991 mihi
831 947 877 991 in
901 948 1137 1006 aenigmate
1173 947 1359 991 Trinitas
1391 944 1512 1006 quod
1540 960 1584 989 es
1652 968 1675 990 s

196 1020 309 1062 Deus
331 1033 476 1073 meus,
502 1019 710 1078 quoniam
741 1027 792 1062 tu
815 1022 941 1063 Pater
967 1037 987 1060 «
1010 1019 1057 1062 in
1079 1018 1298 1077 Principio
1318 1035 1339 1058 »
1364 1016 1586 1076 sapientiae

195 1097 355 1133 nostrae
387 1087 509 1149 quod
537 1097 601 1132 est
622 1097 697 1132 tua
720 1089 937 1148 Sapientia
960 1088 1015 1133 de
1033 1097 1074 1132 te
1092 1097 1222 1142 nata,
1241 1086 1418 1146 aequalis
1441 1086 1521 1130 tibi
1542 1094 1585 1129 et

197 1167 428 1213 coaeterna,
453 1158 499 1202 id
521 1167 600 1213 est,
615 1159 660 1202 in
683 1157 793 1202 Filio
815 1167 892 1203 tuo
910 1177 930 1200 «
949 1158 1105 1203 Fecisti
1122 1158 1284 1202 coelum
1302 1167 1346 1202 et
1366 1166 1539 1201 terram.
1564 1174 1584 1196 »

196 1230 253 1272 Et
269 1227 603 1272 multadiximus
623 1228 678 1272 de
703 1247 723 1270 «
755 1227 879 1273 Coelo
909 1228 1033 1283 eoeli,
1077 1237 1120 1272 et
1152 1228 1206 1272 de
1235 1237 1343 1272 terra
1381 1226 1588 1272 invisibili

199 1316 220 1339 n
255 1307 299 1343 et
322 1298 627 1357 incomposita,
665 1308 707 1342 et
728 1299 782 1342 de
816 1298 969 1356 abysso
1002 1299 1258 1353 tenebrosa,
1291 1317 1310 1339 »
1343 1297 1585 1342 secundum

196 1367 397 1427 spiritalis
426 1368 702 1413 informitatis
725 1368 986 1427 vagabunda
1009 1367 1224 1429 deliquia,
1252 1368 1333 1412 nisi
1355 1376 1586 1412 converte-

197 1447 315 1482 retur
332 1437 388 1482 ad
409 1454 509 1482 eum
531 1455 553 1482 a
577 1454 665 1498 quo
687 1448 779 1483 erat
796 1439 1126 1498 qualiscumque
1149 1439 1264 1492 vita,
1291 1447 1334 1482 et
1356 1438 1583 1481 illumina-

198 1509 315 1554 tione
330 1510 452 1554 fieret
472 1501 661 1568 speciosa
686 1509 801 1564 Vita,
828 1520 870 1554 et
889 1519 999 1554 esset
1014 1511 1176 1554 coelum
1200 1509 1299 1553 eoeli
1322 1510 1412 1569 ejus
1428 1544 1438 1564 ‚
1464 1508 1586 1568 quod

196 1579 309 1624 inter
341 1595 499 1639 aquam
530 1589 573 1623 et
606 1595 765 1639 aquam
800 1589 948 1638 postea
983 1578 1149 1623 factum
1179 1588 1256 1623 est.
1293 1582 1349 1623 Et
1382 1580 1585 1623 tenebam

190 1650 282 1709 jam
305 1653 475 1693 Patrem
504 1650 549 1694 in
592 1650 667 1693 Dei
704 1650 881 1694 nomine
923 1650 999 1710 qui
1041 1648 1146 1694 feeit
1187 1650 1281 1693 haec
1296 1684 1307 1703 ‚
1354 1659 1397 1692 et
1424 1649 1587 1693 Filium

197 1721 242 1764 in
286 1721 490 1779 Principii
530 1721 708 1765 nomine
750 1721 795 1763 in
828 1736 917 1780 quo
955 1719 1056 1765 fecit
1072 1721 1166 1764 haec
1212 1739 1221 1764 ε
1261 1729 1304 1763 et
1336 1720 1590 1764 Trinitatem

198 1788 377 1835 credens
398 1794 535 1834 Deum
557 1805 703 1834 meum
718 1790 844 1834 sicuti
865 1790 1099 1834 credebam
1115 1824 1126 1844 ‚
1151 1790 1401 1850 quaerebam
1423 1790 1470 1833 in
1492 1790 1585 1834 elo-

199 1861 313 1921 quiis
341 1862 497 1905 sanctis
518 1862 609 1922 ejus
631 1897 642 1916 ‚
672 1870 714 1905 et
739 1876 837 1905 ecce
861 1880 881 1902 «
908 1861 1089 1919 Spiritus
1110 1869 1211 1904 tuus
1232 1859 1587 1919 superferebatur

203 1949 224 1973 υ
258 1946 387 1991 super
423 1948 569 1992 aquas.
594 1950 614 1973 »
642 1935 752 1976 Ecce
772 1932 954 1975 Trinitas
986 1934 1099 1975 Deus
1121 1946 1251 1974 meus
1269 1965 1279 1985 ‚
1302 1934 1428 1974 Pater
1446 1939 1489 1974 et
1511 1931 1586 1973 Fi·-

199 2001 282 2046 lius
311 2010 354 2046 et
378 2002 560 2062 Spiritus
581 2011 778 2057 sanctus,
803 2010 970 2046 creator
993 2001 1205 2046 universae
1231 2010 1455 2045 creaturae.
