1871 3162
571 291 915 326 conrnsstonmvr,
952 291 1033 316 LlB.
1070 291 1129 315 1v.
1479 279 1533 316 69

160 371 254 400 mea
271 355 508 400 delineasti.
525 358 559 398 T
561 370 644 398 unc
660 363 803 399 autem
822 369 901 397 nec
912 354 1019 413 ipse,
1035 368 1114 397 nec
1130 353 1399 397 charissimus
1414 369 1535 398 meus

158 427 389 473 Nebridius
405 461 416 482 ,
442 425 688 471 adolescens
710 425 835 470 valde
856 426 997 469 bonus
1019 434 1062 468 et
1084 423 1211 468 valde
1235 434 1386 468 cautus
1404 459 1415 478 ‚
1440 425 1536 467 irri-

158 499 264 542 dens
283 507 424 542 totum
446 496 557 541 illud
580 497 855 541 divinationis
877 511 1032 554 genus,
1055 494 1314 554 persuadere
1335 494 1440 537 mihi
1462 510 1539 553 po-

158 579 337 614 tuerunt
360 578 407 613 ut
429 570 523 613 haec
545 569 796 628 abjicerem,
822 568 1028 628 quoniam
1053 582 1122 611 me
1148 565 1332 626 amplius
1348 567 1540 625 ipsorum

157 649 385 684 auctorum
417 639 622 684 movebat
655 639 917 695 auctoritas;
944 647 986 681 et
1015 636 1189 681 nullum
1217 646 1384 680 certum
1409 636 1538 696 quale

155 710 403 770 quaerebam
420 709 735 754 documentum
753 709 896 753 adhuc
915 709 1164 752 inveneram
1177 743 1188 762 ,
1213 723 1302 768 quo
1325 707 1431 751 mihi
1448 707 1538 750 sine

155 780 438 839 ambiguitate
461 788 712 840 appareret,
737 795 836 840 quae
858 779 912 824 ab
928 778 987 823 eis
1003 777 1211 823 consultis
1233 792 1332 821 vera
1349 776 1539 821 diceren-

155 859 241 906 tur,
267 851 379 895 forte
400 851 470 895 vel
491 860 605 896 sorte
620 886 630 906 ‚
651 866 740 895 non
762 859 852 894 arte
874 851 1169 910 inspectorum
1190 848 1381 893 siderum
1405 847 1503 891 dici.

156 1018 289 1035 mm&
294 1019 359 1034 wix
364 1018 638 1035 Μὶῑῑὶὶιννὶνὶω
642 1019 709 1034 Μὶ
714 1018 984 1034 Μὶινῑὶἱὶλὶΐνννὶ
988 1018 1157 1033 ΊΑΛΝΛΊΑΊΧΏ.
1161 1017 1258 1032 §tatu
1263 1017 1399 1032 ΜΊΛΙᾺΊ
1404 1016 1540 1032 nummu!

679 1138 895 1186 CAPUT
932 1140 1015 1185 IV.

152 1274 181 1318 I
189 1309 197 1318 ,
235 1270 459 1316 Morbum
480 1280 525 1314 et
549 1269 836 1330 baptismum
854 1270 1002 1314 amici
1015 1277 1212 1324 narrat,
1236 1284 1377 1326 quem
1392 1269 1538 1312 etiam

210 1345 306 1387 suis
321 1341 560 1386 erroribus
577 1340 852 1391 involverat,
870 1356 1018 1398 eoque
1032 1349 1184 1384 morte
1198 1338 1388 1383 sublato
1411 1337 1540 1383 dolet

206 1414 505 1476 gravissime.
532 1439 589 1447 —
618 1412 695 1457 II.
732 1410 977 1456 Mirabilis
999 1411 1217 1473 effi'cacz'a
1239 1410 1540 1455 sacramenti

214 1483 452 1543 baptismi.

209 1620 311 1661 VII.
348 1619 398 1661 IN
414 1615 497 1660 illis
520 1616 643 1659 annis
661 1650 672 1669 ‚
697 1631 785 1675 quo
807 1614 997 1674 primum
1021 1623 1218 1672 tempore
1234 1614 1279 1657 in
1299 1613 1536 1673 municipio

152 1703 240 1747 quo
259 1697 386 1731 natus
408 1701 503 1730 sum
527 1686 683 1730 docere
703 1699 923 1744 coeperam
940 1719 951 1738 ‚
976 1699 1326 1743 comparaveram
1348 1684 1536 1727 amicum

151 1759 353 1801 societate
368 1756 612 1801 studiorum
625 1755 752 1799 nimis
766 1755 962 1808 charum,
980 1770 1177 1798 coaevum
1189 1754 1297 1797 mihi
1309 1763 1352 1798 et
1365 1751 1534 1798 conflo-

149 1837 317 1871 rentem
330 1827 437 1871 ssore
452 1826 768 1870 adolescentiae.
784 1828 958 1870 Mecum
972 1840 1081 1884 puer
1094 1835 1302 1879 creverat,
1319 1835 1363 1868 et
1377 1829 1536 1883 pariter

148 1899 192 1941 in
222 1896 412 1941 scholam
435 1897 642 1950 ieramus,
672 1896 920 1955 pariterque
950 1895 1203 1939 luseramus.
1227 1895 1311 1941 Sed
1335 1897 1533 1942 nondum

148 1977 238 2011 erat
254 1967 313 2011 sic
333 1966 513 2020 amicus,
531 1980 784 2025 quanquam
802 1980 857 2008 ne
877 1975 983 2010 tunc
1004 1966 1182 2025 quidem
1203 1965 1330 2010 sicuti
1352 1977 1415 2012 est
1433 1983 1533 2013 vera

148 2037 357 2093 amicitia3
386 2036 486 2095 quia
512 2050 602 2079 non
625 2044 688 2078 est
707 2050 830 2090 vera,
856 2035 936 2079 nisi
963 2050 1063 2078 cum
1087 2049 1182 2078 eam
1205 2044 1254 2079 tu
1287 2037 1533 2095 agglutinas

148 2108 260 2151 inter
279 2106 539 2149 inhaerentes
564 2104 643 2148 tibi
662 2104 870 2149 charitate
894 2104 1051 2148 diffusa
1077 2104 1123 2147 in
1151 2104 1355 2150 cordibus
1378 2108 1534 2152 nostris

148 2193 226 2237 per
240 2177 449 2236 Spiritum
468 2187 663 2220 sanctum
677 2175 753 2235 qui
767 2174 893 2219 datus
913 2184 976 2219 est
988 2175 1112 2220 nohis
1132 2177 1161 2219 1.
1179 2175 1261 2220 Sed
1278 2186 1423 2221 tamen
1438 2178 1534 2221 dul-

150 2248 208 2291 cis
226 2255 318 2291 erat
337 2246 486 2300 nimis,
513 2254 660 2290 coacta
681 2245 849 2289 fervore
861 2244 1064 2304 parilium
1081 2245 1341 2291 studiorum.
1361 2250 1468 2292 Nam
1491 2257 1534 2292 et

152 2334 175 2362 a
204 2317 291 2360 fide
324 2331 423 2360 vera
439 2351 450 2370 ‚
470 2331 600 2376 quam
623 2331 713 2360 non
737 2316 1000 2375 germanitus
1028 2326 1070 2360 et
1089 2317 1261 2376 penitus
1287 2317 1534 2363 adolescens

151 2388 328 2433 tenebat
343 2423 354 2442 ‚
390 2388 652 2432 deflexeram
671 2401 751 2445 ego
775 2403 876 2432 eum
898 2388 943 2431 in
964 2388 1277 2447 superstitiosas
1297 2387 1479 2433 fabellas
1499 2399 1543 2434 et

153 2458 412 2518 perniciosas
430 2492 440 2512 ,
478 2466 654 2516 propter
685 2473 792 2516 quas
828 2457 1062 2516 plangebat
1089 2473 1158 2501 me
1185 2467 1336 2502 mater.
1368 2462 1542 2503 Mecum

150 2530 238 2588 jam
259 2528 430 2572 errabat
446 2528 490 2571 in
508 2528 651 2573 animo
666 2529 798 2573 homo
815 2528 886 2572 ille
903 2564 913 2581 ‚
939 2538 980 2572 et
996 2544 1082 2573 non
1102 2538 1270 2587 poterat
1289 2529 1428 2572 anima
1446 2545 1539 2573 mea

200 2633 206 2645 ¹
229 2628 306 2657 nom
342 2637 370 2662 v,
399 2626 415 2654 55
