1871 3162
233 201 317 238 280
666 209 700 240 s.
737 210 966 240 mausum
999 213 1178 242 EPISCOPI

229 387 369 402 ΜΛΑΜΊ
375 386 580 404 §mutum
587 388 1357 409 ἎΜΜΝῚΜΊΜΊΜΜΜΜΜΜΝἏΊΊΝἎΜἾΜΛὮ
1362 391 1428 405 ms
1433 391 1603 407 Ἁὶἢωὶνῑ

735 520 770 567 C
783 520 811 567 A
823 521 952 568 PUT
989 522 1031 568 X
1040 523 1075 567 L
1084 559 1094 568 .

312 675 459 739 Quod
475 678 523 721 in
543 693 593 721 se
616 686 662 722 et
682 678 865 723 coeteris
884 675 1021 723 rebus
1042 677 1201 724 Deum
1218 679 1531 741 investigavit.

288 836 421 878 LXV.
459 836 540 878 Um
562 848 652 878 non
670 849 841 878 mecum
855 835 1101 890 ambulasti,
1123 836 1304 890 VeritaS,
1325 836 1485 881 docens
1502 837 1609 897 quid

230 920 402 950 caveam
440 914 483 949 et
511 904 620 965 quid
647 914 864 965 appetam,
900 921 999 950 cum
1029 907 1085 950 ad
1112 916 1155 950 te
1180 906 1384 951 referrem
1406 906 1610 953 inferiora

229 977 316 1020 visa
334 990 430 1019 mea
447 990 546 1034 quae
568 975 693 1034 potui
709 985 840 1035 teque
858 976 1152 1020 consulerem?
1174 978 1373 1022 Lustravi
1393 979 1609 1022 mundum

229 1047 331 1092 foris
345 1062 475 1092 sensu
491 1062 580 1106 quo
595 1047 735 1106 potui,
753 1056 795 1090 et
813 1048 979 1092 attendi
995 1049 1125 1091 vitam
1144 1049 1333 1107 corporis
1350 1049 1434 1092 mei
1452 1049 1506 1092 de
1523 1064 1608 1104 me,

228 1132 466 1178 sensusque
500 1117 613 1176 ipsos
644 1132 778 1161 meos.
818 1118 926 1161 Inde
957 1118 1172 1176 ingressus
1201 1134 1297 1162 sum
1335 1119 1380 1162 in
1424 1134 1612 1163 recessus

230 1189 450 1234 memoriae
471 1203 580 1232 meae
600 1188 862 1248 multiplices
880 1188 1185 1248 amplitudines
1210 1189 1355 1249 plenas
1374 1190 1493 1234 miris
1515 1206 1612 1234 mo-

229 1263 294 1306 dis
329 1261 554 1320 copiarum
576 1259 979 1314 innumerabilium,
1004 1270 1047 1304 et
1071 1261 1353 1314 consideravi,
1379 1270 1422 1305 et
1442 1263 1610 1320 expavi,

228 1341 270 1376 et
286 1330 395 1375 nihil
415 1345 565 1374 eorum
585 1330 828 1375 discernere
840 1331 965 1390 potui
986 1331 1076 1375 sine
1099 1341 1154 1386 te,
1173 1340 1215 1375 et
1232 1331 1339 1374 nihil
1357 1347 1507 1375 eorum
1526 1347 1614 1376 esse

228 1413 271 1447 te
292 1403 455 1446 inveni.
480 1403 568 1446 Nec
591 1415 669 1459 ego
691 1402 778 1461 ipse
802 1402 1004 1446 inventor
1028 1402 1105 1462 qui
1136 1400 1358 1461 peragravi
1387 1402 1546 1457 omnia,
1571 1411 1615 1446 et

228 1473 494 1531 distinguere
516 1481 559 1515 et
586 1488 664 1531 pro
689 1473 773 1516 suis
795 1488 982 1533 quaeque
1003 1471 1283 1531 dignitatibus
1304 1473 1515 1517 aestimare
1537 1489 1614 1518 co-

228 1552 355 1587 natus
377 1558 489 1597 sum,
515 1543 729 1601 excipiens
753 1541 834 1586 alia
856 1542 1161 1587 nuntiantibus
1176 1543 1388 1598 sensibus,
1415 1552 1458 1587 et
1480 1545 1614 1588 inter-

228 1628 380 1671 rogans
403 1611 484 1656 alia
510 1628 679 1657 mecum
705 1613 936 1656 commixta
968 1613 1171 1669 sennem,
1209 1614 1410 1674 ipsosque
1438 1615 1614 1658 nuntios

226 1684 484 1742 dignoscens
513 1692 643 1743 atque
671 1682 966 1738 dinumerans,
997 1684 1177 1743 jamque
1199 1683 1245 1726 in
1267 1684 1487 1728 memorias
1518 1685 1615 1728 latis

227 1755 383 1814 opibus
418 1753 499 1798 alia
532 1763 798 1814 pertractans
821 1753 902 1798 alia
923 1754 1178 1809 recondens,
1209 1754 1290 1799 alia
1327 1771 1494 1800 eruens.
1526 1758 1614 1801 Nec

227 1842 306 1884 ego
329 1826 419 1885 ipse
438 1841 539 1869 cum
563 1827 655 1870 haec
678 1840 866 1885 agerem,
886 1824 930 1869 id
951 1835 1029 1881 est,
1051 1827 1111 1870 vis
1134 1841 1229 1870 mea
1247 1843 1332 1886 qua
1351 1827 1395 1870 id
1414 1827 1610 1885 agebam,

226 1912 306 1940 nee
328 1896 418 1955 ipsa
441 1911 533 1940 eras
556 1906 622 1952 tu,
648 1896 750 1956 quia
770 1895 847 1939 lux
870 1911 912 1939 es
933 1905 983 1940 tu
1004 1911 1261 1956 permanens
1293 1913 1425 1957 quam
1450 1898 1504 1942 de
1524 1913 1615 1942 om-

227 1968 356 2012 nibus
373 1968 655 2013 consulebam
671 1984 725 2012 an
739 1977 894 2023 essent,
911 1968 1017 2028 quid
1036 1977 1192 2023 essent,
1210 1970 1362 2028 quanti
1381 1969 1612 2028 pendenda

226 2048 381 2083 essent.
403 2042 459 2083 Et
477 2039 707 2083 audiebam
725 2038 955 2084 docentem
972 2055 1020 2083 ac
1031 2039 1285 2098 jubentem3
1305 2049 1348 2083 et
1367 2056 1478 2100 saepe
1495 2041 1611 2085 istud

226 2110 352 2154 facio.
375 2113 468 2154 Hoc
487 2126 555 2154 me
577 2109 780 2165 delectat,
802 2119 845 2154 et
861 2110 915 2154 ab
934 2110 1172 2154 actionibus
1191 2111 1452 2154 necessitatis
1468 2127 1610 2171 quan-

229 2192 320 2225 tum
342 2181 522 2226 relaxari
544 2196 736 2240 possum,
757 2182 810 2224 ad
825 2181 949 2225 istam
972 2180 1241 2240 voluptatem
1258 2180 1444 2240 refugio.
1460 2185 1611 2242 Neque

226 2253 271 2294 in
288 2251 354 2295 his
369 2251 572 2296 omnibus
589 2267 688 2310 quae
711 2266 917 2310 percurro
939 2250 1168 2295 consulens
1188 2260 1246 2305 te,
1272 2252 1444 2295 invenio
1463 2261 1606 2296 tutum

227 2323 371 2366 locum
396 2323 550 2366 animae
571 2338 681 2366 meae
704 2322 783 2365 nisi
801 2322 846 2365 in
869 2331 927 2377 te,
948 2337 1035 2381 quo
1058 2320 1317 2380 colligantur
1333 2338 1476 2381 sparsa
1494 2338 1606 2379 mea,

225 2407 304 2436 nec
322 2409 345 2436 a
362 2401 404 2436 te
421 2392 661 2453 quidquam
678 2392 850 2436 recedat
867 2407 917 2436 ex
934 2407 1016 2436 me.
1033 2395 1090 2436 Et
1107 2391 1340 2452 aliquando
1356 2392 1608 2438 intromittis

223 2477 292 2505 me
323 2461 368 2505 in
399 2463 604 2507 affectum
638 2462 825 2507 multum
859 2463 1113 2507 inusitatum
1144 2462 1350 2507 introrsus
1383 2461 1438 2506 ad
1459 2464 1604 2508 nescio

224 2548 353 2592 quam
388 2532 680 2589 dulcedinem,
705 2549 805 2594 quae
826 2534 858 2578 si
882 2533 1130 2591 perficiatur
1152 2533 1195 2576 in
1216 2548 1301 2584 mc,
1333 2533 1475 2577 nescio
1497 2533 1604 2592 quid
