1871 3162
733 251 882 281 mnnx.
1409 238 1492 283 555

657 402 829 445 LIBER
870 403 952 444 ΙΙΙ.

125 545 179 580 De
196 544 298 581 annis
322 544 441 580 aetatis
464 544 560 580 illius
588 545 911 592 decimo-septimo
925 571 935 586 ‚
965 544 1261 580 deeimo-octavo
1280 551 1316 579 et
1334 545 1496 580 decimo-

172 614 269 638 nono
286 603 480 638 transactis
501 603 725 650 Carthagine
745 631 754 648 ,
773 605 835 639 ubi
853 605 941 639 dum
958 603 1127 639 litterarii
1141 602 1249 637 studii
1267 603 1498 639 curriculum

170 661 379 698 absolveret
391 687 402 704 ‚
418 671 455 696 se
469 661 654 697 libidinosi
674 662 809 697 amoris
821 661 952 706 laqueo
970 661 1157 695 irretitum
1171 686 1180 703 ‚
1196 669 1340 695 necnon
1355 661 1393 694 in
1416 661 1498 695 Ma-

171 718 398 755 nichaeorum
427 720 598 755 haeresim
630 720 843 765 prolapsum
868 718 977 753 fuisse
1007 717 1188 753 meminit.
1216 717 1410 753 Adversus
1439 717 1502 753 ho-

172 787 256 812 rum
288 788 436 813 errores
453 784 489 813 et
506 777 662 822 ineptias
684 776 831 812 disserit
848 776 1071 812 luculenter.
1091 776 1280 812 Maternas
1305 785 1373 820 pro
1393 786 1431 810 se
1448 775 1500 810 la-

169 845 316 882 crymas
341 842 378 873 et
404 847 618 882 responsum
647 835 694 871 de
721 845 785 871 sua
816 835 1071 881 resipiscentia
1099 834 1276 870 divinitus
1303 840 1501 880 acceptum

170 896 299 931 refert.

178 1031 280 1062 CAPcT
342 1040 363 1061 ι.
389 1031 504 1061 Amore
523 1038 618 1071 quem
632 1027 810 1060 venabatur
823 1052 832 1069 ‚
847 1028 984 1070 capitur.
1339 1038 1417 1070 pag.
1464 1029 1507 1059 44

329 1095 362 1116 u.
389 1085 516 1116 Amavit
531 1084 716 1126 spectacula
733 1084 868 1125 tragica.
1464 1085 1507 1115 45

314 1151 363 1173 111.
389 1141 426 1172 In
443 1139 550 1172 schola
569 1140 705 1171 rhetoris
723 1139 764 1172 ab
779 1142 972 1172 Eversorum
989 1138 1083 1171 factis
1097 1137 1303 1171 abhorrebat.
1464 1136 1508 1171 47

322 1207 364 1229 iv.
391 1196 577 1228 Hortensius
596 1196 757 1229 Ciceronis
775 1195 931 1228 excitavit
947 1195 1035 1227 illum
1053 1195 1093 1227 ad
1109 1195 1257 1227 ardorem
1275 1193 1422 1236 philoso-

434 1251 527 1294 phiae.
1465 1252 1509 1283 48

335 1317 365 1338 v.
390 1307 533 1339 Fastidiit
546 1317 651 1340 sacras
669 1307 809 1340 Litteras
823 1310 955 1349 propter
968 1306 1206 1350 simplicitatem
1224 1304 1308 1347 styli.
1467 1307 1510 1338 50

328 1373 368 1395 Vl.
396 1364 427 1393 A
445 1364 629 1396 Manichaeis
648 1364 807 1406 quomodo
819 1367 946 1406 captus.
1468 1364 1509 1394 51

311 1428 368 1450 vu.
394 1420 419 1450 1.
439 1421 591 1452 Doctrina
614 1420 867 1452 Manichaeorum
886 1419 1022 1452 absurda
1042 1418 1093 1450 cui
1112 1417 1361 1459 suffragabatur.
1382 1433 1423 1439 -—

479 1476 518 1506 11.
541 1478 640 1516 Leges
656 1486 715 1517 pro
733 1476 858 1508 ratione
872 1481 1053 1518 temporum
1068 1474 1188 1506 mutari
1202 1484 1306 1516 posse.
1471 1474 1513 1504 53

301 1538 372 1560 vm.
398 1529 424 1560 Ι.
444 1530 562 1561 Contra
573 1530 771 1563 Manichaeos
789 1531 866 1563 dicit
882 1542 952 1573 quae
974 1529 1095 1572 flagitia
1113 1540 1238 1572 semper
1256 1529 1425 1561 detestan-

435 1584 476 1615 da
490 1609 498 1622 ,
523 1595 591 1627 quae
603 1584 761 1617 facinora.
781 1602 823 1609 —
837 1588 878 1618 11.
896 1586 1009 1618 Libido
1028 1586 1155 1628 triplex.
1471 1584 1513 1616 56

327 1649 369 1671 ix.
394 1639 569 1671 Diseri1n·en
580 1639 664 1672 inter
688 1644 824 1682 peccata
836 1665 845 1682 ,
861 1645 895 1673 et
914 1641 999 1674 inter
1013 1641 1071 1673 Dei
1087 1640 1248 1683 judicium
1267 1643 1300 1672 et
1317 1638 1426 1672 homi-

439 1706 527 1726 num.
1473 1695 1516 1725 58

337 1760 367 1781 x.
395 1751 490 1790 Nugae
507 1747 752 1780 Manichaeorum
769 1749 810 1780 de
827 1752 925 1780 terrae
942 1747 1114 1780 fructibus.
1474 1749 1515 1778 59

323 1812 366 1836 xl.
392 1803 543 1836 Planctus
558 1808 590 1836 et
607 1803 761 1836 somnium
774 1804 883 1835 matris
902 1803 943 1835 de
960 1803 1036 1836 filio.
1472 1803 1516 1833 60

308 1871 366 1893 ιιι.
391 1859 487 1898 Quale
499 1869 687 1901 responsum
708 1864 811 1891 mater
828 1858 994 1900 Augustini
1004 1858 1133 1901 accepit
1148 1858 1316 1901 aquodam
1335 1856 1427 1899 epis-

440 1925 520 1957 copo
538 1914 580 1946 de
596 1914 691 1957 ipsius
703 1913 927 1948 conversione.
1473 1912 1516 1943 62

136 2211 258 2246 Pudet
275 2220 313 2246 se
330 2209 624 2246 Manichaeorum
643 2213 751 2244 sectae
769 2209 959 2244 addictum
981 2208 1090 2243 fuisse
1105 2217 1172 2253 per
1187 2208 1417 2244 novennium
1430 2236 1440 2253 ‚
1459 2213 1518 2243 at-

185 2279 258 2314 que
285 2268 373 2304 alios
403 2278 529 2304 secum
556 2268 592 2302 in
621 2268 792 2303 eumdem
820 2277 987 2302 errorem
1018 2266 1241 2312 pertraxisse
1269 2272 1377 2303 :tum
1409 2267 1519 2302 etiam

185 2327 411 2362 consuluisse
438 2326 742 2370 mathematicos3
769 2332 804 2360 et
832 2326 991 2360 amicum
1023 2325 1094 2360 sibi
1118 2326 1259 2360 interea
1287 2330 1407 2360 morte
1424 2335 1519 2370 prae-

186 2391 355 2430 reptum,
373 2384 555 2420 acerbiori
575 2394 685 2428 quam
705 2394 851 2428 aequum
878 2390 971 2418 esset
986 2384 1093 2417 animi
1115 2384 1243 2418 dolore
1259 2383 1368 2418 fuisse
1386 2392 1518 2427 prose-

187 2448 317 2477 cutum
336 2454 345 2476 τ
365 2443 472 2488 cujus
494 2442 687 2478 occasione
709 2441 753 2476 de
779 2452 871 2477 vana
888 2447 924 2476 et
944 2442 988 2476 de
1013 2441 1116 2476 solda
1132 2440 1291 2476 amicitia
1309 2451 1383 2476 non
1400 2450 1518 2485 pauca

188 2501 291 2536 dieit.
318 2500 547 2537 Mentionem
572 2499 658 2536 facit
690 2499 871 2535 librorum
897 2500 941 2534 de
967 2499 1127 2535 Pulchro
1159 2504 1193 2535 et
1213 2499 1308 2545 Apco
1328 2509 1344 2534 a
1365 2509 1405 2534 se
1424 2508 1517 2533 anno

189 2558 305 2594 aetatis
322 2557 616 2604 vigesimo-sexto
631 2562 694 2592 aut
709 2557 741 2592 vi
749 2557 1068 2602 gesimo-septimo
1086 2558 1386 2602 conscriptorum
1403 2583 1411 2600 ‚
1432 2565 1520 2591 uec-
