1871 3162
285 163 362 201 104
716 174 747 200 S.
786 176 1012 202 Aucus‘rmi
1047 177 1225 203 EmsCOPI

278 240 400 284 factis
433 241 537 284 meis
558 241 604 284 in
625 242 802 285 veritate
825 240 987 285 ordinis
1011 241 1104 284 tui?
1137 244 1194 285 Et
1214 240 1287 284 illa
1309 241 1392 285 hoc
1414 236 1658 300 nesciebat3

279 320 321 355 et
340 320 485 355 tamen
499 326 578 369 pro
595 326 663 354 me
681 310 831 355 orabat
846 312 1014 355 absens.
1035 314 1100 355 Tu
1116 320 1261 355 autem
1276 311 1440 371 ubique
1455 325 1658 369 praesens,

280 381 357 425 ubi
378 390 469 426 erat
490 380 749 426 exaudiebas
779 396 874 425 eam
900 400 908 425 :
935 391 978 425 et
1002 382 1080 425 ubi
1102 396 1219 425 eram
1253 380 1522 424 miserebaris
1552 381 1658 436 mei,

277 461 326 495 ut
344 466 645 510 recuperarem
659 450 841 495 salutem
855 451 1044 509 corporis
1056 450 1158 505 mei,
1176 451 1319 495 adhuc
1336 452 1512 495 insanus
1533 450 1663 495 corde

275 521 495 579 sacrilego.
516 524 668 581 Neque
696 521 812 564 enim
834 519 1132 564 desiderabam
1160 521 1205 564 in
1227 520 1302 565 illo
1326 529 1447 565 tanto
1468 520 1664 579 periculo

277 593 540 651 baptismum
565 601 691 635 tuum
713 626 723 645 ‚
750 599 793 634 et
814 591 965 635 melior
983 605 1099 634 eram
1119 605 1243 650 puer,
1266 590 1445 650 quando
1466 590 1592 634 illurn
1610 590 1665 634 de

277 670 471 706 materna
494 662 651 720 pietate
674 660 880 719 flagitavi,
899 661 1007 705 sicut
1024 662 1115 721 jam
1133 660 1382 706 recordatus
1405 670 1536 721 atque
1557 675 1667 705 con-

277 732 412 776 fessus
437 747 547 776 sum.
577 732 660 776 Sed
683 732 728 774 in
761 731 950 775 dedecus
973 746 1119 775 meum
1141 747 1360 776 creveram
1375 767 1390 787 ,
1420 741 1463 776 et
1486 730 1666 776 consilia

279 802 504 845 medicinae
518 810 603 845 tuae
624 802 802 844 demens
819 801 1053 845 irridebam
1068 836 1078 856 ‚
1094 802 1170 861 qui
1187 817 1256 845 me
1279 817 1368 845 non
1385 801 1517 846 sivisti
1536 801 1668 845 talem

284 871 345 914 bis
369 871 493 915 mori.
521 874 618 924 Quo
645 870 825 914 vulnere
853 871 887 914 si
909 869 1110 915 feriretur
1141 887 1214 916 cor
1243 871 1389 915 matris
1407 906 1417 926 ‚
1438 885 1668 930 nunquam

281 950 519 984 sanaretur.
540 943 638 985 Non
662 941 776 984 enim
800 941 898 984 satis
920 940 1101 1000 eloquor
1132 941 1239 1001 quid
1261 957 1362 1000 erga
1385 956 1454 984 me
1475 941 1670 985 habebat

279 1011 428 1065 animi,
452 1020 494 1054 et
517 1020 683 1069 quanto
702 1012 863 1071 majore
882 1010 1174 1055 sollicitudine
1195 1027 1264 1054 me
1287 1012 1557 1071 parturiebat
1578 1012 1668 1070 spi·

278 1082 378 1136 ritu,
406 1097 537 1141 quam
559 1097 688 1125 carne
713 1091 956 1139 pepererat.

334 1155 478 1195 XVII.
506 1155 603 1196 Non
634 1152 782 1211 itaque
816 1151 944 1195 video
973 1151 1196 1210 quomodo
1231 1161 1473 1207 sanaretur,
1509 1153 1542 1196 si
1573 1167 1671 1198 mea

282 1222 375 1267 talis
398 1222 469 1265 illa
492 1237 605 1265 mors
628 1222 1012 1265 transverberasset
1036 1221 1195 1265 viscera
1219 1221 1460 1266 dilectionis
1483 1224 1587 1282 ejus.
1614 1226 1671 1267 Et

284 1294 358 1336 ubi
381 1302 521 1335 essent
543 1301 670 1334 tantae
696 1307 842 1350 preces
861 1301 904 1335 et
923 1301 1009 1334 tam
1029 1292 1193 1335 crebrae
1216 1292 1306 1335 sine
1328 1293 1671 1337 intermissione?

280 1366 504 1422 Nusquam
533 1362 612 1405 nisi
640 1361 694 1404 ad
717 1370 774 1404 te.
807 1365 874 1404 An
902 1376 1004 1405 vero
1027 1370 1092 1415 tu,
1124 1364 1236 1404 Deus
1261 1362 1667 1419 misericordiarum,

281 1449 502 1492 sperneres
517 1448 590 1476 cor
612 1432 850 1476 contritum
865 1441 909 1476 et
930 1431 1206 1476 humiliatum
1227 1432 1370 1476 viduae
1388 1443 1516 1478 castae
1538 1449 1586 1478 ac
1603 1450 1671 1479 so-

285 1504 408 1556 briae,
435 1503 750 1562 frequentantis
775 1501 1096 1559 eleemosynas,
1122 1502 1402 1562 obsequentis
1426 1513 1557 1563 atque
1579 1519 1670 1548 ser—

285 1573 438 1617 vientis
473 1574 629 1616 sanctis
663 1572 778 1626 tuis,
812 1571 983 1615 nullum
1007 1572 1121 1615 diem
1152 1574 1520 1632 praetermittentis
1543 1573 1669 1619 obla—

282 1646 442 1687 tionem
469 1644 521 1686 ad
546 1643 678 1686 altare
710 1653 837 1686 tuum
865 1662 872 1687 :
899 1643 963 1686 bis
994 1643 1040 1686 in
1062 1642 1156 1698 die,
1189 1659 1316 1688 mane
1339 1654 1381 1688 et
1403 1660 1579 1704 vespere
1616 1645 1672 1690 ad.

282 1715 505 1759 ecclesiam
523 1722 642 1757 tuam
662 1715 753 1757 sine
775 1713 864 1757 ulla
898 1714 1212 1757 intermissione
1235 1714 1446 1774 venientis
1461 1749 1472 1769 ,
1504 1730 1593 1759 non
1616 1715 1671 1760 ad

281 1801 411 1829 vanas
434 1784 604 1827 fabulas
640 1794 682 1827 et
705 1783 839 1827 aniles
860 1783 1145 1842 loquacitates
1160 1818 1170 1838 ‚
1197 1783 1272 1827 sed
1295 1793 1344 1828 ut
1367 1793 1409 1828 te
1432 1784 1602 1829 audiret
1623 1786 1670 1828 in

284 1856 367 1899 tuis
389 1855 663 1899 sermonibus
679 1890 689 1907 ‚
712 1863 753 1897 et
771 1865 817 1898 tu
837 1854 956 1898 illam
974 1855 1019 1898 in
1033 1855 1119 1898 suis
1142 1854 1442 1898 orationibus?
1457 1856 1671 1915 Hujus-ne

287 1936 332 1969 tu
353 1925 565 1982 lacrymas
578 1959 588 1977 ‚
606 1925 767 1984 quibus
782 1940 871 1967 non
890 1940 913 1968 a
930 1933 972 1967 te
995 1939 1150 1967 aurum
1168 1933 1210 1966 et
1231 1933 1456 1981 argentum
1475 1925 1667 1983 petebat,

285 2012 362 2040 nec
396 1994 575 2054 aliquod
603 1994 799 2038 nutabile
827 2004 902 2037 aut
923 1993 1116 2038 volubile
1145 1994 1309 2037 bonum
1327 2029 1338 2049 ,
1378 1994 1453 2038 sed
1485 1995 1671 2039 salutem

285 2067 438 2109 animae
461 2065 537 2108 filii
561 2066 646 2121 sui3
675 2074 720 2108 tu
753 2066 876 2123 cujus
898 2078 1078 2107 munere
1101 2063 1196 2106 talis
1224 2074 1337 2119 erat,
1370 2073 1671 2111 contemneres

282 2146 324 2180 et
355 2135 582 2194 repelleres
604 2136 656 2177 ab
681 2133 840 2178 auxilio
872 2135 978 2177 tuo?
1003 2136 1305 2193 Nequaquam,
1344 2135 1541 2178 Domine.
1576 2139 1671 2181 Imo

283 2223 383 2250 vero
397 2206 560 2252 aderas,
582 2215 623 2248 et
643 2204 921 2257 exaudiebas,
938 2213 980 2247 et
1003 2205 1189 2247 faciebas
1203 2204 1354 2248 ordine
1369 2221 1456 2265 quo
1477 2206 1669 2264 praedes-

283 2280 490 2321 [inaveras
523 2292 612 2319 esse
636 2274 899 2319 faciendum.
928 2275 1052 2318 Absit
1074 2284 1122 2318 ut
1145 2285 1192 2318 tu
1213 2274 1379 2319 falleres
1401 2292 1496 2319 eam
1520 2277 1565 2320 in
1585 2276 1668 2322 illis

285 2348 517 2391 visionibus
545 2355 587 2390 et
622 2346 834 2404 responsis
858 2346 963 2399 tuis,
989 2362 1087 2405 quae
1117 2349 1206 2406 jam
1236 2348 1600 2402 commemoravi,
1625 2357 1669 2392 et

285 2433 384 2478 quae
403 2432 491 2462 non
513 2416 846 2461 commemoravi
866 2451 876 2470 ‚
902 2432 1000 2476 quae
1022 2415 1095 2459 illa
1119 2415 1236 2459 fideli
1264 2425 1438 2475 pectore
1459 2417 1666 2475 tenebat,

284 2498 326 2532 et
344 2503 512 2546 semper
534 2503 660 2532 orans
683 2496 890 2547 tanquam
912 2487 1198 2545 chirographa
1220 2497 1295 2531 tua
1323 2487 1547 2546 ingerebat
1566 2488 1665 2533 tibi.
