1871 3162
226 270 307 308 198
662 279 695 307 s.
732 278 962 308 Aueusnm
993 279 1174 307 Enscom

223 344 400 404 altoque
429 353 595 388 secreto
627 353 862 388 evocatum
883 353 946 387 est
973 344 1020 388 in
1040 350 1262 387 momento
1286 339 1474 383 liberum
1497 338 1612 382 arbi-

223 415 357 458 trium
394 430 537 457 meum
554 449 564 467 ,
592 430 679 472 quo
705 412 934 456 subderem
966 413 1176 456 cervicem
1196 411 1280 454 leni
1296 411 1402 469 jugo
1434 418 1536 462 tuo,
1569 416 1613 450 et

224 484 428 527 humeros
456 483 542 527 levi
564 483 746 526 sarcinae
769 491 856 525 tuae
874 485 903 525 ¹.
930 482 1100 526 Christe
1122 484 1224 524 Jesu
1244 515 1254 533 ,
1292 478 1463 538 adjutor
1492 492 1613 520 meus

226 563 269 596 et
285 553 534 611 redemptor
560 553 706 595 meus?
737 554 877 604 Quam
907 566 1037 594 suave
1058 551 1164 593 mihi
1193 549 1336 593 subito
1358 546 1522 591 factum
1551 555 1615 590 est

219 638 364 666 carere
388 621 673 665 suavitatibus
691 635 904 678 nugarum
922 620 930 663 l
958 629 1001 664 et
1018 634 1124 679 quas
1146 618 1342 662 amittere
1358 625 1500 659 metus
1518 615 1609 659 sue-

223 701 309 746 rat,
330 694 420 751 jam
436 690 652 734 dimittere
676 692 883 750 gaudium
898 699 1004 734 erat.
1027 689 1238 749 Ejiciebas
1254 688 1370 731 enim
1388 701 1456 729 eas
1477 702 1499 729 a
1523 700 1610 740 me,

221 777 323 805 vera
354 771 403 804 tu
425 769 467 803 et
499 776 669 803 summa
700 761 886 804 suavitas
904 795 915 813 ,
947 760 1144 818 ejiciebas
1167 767 1211 801 et
1230 757 1428 800 intrabas
1450 770 1530 814 pro
1552 755 1614 798 eis

225 830 345 875 omni
379 829 603 889 voluptate
620 829 790 874 dulcior
805 864 816 884 ,
841 829 916 873 sed
937 844 1026 873 non
1046 828 1163 872 carni
1180 836 1222 871 et
1243 825 1442 884 sanguini
1469 843 1478 868 ι
1499 824 1617 868 omni

223 900 323 942 luce
345 898 515 952 clarior,
541 899 616 943 sed
638 900 758 944 omni
786 908 952 944 secreto
975 899 1187 955 interior,
1212 897 1332 941 omni
1350 897 1516 939 honore
1544 910 1617 938 su-

225 967 401 1012 blimior
414 1002 425 1022 ,
453 968 528 1010 sed
551 983 641 1011 non
661 969 922 1011 sublimibus
942 969 989 1010 in
999 984 1058 1010 se.
1085 970 1182 1010 Jam
1195 967 1303 1010 liber
1325 975 1418 1009 erat
1437 965 1617 1008 animus

228 1052 352 1085 meus
389 1052 413 1080 a
446 1036 562 1080 curis
600 1036 882 1080 mordacibus
917 1035 1158 1090 ambiendi,
1191 1045 1234 1079 et
1268 1034 1544 1094 acquirendi,
1569 1043 1612 1078 et

231 1106 461 1151 volutandi
491 1118 622 1166 atque
655 1106 877 1166 scalpendi
898 1107 1084 1150 scabiem
1106 1104 1366 1162 libidinum3
1391 1113 1435 1148 et
1456 1106 1616 1162 garrie-

231 1177 335 1221 bam
370 1176 450 1220 tibi
473 1176 656 1220 claritati
688 1192 824 1233 meae,
858 1185 902 1220 et
917 1176 1077 1220 divitiis
1098 1175 1225 1230 meis,
1246 1184 1288 1218 et
1319 1171 1588 1218 saluti‘meae
1603 1209 1614 1229 ,

236 1247 420 1291 Domino
445 1248 535 1290 Deo
556 1261 668 1289 meo.

235 1437 304 1452 ΜΜ
309 1434 1437 1453 ἋΜΜΛΝἋΜΝΜΛΜΜΜΑΛΜΝΙΜΜΜΜῚΜΝΙΜῶΜΛΝΙΜ
1441 1434 1507 1449 m
1513 1433 1618 1448 ἏΜἏ

756 1588 974 1636 CAPUT
1009 1590 1074 1634 ΙΙ.

226 1754 461 1799 Deserere
497 1751 756 1797 rhetorices
788 1751 1139 1811 professionem
1168 1752 1346 1816 differt
1370 1770 1522 1813 usque
1549 1755 1623 1799 ad

676 1823 990 1879 vindemiales
996 1824 1179 1886 ferias.

294 1997 352 2038 ΙΙ.
387 1996 452 2038 ΕΤ
473 1993 638 2052 placuit
661 1994 766 2037 mihi
797 1994 843 2038 in
865 2003 1102 2053 conspectu
1121 2002 1199 2037 tuo
1231 2009 1321 2037 non
1350 1994 1622 2038 tumultuose

234 2065 431 2123 abripere
446 2099 457 2118 ,
478 2064 555 2108 sed
576 2063 731 2108 leniter
747 2064 1003 2108 subtrahere
1025 2064 1309 2107 ministerium
1326 2063 1487 2121 linguae
1514 2078 1624 2108 meae

235 2134 443 2179 nundinis
469 2134 767 2193 loquacitatis,
801 2148 856 2176 ne
880 2133 1058 2176 ulterius
1091 2133 1214 2192 pueri
1240 2132 1499 2176 meditantes
1531 2149 1620 2177 non

235 2206 375 2263 legem
399 2213 539 2258 tuam,
565 2219 654 2248 non
671 2219 823 2263 pacem
841 2213 962 2248 tuam
979 2239 990 2259 ,
1006 2203 1082 2248 sed
1104 2204 1290 2248 insanias
1320 2203 1550 2248 mendaces
1581 2213 1624 2248 et

236 2274 349 2319 bella
381 2272 588 2329 forensia,
612 2283 908 2318 mercarentur
934 2289 985 2317 ex
1006 2289 1080 2318 ore
1102 2289 1199 2317 meo
1222 2289 1340 2317 arma
1362 2273 1502 2318 furori
1523 2289 1619 2318 suo.

237 2347 294 2388 Et
312 2354 558 2403 opportune
582 2345 673 2404 jam
703 2345 948 2403 paucissimi
977 2345 1066 2388 dies
1093 2354 1348 2403 supererant
1370 2347 1426 2389 ad
1462 2345 1620 2390 vinde-

234 2413 381 2457 miales
397 2413 523 2458 ferias
538 2449 549 2469 ,
585 2424 628 2458 et
640 2415 769 2458 statui
793 2414 975 2459 tolerare
999 2414 1096 2459 illos
1117 2424 1167 2459 ut
1195 2414 1446 2459 solemniter
1471 2415 1624 2459 absce—

242 2485 406 2538 derem,
431 2495 473 2529 et
489 2486 776 2545 redemptusa
797 2495 839 2530 te
855 2487 944 2545 jam
965 2501 1054 2530 non
1071 2484 1253 2529 redirem
1273 2486 1449 2530 venalis.
1475 2486 1628 2531 Consi-

293 2587 301 2601 ¹
323 2580 441 2611 Manli.
465 2591 508 2619 xi,
525 2581 574 2611 30.
