1871 3162
269 205 321 244 17
325 205 351 244 4
702 215 734 242 s.
772 216 1001 244 ausus-nm
1033 216 1215 243 Emscom

265 298 316 327 ex
347 282 484 327 cedris
521 281 678 325 Libani
710 296 816 340 quas
854 281 1051 325 nondum
1089 282 1352 325 contriverat
1389 280 1598 324 Dominus
1613 282 1644 336 ¹,

265 352 450 410 graviter
462 352 650 395 ruituras
666 351 709 394 in
728 366 771 394 se
788 351 1031 395 inimicitias
1049 352 1354 395 arbitrabatur.
1380 351 1462 395 Sed
1484 359 1648 408 postea-

263 437 394 481 quam
405 420 591 479 legendo
604 419 865 464 etinhiando
881 421 1023 464 hausit
1040 421 1305 475 firmitatem,
1327 421 1561 479 timuitque
1577 435 1649 464 ne-

264 492 379 550 garia
394 490 567 535 Christo
585 504 730 534 coram
751 488 937 547 Angelis
954 490 1127 544 sanctis,
1147 491 1180 533 si
1198 506 1297 534 eum
1315 491 1487 534 timeret
1503 504 1648 534 coram

263 560 514 605 hominibus
523 559 760 614 confiteri2‚
773 574 959 618 reusque
979 559 1061 602 sibi
1082 561 1226 617 magni
1244 559 1434 603 criminis
1451 559 1650 618 apparuit

264 629 558 674 erubescendo
575 629 631 673 de
657 630 934 674 sacramentis
956 629 1214 673 humilitatis
1235 630 1370 673 Verbi
1395 630 1472 685 tui,
1498 640 1541 673 et
1561 645 1652 674 non

263 699 558 745 erubescendo
570 701 625 744 de
637 700 993 760 sacris-sacrilegis
1008 701 1296 759 superborum
1309 700 1647 755 daemoniorum,

263 787 362 830 quae
396 770 588 814 imitator
618 771 831 829 superbus
864 780 1109 828 acceperat3
1144 770 1359 829 depuduit
1394 770 1576 816 vanitati
1608 778 1652 814 et

262 840 439 884 erubuit
457 840 646 894 veritati,
672 840 907 899 subitoque
929 849 972 883 et
994 840 1245 898 inopinatus
1268 841 1328 884 ait
1352 840 1648 898 Simpliciano,

263 919 314 954 ut
333 911 425 968 ipse
447 910 678 954 narrabat:
704 928 725 950 (ι
753 912 914 953 Eamus
931 909 976 952 in
998 908 1240 965 ecclesiam,
1259 909 1530 954 Christianus
1551 908 1652 954 volo

267 997 287 1020 »
312 980 420 1023 fieri.
439 998 459 1020 η
480 982 537 1023 At
570 978 643 1022 ille
665 993 756 1022 non
786 993 831 1022 se
858 979 1032 1037 capiens
1054 978 1221 1032 laetitia,
1247 979 1436 1038 perrexit
1458 995 1557 1023 cum
1580 994 1649 1024 eo.

203 1061 210 1082 ἑ
264 1049 349 1093 Ubi
365 1057 513 1092 autem
535 1048 731 1092 imbutus
748 1056 812 1091 est
833 1048 980 1106 primis
997 1048 1332 1091 instructionum
1355 1049 1649 1105 sacramentis,

262 1133 353 1162 non
386 1117 525 1162 multo
558 1127 655 1176 post
687 1117 818 1160 etiam
853 1132 1015 1161 nomen
1041 1116 1180 1172 dedit,
1205 1126 1255 1161 ut
1286 1133 1363 1176 per
1387 1118 1652 1177 baptismum

262 1196 603 1246 regeneraretur,
624 1187 809 1230 mirante
826 1189 982 1240 Roma,
1003 1185 1222 1245 gaudente
1241 1186 1447 1232 Ecclesia.
1466 1188 1652 1247 Superbi

261 1258 485 1312 videbant,
510 1267 554 1302 et
574 1257 895 1314 irascebantur3
920 1257 1127 1301 dentibus
1148 1258 1235 1301 suis
1254 1258 1495 1302 stridebant
1517 1268 1560 1302 et
1581 1267 1650 1302 ta-

261 1328 550 1371 bescebant32
579 1341 702 1370 servo
737 1336 883 1370 autem
921 1335 998 1370 tuo
1035 1327 1246 1371 Dominus
1282 1331 1396 1372 Deus
1429 1337 1521 1371 erat
1556 1343 1651 1387 spes

261 1399 368 1458 ejus,
393 1406 437 1442 et
465 1413 552 1442 non
585 1396 841 1456 respiciebat
873 1397 917 1440 in
949 1397 1161 1441 vanitates
1183 1408 1227 1442 et
1249 1398 1294 1441 in
1315 1398 1502 1442 insanias
1523 1414 1650 1443 men-

261 1468 429 1512 daces⁴.

319 1540 372 1580 V.
409 1537 605 1596 Denique
631 1545 681 1580 ut
709 1544 889 1579 ventum
907 1544 971 1579 est
989 1535 1044 1579 ad
1072 1536 1224 1580 horam
1247 1536 1505 1595 profitendae
1528 1537 1646 1593 fidei,

259 1622 359 1666 quae
390 1606 532 1649 verbis
569 1605 694 1648 certis
726 1605 963 1663 conceptis,
998 1606 1264 1664 retentisque
1294 1607 1558 1661 memoriter,
1583 1607 1650 1652 de

258 1677 355 1721 loco
377 1676 661 1720 eminentiore
686 1675 732 1718 in
760 1684 995 1733 conspectu
1020 1675 1170 1735 populi
1193 1676 1333 1720 fidelis
1355 1680 1506 1721 Romae
1524 1668 1650 1722 reddi

258 1747 367 1791 solet
384 1747 438 1790 ab
457 1746 532 1800 eis,
557 1745 632 1804 qui
650 1746 862 1790 accessuri
878 1755 980 1789 sunt
1002 1745 1057 1789 ad
1082 1746 1261 1804 gratiam
1287 1756 1423 1801 tuam,
1447 1747 1648 1793 oblatum

258 1833 346 1861 esse
364 1816 538 1860 dicebat
565 1816 783 1860 Victorino
799 1832 821 1859 a
838 1815 1117 1874 presbyteris,
1138 1826 1187 1860 ut
1205 1817 1408 1861 secretius
1426 1817 1643 1874 redderet,

257 1887 369 1931 sicut
403 1884 626 1930 nonnullis
662 1886 739 1945 qui
772 1886 1034 1931 verecundia
1071 1886 1327 1945 trepidaturi
1364 1887 1643 1944 videbantur,

259 1957 406 2001 offerri
439 1971 531 2000 mos
563 1966 678 2013 erat3
704 1955 828 1999 illum
858 1964 1004 1999 autem
1027 1956 1226 1999 maluisse
1247 1955 1430 2000 salutem
1456 1972 1578 2001 suam
1599 1959 1646 2002 in

257 2035 494 2085 conspectu
525 2034 684 2069 sanctae
714 2023 1006 2068 multitudinis
1036 2025 1242 2083 profiteri.
1279 2028 1376 2069 Non
1409 2027 1524 2069 enim
1554 2037 1647 2072 erat

257 2096 369 2140 salus
401 2111 532 2156 quam
567 2096 751 2140 docebat
781 2096 827 2138 in
859 2095 1091 2150 rhetorica,
1117 2105 1158 2139 et
1183 2105 1329 2139 tamen
1352 2111 1444 2139 eam
1469 2097 1644 2155 publice

257 2166 472 2227 professus
490 2176 595 2210 erat.
622 2169 796 2219 Quanto
819 2165 962 2209 minus
984 2181 1087 2225 ergo
1107 2166 1244 2209 vereri
1267 2167 1420 2210 debuit
1442 2183 1644 2212 mansue-

257 2246 350 2281 tum
385 2251 555 2296 gregem
592 2246 715 2279 tuum
751 2236 1037 2294 pronuntians
1071 2236 1254 2279 verbum
1281 2245 1424 2291 tuum,
1452 2238 1643 2296 quinon

257 2308 487 2351 verebatur
518 2307 564 2350 in
593 2307 736 2350 verbis
774 2307 860 2350 suis
896 2307 1045 2350 turbas
1073 2308 1351 2351 insanorum?
1380 2311 1533 2368 Itaque
1563 2310 1642 2354 ubi

257 2376 448 2422 ascendit
468 2386 518 2421 ut
539 2376 758 2431 redderet,
791 2391 940 2420 omnes
968 2376 1141 2421 sibimet
1161 2376 1361 2432 invicem,
1387 2379 1570 2438 quisque
1592 2388 1643 2424 ut

256 2463 357 2492 eum
379 2457 575 2504 noverat,
599 2448 926 2507 instrepuerunt
946 2462 1110 2493 nomen
1126 2449 1219 2508 ejus
1240 2448 1424 2507 strepitu
1446 2448 1642 2508 gratula-

302 2538 314 2554 1
330 2531 411 2564 Psal.
431 2541 542 2574 xxvzu,
560 2530 593 2565 5.
613 2548 654 2555 -
673 2538 687 2555 ²
706 2531 828 2565 Matth.
843 2541 877 2574 x,
896 2531 1003 2565 33.—
1023 2529 1037 2555 3
1054 2531 1136 2567 Psal.
1156 2541 1220 2572 uxi,
1241 2542 1291 2573 ro,
1312 2547 1354 2556 —·
1371 2531 1448 2566 41ἀ.
1467 2543 1577 2576 xxxix,
1596 2532 1629 2566 5.
