1871 3162
284 180 341 217 66
658 181 663 188 ’
724 188 757 217 s.
795 188 1024 216 Auens-nm
1056 190 1235 216 EHSCOP}

276 264 416 310 catur,
452 255 655 315 conjugio
683 255 899 312 cognitam
917 289 928 309 ‚
953 253 1030 298 sed
1063 268 1196 313 quam
1226 252 1508 311 indagaverat
1531 265 1666 309 vagus

277 326 404 370 ardor
424 325 550 384 inops
576 324 823 384 prudentiae
844 343 853 369 ε
874 324 949 368 sed
970 338 1104 368 unam
1125 332 1272 367 tamen
1288 357 1300 378 ,
1324 323 1363 366 ei
1385 336 1561 382 quoque
1583 335 1668 365 ser-

274 411 378 441 vans
402 395 517 440 thori
539 395 675 439 fidem
699 414 707 439 :
733 395 781 439 in
809 410 897 455 qua
925 409 1027 438 sane
1057 394 1272 452 experirer
1309 392 1507 451 exemplo
1538 407 1664 447 meo,

273 466 382 526 quid
397 466 575 510 distaret
597 465 710 509 inter
731 463 969 524 conjugalis
997 462 1146 523 placiti
1174 462 1354 507 modum
1378 461 1498 522 quod
1521 462 1667 505 foede-

277 545 421 580 ratum
441 544 549 580 esset
571 534 804 594 generandi
822 535 974 593 gratia,
995 543 1039 578 et
1054 542 1232 593 pactum
1254 532 1472 576 libidinosi
1493 531 1665 586 amoris,

274 607 352 651 ubi
368 605 510 666 proles
526 606 657 650 etiam
672 614 824 651 contra
839 615 992 651 votum
1007 604 1214 659 nascitur,
1236 603 1434 664 quamvis
1447 604 1538 662 jam
1563 610 1664 646 nata

283 685 410 735 cogat
435 691 480 720 se
501 675 635 734 diligi.
1473 675 1476 677 ’

334 749 414 790 ΙΙΙ.
440 747 603 791 Recolo
619 746 750 791 etiam
764 761 867 790 cum
883 745 991 790 mihi
1008 744 1210 790 theatrici
1227 743 1429 788 carminis
1446 751 1667 787 certamen

278 818 386 861 inire
409 817 637 876 placuisset
652 852 663 872 ‚
683 817 908 862 mandasse
931 817 1038 861 mihi
1059 816 1205 861 nescio
1224 830 1355 876 quem
1377 814 1667 873 haruspicem,

279 887 388 946 quid
403 886 443 930 ei
459 885 564 931 dare
580 885 791 931 mercedis
804 885 962 931 vellem
977 895 1028 930 ut
1038 887 1255 931 vincerem
1279 904 1290 931 ε
1307 900 1376 929 me
1390 894 1536 929 autem
1552 883 1671 928 foeda

277 955 353 1000 illa
383 964 653 1000 sacramenta
685 955 952 1000 detestatum
975 963 1019 1000 et
1040 954 1343 998 abominatum
1366 952 1640 1013 respondisse
1657 986 1669 1007 ,

280 1042 362 1071 nec
383 1027 418 1072 si
439 1041 600 1072 corona
622 1025 697 1070 illa
719 1035 830 1071 esset
851 1025 1157 1071 immortaliter
1178 1040 1309 1068 aurea
1329 1059 1340 1080 ‚
1375 1039 1570 1068 muscam
1593 1037 1672 1083 pro

281 1097 461 1142 victoria
482 1112 577 1140 mea
594 1097 738 1141 necari
760 1112 830 1140 me
851 1097 1006 1141 sinere.
1027 1099 1267 1141 Necaturus
1289 1096 1405 1140 enim
1423 1105 1514 1140 erat
1536 1094 1609 1139 ille
1626 1095 1674 1138 in

286 1167 500 1212 sacrificiis
531 1167 618 1211 suis
656 1167 892 1211 animantia
911 1202 923 1223 ‚
948 1175 992 1211 et
1023 1166 1106 1210 illis
1132 1167 1373 1211 honoribus
1406 1166 1671 1210 invitaturus

282 1238 388 1282 mihi
405 1237 695 1296 suffragatura
728 1236 944 1282 daemonia
976 1237 1225 1281 videbatur.
1261 1235 1345 1281 Sed
1374 1237 1458 1280 hoc
1494 1251 1672 1295 quoque

283 1307 449 1352 malum
485 1323 575 1352 non
596 1322 648 1351 ex
668 1316 742 1351 tua
771 1308 964 1351 castitate
987 1306 1236 1366 repudiavi,
1254 1309 1369 1350 Deus
1391 1305 1531 1350 cordis
1567 1305 1668 1349 mei.

281 1380 380 1423 Non
402 1377 519 1421 enim
541 1392 683 1421 amare
711 1386 754 1420 te
779 1392 1007 1431 noveram,
1031 1376 1110 1435 qui
1127 1377 1207 1419 nisi
1227 1376 1421 1434 fulgores
1442 1390 1673 1434 corporeos

283 1449 474 1506 cogitare
495 1463 584 1491 non
606 1462 829 1491 noveram.
868 1446 1045 1490 Talibus
1067 1446 1183 1490 enim
1204 1446 1423 1504 figmentis
1457 1446 1673 1504 suspirans

286 1518 428 1563 anima
442 1553 453 1573 ,
478 1533 624 1561 nonne
642 1517 883 1561 fornicatur
902 1517 976 1560 abs
998 1525 1056 1571 te,
1081 1526 1123 1560 et
1145 1515 1240 1560 fidit
1256 1517 1300 1559 in
1317 1515 1448 1569 falsis,
1474 1526 1517 1559 et
1538 1517 1672 1575 pascit

281 1590 467 1634 ventos?
493 1589 577 1632 Sed
597 1586 802 1632 videlicet
829 1587 1059 1632 sacrificari
1084 1603 1162 1646 pro
1185 1602 1253 1630 me
1276 1586 1439 1630 nollem
1457 1587 1672 1631 daemoni-

286 1660 368 1704 bus
388 1694 399 1714 ,
424 1658 584 1718 quibus
605 1673 675 1701 me
696 1656 770 1701 illa
793 1657 1097 1717 superstitione
1113 1657 1202 1716 ipse
1219 1656 1528 1700 sacrificabam.
1555 1656 1673 1709 Quid

285 1739 349 1774 est
365 1729 481 1773 enim
495 1728 614 1772 aliud
634 1737 816 1772 «ventos
834 1743 1007 1787 pascere
1024 1729 1083 1782 ¹,»
1100 1743 1231 1787 quam
1250 1727 1362 1786 ipsos
1380 1742 1570 1787 pascere,
1587 1727 1670 1772 hoc

287 1810 351 1846 est
372 1799 560 1845 errando
580 1800 640 1844 eis
659 1814 748 1843 esse
767 1799 982 1859 voluptati
1003 1807 1135 1860 atque
1157 1798 1345 1843 derisui?
1398 1807 1403 1810 ⁴

337 1929 347 1947 ¹
364 1921 450 1956 osee
467 1931 527 1964 xn,
546 1931 578 1954 1.
