1871 3162
310 181 365 219 60
741 192 774 222 s.
810 192 1039 222 Avensa-mi
1073 196 1252 223 Emscom

308 387 1681 406 QMMMMMMMMMMMM2WWM2M2WUWW2,Wmmmmm

821 531 1034 579 CAPUT
1070 534 1162 578 XI.

512 695 749 742 Planctus
771 707 816 742 et
836 699 1070 743 somnium
1091 699 1260 742 matris
1285 696 1344 742 de
1349 696 1478 759 filio.

364 867 486 909 XIX.
521 869 585 910 ΕΤ
599 867 750 911 misisti
767 883 947 912 manum
969 878 1088 913 tuam
1120 884 1171 912 ex
1194 867 1281 912 alto
1298 903 1308 922 ‚
1336 877 1380 911 et
1406 867 1461 911 de
1487 869 1569 911 hac
1586 882 1691 926 pro·
1750 910 1753 911 ⁷

304 935 442 979 funda
464 934 645 993 ealigine
663 937 811 980 eruisti
834 938 1021 981 animam
1045 954 1185 981 meam
1203 942 1232 992 ¹,
1258 954 1358 982 eum
1381 954 1460 997 pro
1478 953 1546 981 me
1568 938 1692 981 fleret

306 1004 360 1048 ad
382 1014 424 1048 te
445 1015 583 1049 mater
613 1022 707 1050 mea
738 1006 879 1050 fidelis
903 1016 1000 1060 tua,
1029 1007 1214 1066 amplius
1241 1023 1373 1067 quam
1404 1008 1514 1051 ssent
1534 1017 1692 1051 matres

306 1091 512 1134 corporea
532 1076 702 1121 funera.
729 1077 917 1121 Videbat
939 1078 1053 1121 enim
1076 1077 1149 1122 illa
1172 1088 1355 1122 mortem
1372 1093 1512 1121 meam
1535 1069 1585 1122 ei}
1606 1077 1692 1121 fide

306 1157 348 1191 et
366 1148 533 1206 spirim,
555 1163 687 1207 quem
698 1148 889 1192 habebat
912 1164 963 1192 ex
984 1158 1049 1203 te,
1066 1158 1110 1192 et
1128 1150 1341 1193 exaudisti
1360 1165 1470 1203 eam,
1490 1149 1687 1194 Domine.

307 1216 530 1261 Exaudisti
558 1233 678 1272 eam,
707 1233 787 1262 nee
810 1217 1039 1278 despexisti
1059 1218 1272 1276 lacrymas
1307 1221 1421 1279 ejus⁷
1454 1234 1554 1263 cum
1586 1234 1690 1278 pro-

306 1288 491 1332 fluentes
513 1289 703 1347 rigarent
726 1298 883 1333 terram
899 1290 979 1333 sub
1001 1289 1137 1334 oeulis
1157 1291 1247 1350 ejus
1262 1325 1272 1345 ‚
1289 1291 1335 1333 in
1349 1291 1466 1334 omni
1481 1289 1577 1334 loco
1594 1305 1692 1334 ora-

306 1358 434 1402 tionis
456 1359 571 1418 ejus3
597 1359 807 1404 exaudisti
820 1375 929 1404 eam.
948 1363 1055 1405 Nam
1075 1360 1192 1404 unde
1209 1359 1319 1404 illud
1334 1361 1551 1405 somnium
1567 1395 1578 1415 ‚
1603 1376 1692 1420 quo

307 1444 402 1473 eam
431 1429 677 1473 consolatus
703 1445 768 1485 es,
797 1440 848 1474 ut
869 1431 1014 1475 vivere
1043 1446 1113 1474 me
1139 1431 1399 1476 concederet
1415 1466 1426 1486 ‚
1460 1441 1504 1476 et
1531 1432 1692 1476 habere

306 1513 453 1543 secum
483 1498 681 1542 eamdem
707 1515 900 1544 mensam
926 1501 972 1543 in
1004 1499 1162 1555 domo,
1201 1500 1322 1560 quod
1356 1500 1473 1546 nolle
1500 1511 1694 1561 coeperat

306 1583 502 1613 aversans
516 1578 559 1612 et
575 1569 793 1613 detestans
816 1569 1103 1628 blasphemias
1127 1571 1281 1614 erroris
1304 1571 1414 1614 mei?
1439 1570 1558 1614 Vidit
1576 1572 1693 1615 enim

306 1647 490 1682 stantem
522 1653 566 1682 se
592 1639 636 1681 in
664 1639 854 1698 quadam
882 1639 1032 1698 regula
1052 1639 1218 1698 lignea,
1245 1649 1288 1684 et
1310 1640 1614 1685 advenientem
1638 1643 1693 1685 ad

306 1723 350 1752 se
367 1709 573 1767 juvenem
595 1707 900 1767 splendidum,
926 1708 1106 1752 hilarem
1127 1718 1257 1769 atque
1286 1710 1549 1755 arridentem
1579 1711 1660 1755 sibi
1677 1746 1688 1766 ‚

307 1793 405 1821 cum
423 1777 495 1820 illa
512 1787 621 1821 esset
639 1793 827 1821 moerens
851 1788 891 1822 et
916 1794 1101 1822 moerore
1129 1762 1452 1840 confecta?qui
1469 1797 1567 1824 eum
1588 1797 1693 1825 cau-

307 1864 372 1892 sas
390 1849 612 1908 quaesisset
634 1850 689 1891 ab
713 1864 761 1892 ea
784 1850 1001 1892 moestitias
1035 1865 1124 1892 suae
1157 1851 1601 1911 quotidianarumque
1631 1852 1693 1896 la-

308 1934 552 1977 crymarum
566 1953 577 1972 ‚
603 1918 791 1962 docendi
808 1929 856 1962 ut
872 1919 1042 1974 assolet,
1059 1936 1148 1963 non
1167 1920 1357 1964 discendi
1374 1923 1508 1980 gratia
1525 1957 1536 1973 ,
1562 1931 1693 1982 atque

307 1990 380 2033 illa
403 1989 691 2048 respondisset
713 1990 1002 2048 perditionem
1029 2006 1170 2035 meam
1198 2006 1242 2034 se
1263 1991 1468 2050 plangere
1488 2013 1499 2049 3
1519 1994 1691 2052 jussisse

308 2060 429 2104 illum
447 2096 457 2115 ‚
483 2077 572 2120 quo
587 2076 735 2105 secura
760 2070 870 2105 esset
887 2097 896 2115 ‚
929 2071 1060 2121 atque
1087 2063 1361 2106 admonuisse
1377 2073 1426 2106 ut
1449 2063 1692 2109 attenderet

309 2141 351 2176 et
383 2132 573 2186 videret,
612 2133 689 2175 ubi
719 2141 827 2176 esset
846 2132 917 2176 illa
938 2168 948 2187 ‚
986 2134 1046 2176 ibi
1069 2149 1159 2177 esse
1188 2143 1231 2177 et
1255 2150 1338 2177 me.
1367 2134 1496 2187 Quod
1517 2135 1590 2179 iila
1614 2137 1689 2179 ubi

309 2203 516 2257 attendit7
538 2202 647 2246 vidit
669 2218 738 2246 me
753 2205 878 2262 juxta
892 2204 991 2247 sein
1014 2204 1164 2247 eadem
1183 2205 1330 2263 regula
1346 2214 1545 2249 stantem.
1567 2207 1692 2250 Unde

308 2274 391 2316 hoe
414 2273 493 2315 nisi
510 2273 612 2331 quia
635 2282 757 2316 erant
779 2288 901 2317 aures
919 2283 1005 2316 tuae
1028 2274 1082 2317 ad
1099 2290 1173 2318 eor
1187 2275 1276 2334 ejus
1291 2276 1356 2318 ΡΟ
1379 2284 1442 2329 tu,
1461 2277 1574 2319 bone
1593 2292 1690 2320 om-

309 2344 508 2401 nipotens
525 2377 535 2396 ,
568 2343 643 2402 qui
661 2343 719 2387 sic
737 2358 860 2387 curas
882 2359 1243 2404 unumquemque
1265 2354 1460 2389 nostrum
1481 2356 1689 2406 tanquam

309 2412 449 2458 solum
467 2429 590 2457 cures
605 2448 616 2469 7
640 2423 684 2459 et
704 2415 763 2459 sic
780 2430 928 2459 omnes
952 2425 1157 2475 tanquam
1180 2415 1385 2474 singulos.

360 2528 369 2544 ¹
390 2520 470 2553 Psal.
491 2532 604 2563 cxuu,
625 2533 655 2563 7.
