1871 3162
488 235 541 263 DE
570 231 895 265 enacmzmms
926 235 1119 265 Romans.
1395 224 1477 265 523

122 394 1484 414 mmmmmmmmmwwwwwwmmmww

591 538 804 588 CAPUT
839 540 974 587 XIX.

115 692 180 737 In
208 690 433 737 Ecclesia
463 689 580 736 boni
605 701 651 738 et
669 691 792 737 mali
826 694 874 737 in
903 692 1002 751 fine
1024 690 1303 751 separandi.
1325 716 1380 726 -—-
1406 691 1488 736 01:-

170 761 344 806 vitates
359 759 467 806 ἄασε
493 759 558 806 ab
602 762 735 806 initio
768 762 956 822 generis
984 759 1198 806 humani.
1235 786 1284 795 -—
1308 759 1491 806 Diluvii

172 841 232 880 et.
252 848 380 878 arcoe
411 841 783 877 sacramentum.
827 857 885 867 --
920 831 998 877 De
1038 831 1327 878 Abrahamo
1361 841 1408 877 ec
1428 830 1489 875 de

169 901 444 948 Israelitz'co
463 901 658 962 populo.
682 929 737 937 —
761 902 953 948 Horum
971 901 1103 948 dicta
1131 912 1178 948 et
1182 903 1353 964 facta,
1375 917 1490 962 pro-

166 971 336 1031 phetia
348 972 474 1035 fuit.

111 1159 115 1165 v
169 1130 334 1174 XXXI.
349 1131 500 1185 NEQUE
513 1129 598 1175 hoc
609 1144 687 1174 nos
701 1144 874 1175 movere
886 1130 1038 1187 debet3
1054 1130 1155 1190 quia
1171 1129 1296 1174 multi
1313 1129 1488 1175 diabolo

111 1200 401 1255 consentiunt,
419 1209 463 1244 et
472 1200 599 1259 pauci
617 1202 753 1244 Deum
766 1208 1008 1260 sequuntur
1027 1219 1034 1245 :
1053 1201 1154 1259 quia
1162 1209 1204 1244 et
1217 1200 1485 1245 frumentum

111 1269 157 1312 in
174 1269 497 1328 comparatione
515 1269 736 1328 palearum
759 1269 886 1314 valde
906 1270 1154 1329 pauciorem
1177 1270 1310 1314 habet
1331 1285 1489 1313 nume-

111 1352 223 1382 rum.
247 1339 329 1383 Sed
350 1339 462 1384 sicut
480 1338 665 1398 agricola
682 1340 804 1385 novit
820 1340 927 1400 quid
942 1339 1069 1385 faciat
1085 1339 1140 1384 de
1157 1340 1323 1399 ingenti
1337 1354 1489 1384 acervo

109 1408 245 1467 paleae
260 1443 271 1463 ‚
294 1409 354 1452 sic
376 1409 484 1452 nihil
505 1418 568 1453 est
588 1413 678 1454 Deo
696 1409 933 1454 multitudo
953 1419 1244 1469 peccatorum,
1270 1410 1346 1470 qui
1369 1410 1491 1454 novit

109 1478 216 1537 quid
227 1477 281 1521 de
291 1477 374 1521 illis
393 1487 513 1536 agat,
532 1488 582 1522 ut
597 1479 909 1523 administratio
926 1480 1045 1536 regni
1059 1480 1149 1539 ejus
1167 1495 1216 1522 ex
1229 1478 1349 1523 nulla
1367 1488 1489 1538 parte

109 1548 311 1591 turbetur
333 1557 463 1607 atque
497 1557 712 1607 turpetur.
737 1551 826 1593 Nec
856 1548 954 1592 ideo
988 1548 1210 1608 putandus
1244 1559 1307 1594 est
1338 1550 1490 1594 vicisse

109 1616 330 1672 diabolus,
356 1617 458 1676 quia
478 1631 624 1661 secum
649 1617 814 1676 plures,
846 1633 947 1661 cum
978 1618 1140 1676 quibus
1166 1633 1189 1661 a
1218 1619 1365 1677 paucis
1394 1620 1491 1664 vin-

110 1695 294 1740 ceretur,
319 1686 506 1730 attraxit.
532 1688 639 1729 Duae
657 1686 807 1744 itaque
840 1686 1033 1730 civitates
1051 1721 1062 1742 ‚
1087 1702 1175 1731 una
1211 1687 1485 1747 iniquorum,

111 1755 242 1800 altera
266 1765 513 1800 sanctorum
534 1790 544 1810 ,
571 1755 624 1798 ab
657 1754 782 1798 initio
808 1755 973 1813 generis
1005 1755 1184 1799 humani
1207 1771 1345 1815 usque
1371 1758 1418 1801 in
1436 1759 1489 1802 fi-

110 1841 211 1870 nem
232 1826 376 1870 saeculi
390 1825 712 1885 perducuntur,
734 1839 852 1868 nunc
873 1825 1096 1884 permixtae
1113 1826 1389 1885 corporibus,
1414 1826 1489 1872 sed

109 1895 408 1941 voluntatibus
431 1904 659 1954 separatae,
691 1895 736 1937 in
757 1894 827 1937 die
850 1909 952 1938 vero
981 1895 1133 1953 judicii
1155 1896 1282 1939 etiam
1309 1912 1488 1956 corpore

110 1966 373 2024 separandae.
410 1966 570 2008 Omnes
591 1964 706 2007 enim
736 1963 932 2007 homines
955 1974 1146 2008 amantes
1176 1966 1424 2023 superbiam
1444 1975 1487 2010 et

110 2033 392 2094 temporalem
412 2034 754 2079 dominationem
775 2049 875 2078 cum
893 2048 1004 2078 vano
1025 2035 1164 2093 typho
1182 2044 1224 2079 et
1240 2050 1399 2095 pompa
1419 2052 1488 2080 ar-

110 2105 319 2163 rogantiae
330 2140 340 2159 ‚
358 2118 596 2164 omnesque
612 2104 785 2162 spiritus
803 2103 879 2162 qui
896 2103 997 2147 talia
1014 2103 1224 2162 diligunt,
1249 2115 1291 2149 et
1308 2107 1484 2164 gloriam

110 2187 232 2218 suam
253 2174 524 2233 subjectione
538 2173 764 2217 hominum
782 2182 1008 2232 quaerunt3
1032 2173 1158 2217 simul
1179 2189 1267 2219 una
1283 2176 1485 2220 societate

111 2242 300 2287 devincti
321 2250 449 2301 sunt3
485 2243 560 2286 sed
588 2251 630 2286 et
652 2243 684 2285 si
710 2256 823 2301 saepe
845 2242 1072 2286 adversum
1091 2258 1138 2287 se
1163 2258 1241 2302 pro
1269 2245 1335 2288 his
1357 2245 1485 2290 rebus

111 2312 335 2367 dimicant,
351 2314 443 2371 pari
460 2322 606 2357 tamen
622 2311 815 2371 pondere
831 2312 1109 2373 cupiditatis
1097 2329 1144 2357 1n
1164 2315 1360 2359 eamdem
1381 2330 1484 2375 pro-

111 2380 374 2428 funditatem
400 2383 753 2444 praecipitantur,
763 2391 820 2427 et
849 2381 929 2426 sibi
957 2396 1126 2427 morum
1156 2393 1198 2428 et
1230 2386 1482 2430 meritorum

111 2453 393 2499 similitudine
424 2455 765 2514 conjunguntur.
789 2455 847 2498 Et
865 2467 1013 2498 rursus
1041 2468 1189 2500 omnes
1211 2455 1409 2501 homines
1438 2466 1481 2501 et

112 2539 261 2571 omnes
293 2525 464 2584 spiritus
499 2523 719 2570 humiliter
762 2524 838 2569 Dei
866 2523 1044 2583 gloriam
1086 2535 1327 2585 quaerentes
1341 2562 1353 2584 ,
1389 2542 1478 2574 non
