<?xml version="1.0" encoding="UTF-8"?>
<!DOCTYPE html PUBLIC "-//W3C//DTD XHTML 1.0 Transitional//EN"
    "http://www.w3.org/TR/xhtml1/DTD/xhtml1-transitional.dtd">
<html xmlns="http://www.w3.org/1999/xhtml" xml:lang="en" lang="en">
 <head>
  <title>
</title>
<meta http-equiv="Content-Type" content="text/html;charset=utf-8" />
  <meta name='ocr-system' content='tesseract 3.04.00' />
  <meta name='ocr-capabilities' content='ocr_page ocr_carea ocr_par ocr_line ocrx_word'/>
</head>
<body>
  <div class='ocr_page' id='page_1' title='image "./operaomniaaccura25auguuoft_0421.png"; bbox 0 0 1871 3162; ppageno 0'>
   <div class='ocr_carea' id='block_1_1' title="bbox 586 197 1549 244">
    <p class='ocr_par' dir='ltr' id='par_1_1' title="bbox 586 197 1549 244">
     <span class='ocr_line' id='line_1_1' title="bbox 586 197 1549 244; baseline 0.004 -11"><span class='ocrx_word' id='word_1_1' title='bbox 586 205 932 244; x_wconf 70' lang='lat' dir='ltr'>conrzssmntnu,</span> <span class='ocrx_word' id='word_1_2' title='bbox 966 207 1047 235; x_wconf 71' lang='grc' dir='ltr'>ΠΒ.</span> <span class='ocrx_word' id='word_1_3' title='bbox 1083 208 1180 237; x_wconf 84' lang='lat' dir='ltr'>xm.</span> <span class='ocrx_word' id='word_1_4' title='bbox 1464 197 1549 239; x_wconf 79' lang='lat'>407</span> 
     </span>
    </p>
   </div>
   <div class='ocr_carea' id='block_1_2' title="bbox 1077 397 1551 418">
    <p class='ocr_par' dir='ltr' id='par_1_2' title="bbox 1077 397 1551 418">
     <span class='ocr_line' id='line_1_2' title="bbox 1077 397 1551 418; baseline 0.011 -5"><span class='ocrx_word' id='word_1_5' title='bbox 1077 397 1520 417; x_wconf 60' lang='lat' dir='ltr'>mmmmm</span> <span class='ocrx_word' id='word_1_6' title='bbox 1531 399 1551 418; x_wconf 55' lang='grc' dir='ltr'><strong><em>Β</em></strong></span> 
     </span>
    </p>
   </div>
   <div class='ocr_carea' id='block_1_3' title="bbox 290 397 1077 415">
    <p class='ocr_par' dir='ltr' id='par_1_3' title="bbox 290 397 1077 415">
     <span class='ocr_line' id='line_1_3' title="bbox 290 397 1077 415; baseline 0 2747"><span class='ocrx_word' id='word_1_7' title='bbox 290 397 1077 415; x_wconf 95' lang='lat' dir='ltr'> </span> 
     </span>
    </p>
   </div>
   <div class='ocr_carea' id='block_1_4' title="bbox 181 398 290 415">
    <p class='ocr_par' dir='ltr' id='par_1_4' title="bbox 181 398 290 415">
     <span class='ocr_line' id='line_1_4' title="bbox 181 398 290 415; baseline -0.009 0"><span class='ocrx_word' id='word_1_8' title='bbox 181 398 290 415; x_wconf 61' lang='lat' dir='ltr'>NWVU</span> 
     </span>
    </p>
   </div>
   <div class='ocr_carea' id='block_1_5' title="bbox 563 555 1047 606">
    <p class='ocr_par' dir='ltr' id='par_1_5' title="bbox 563 555 1047 606">
     <span class='ocr_line' id='line_1_5' title="bbox 563 555 1047 606; baseline -0.008 -3"><span class='ocrx_word' id='word_1_9' title='bbox 563 555 780 606; x_wconf 88' lang='lat' dir='ltr'><strong>CAPUT</strong></span> <span class='ocrx_word' id='word_1_10' title='bbox 816 557 1047 605; x_wconf 87' lang='lat' dir='ltr'>XXXIII.</span> 
     </span>
    </p>
   </div>
   <div class='ocr_carea' id='block_1_6' title="bbox 274 733 1459 782">
    <p class='ocr_par' dir='ltr' id='par_1_6' title="bbox 274 733 1459 782">
     <span class='ocr_line' id='line_1_6' title="bbox 274 733 1459 782; baseline 0.001 -1"><span class='ocrx_word' id='word_1_11' title='bbox 274 735 453 781; x_wconf 84' lang='lat' dir='ltr'>Omnia</span> <span class='ocrx_word' id='word_1_12' title='bbox 475 733 535 781; x_wconf 83' lang='lat' dir='ltr'>de</span> <span class='ocrx_word' id='word_1_13' title='bbox 556 733 704 782; x_wconf 78' lang='lat' dir='ltr'><em>nihilo</em></span> <span class='ocrx_word' id='word_1_14' title='bbox 738 736 834 781; x_wconf 74' lang='lat' dir='ltr'>sive</span> <span class='ocrx_word' id='word_1_15' title='bbox 865 733 925 780; x_wconf 85' lang='lat' dir='ltr'>de</span> <span class='ocrx_word' id='word_1_16' title='bbox 951 743 1210 781; x_wconf 80' lang='lat' dir='ltr'><strong><em>concreata</em></strong></span> <span class='ocrx_word' id='word_1_17' title='bbox 1237 744 1459 782; x_wconf 75' lang='lat' dir='ltr'>mater-za.</span> 
     </span>
    </p>
   </div>
   <div class='ocr_carea' id='block_1_7' title="bbox 168 906 1553 1462">
    <p class='ocr_par' dir='ltr' id='par_1_7' title="bbox 168 906 1553 1462">
     <span class='ocr_line' id='line_1_7' title="bbox 231 906 1553 965; baseline 0 -15"><span class='ocrx_word' id='word_1_18' title='bbox 231 906 438 950; x_wconf 87' lang='lat' dir='ltr'>XLVIII.</span> <span class='ocrx_word' id='word_1_19' title='bbox 464 908 673 950; x_wconf 68' lang='lat' dir='ltr'>LAnnEnr</span> <span class='ocrx_word' id='word_1_20' title='bbox 691 914 734 950; x_wconf 91' lang='lat' dir='ltr'>te</span> <span class='ocrx_word' id='word_1_21' title='bbox 753 920 882 965; x_wconf 90' lang='lat' dir='ltr'>opera</span> <span class='ocrx_word' id='word_1_22' title='bbox 904 914 994 961; x_wconf 81' lang='lat' dir='ltr'>tua,</span> <span class='ocrx_word' id='word_1_23' title='bbox 1013 913 1064 950; x_wconf 92' lang='lat' dir='ltr'>ut</span> <span class='ocrx_word' id='word_1_24' title='bbox 1079 920 1272 950; x_wconf 86' lang='lat' dir='ltr'>amemus</span> <span class='ocrx_word' id='word_1_25' title='bbox 1289 913 1348 961; x_wconf 89' lang='lat' dir='ltr'>te,</span> <span class='ocrx_word' id='word_1_26' title='bbox 1373 914 1417 950; x_wconf 91' lang='lat' dir='ltr'>et</span> <span class='ocrx_word' id='word_1_27' title='bbox 1438 920 1553 950; x_wconf 90' lang='lat' dir='ltr'>ame-</span> 
     </span>
     <span class='ocr_line' id='line_1_8' title="bbox 172 975 1553 1036; baseline 0.001 -16"><span class='ocrx_word' id='word_1_28' title='bbox 172 991 268 1021; x_wconf 90' lang='lat' dir='ltr'>mus</span> <span class='ocrx_word' id='word_1_29' title='bbox 290 985 334 1021; x_wconf 92' lang='lat' dir='ltr'>te</span> <span class='ocrx_word' id='word_1_30' title='bbox 363 985 414 1020; x_wconf 90' lang='lat' dir='ltr'>ut</span> <span class='ocrx_word' id='word_1_31' title='bbox 434 975 616 1021; x_wconf 83' lang='lat' dir='ltr'>laudent</span> <span class='ocrx_word' id='word_1_32' title='bbox 637 985 680 1021; x_wconf 91' lang='lat' dir='ltr'>te</span> <span class='ocrx_word' id='word_1_33' title='bbox 707 991 836 1036; x_wconf 89' lang='lat' dir='ltr'>opera</span> <span class='ocrx_word' id='word_1_34' title='bbox 858 985 959 1032; x_wconf 82' lang='lat' dir='ltr'>tua,</span> <span class='ocrx_word' id='word_1_35' title='bbox 993 991 1091 1036; x_wconf 89' lang='lat' dir='ltr'>quae</span> <span class='ocrx_word' id='word_1_36' title='bbox 1112 976 1276 1021; x_wconf 91' lang='lat' dir='ltr'>habent</span> <span class='ocrx_word' id='word_1_37' title='bbox 1306 975 1477 1021; x_wconf 88' lang='lat' dir='ltr'>initium</span> <span class='ocrx_word' id='word_1_38' title='bbox 1509 986 1553 1022; x_wconf 88' lang='lat' dir='ltr'>et</span> 
     </span>
     <span class='ocr_line' id='line_1_9' title="bbox 171 1046 1550 1106; baseline 0.001 -16"><span class='ocrx_word' id='word_1_39' title='bbox 171 1047 304 1090; x_wconf 92' lang='lat' dir='ltr'>finem</span> <span class='ocrx_word' id='word_1_40' title='bbox 325 1060 379 1090; x_wconf 84' lang='lat' dir='ltr'>ex</span> <span class='ocrx_word' id='word_1_41' title='bbox 399 1054 595 1106; x_wconf 78' lang='lat' dir='ltr'>tempore</span> <span class='ocrx_word' id='word_1_42' title='bbox 611 1081 622 1101; x_wconf 95' lang='lat'>,</span> <span class='ocrx_word' id='word_1_43' title='bbox 648 1055 794 1091; x_wconf 90' lang='lat' dir='ltr'>ortum</span> <span class='ocrx_word' id='word_1_44' title='bbox 816 1055 859 1090; x_wconf 90' lang='lat' dir='ltr'>et</span> <span class='ocrx_word' id='word_1_45' title='bbox 879 1062 1080 1092; x_wconf 87' lang='lat' dir='ltr'>occasum</span> <span class='ocrx_word' id='word_1_46' title='bbox 1095 1081 1106 1102; x_wconf 87' lang='lat'>‚</span> <span class='ocrx_word' id='word_1_47' title='bbox 1129 1046 1375 1106; x_wconf 77' lang='lat' dir='ltr'>protectum</span> <span class='ocrx_word' id='word_1_48' title='bbox 1402 1056 1446 1092; x_wconf 89' lang='lat' dir='ltr'>et</span> <span class='ocrx_word' id='word_1_49' title='bbox 1470 1046 1550 1091; x_wconf 88' lang='lat' dir='ltr'>de·-</span> 
     </span>
     <span class='ocr_line' id='line_1_10' title="bbox 171 1115 1551 1178; baseline 0 -16"><span class='ocrx_word' id='word_1_50' title='bbox 171 1115 357 1172; x_wconf 83' lang='lat' dir='ltr'>fectum‚</span> <span class='ocrx_word' id='word_1_51' title='bbox 381 1117 567 1175; x_wconf 89' lang='lat' dir='ltr'>speciem</span> <span class='ocrx_word' id='word_1_52' title='bbox 585 1125 628 1161; x_wconf 91' lang='lat' dir='ltr'>et</span> <span class='ocrx_word' id='word_1_53' title='bbox 645 1116 947 1176; x_wconf 83' lang='lat' dir='ltr'>privationem.</span> <span class='ocrx_word' id='word_1_54' title='bbox 970 1117 1145 1161; x_wconf 84' lang='lat' dir='ltr'>Habent</span> <span class='ocrx_word' id='word_1_55' title='bbox 1161 1131 1262 1175; x_wconf 84' lang='lat' dir='ltr'>ergo</span> <span class='ocrx_word' id='word_1_56' title='bbox 1283 1132 1551 1178; x_wconf 89' lang='lat' dir='ltr'>consequen-</span> 
     </span>
     <span class='ocr_line' id='line_1_11' title="bbox 168 1186 1551 1247; baseline 0.001 -17"><span class='ocrx_word' id='word_1_57' title='bbox 168 1186 348 1247; x_wconf 72' lang='lat' dir='ltr'>quentia</span> <span class='ocrx_word' id='word_1_58' title='bbox 369 1202 496 1230; x_wconf 93' lang='lat' dir='ltr'>mane</span> <span class='ocrx_word' id='word_1_59' title='bbox 518 1195 561 1231; x_wconf 88' lang='lat' dir='ltr'>et</span> <span class='ocrx_word' id='word_1_60' title='bbox 581 1202 824 1246; x_wconf 82' lang='lat' dir='ltr'>vesperam,</span> <span class='ocrx_word' id='word_1_61' title='bbox 849 1187 1006 1246; x_wconf 87' lang='lat' dir='ltr'>partim</span> <span class='ocrx_word' id='word_1_62' title='bbox 1032 1186 1219 1231; x_wconf 88' lang='lat' dir='ltr'>latenter</span> <span class='ocrx_word' id='word_1_63' title='bbox 1238 1222 1248 1243; x_wconf 81' lang='lat'>‚</span> <span class='ocrx_word' id='word_1_64' title='bbox 1279 1187 1435 1247; x_wconf 87' lang='lat' dir='ltr'>partim</span> <span class='ocrx_word' id='word_1_65' title='bbox 1458 1188 1551 1233; x_wconf 90' lang='lat' dir='ltr'>evi-</span> 
     </span>
     <span class='ocr_line' id='line_1_12' title="bbox 170 1257 1551 1315; baseline 0.003 -15"><span class='ocrx_word' id='word_1_66' title='bbox 170 1257 336 1301; x_wconf 86' lang='lat' dir='ltr'><strong>denter.</strong></span> <span class='ocrx_word' id='word_1_67' title='bbox 362 1260 426 1302; x_wconf 90' lang='lat' dir='ltr'>De</span> <span class='ocrx_word' id='word_1_68' title='bbox 446 1257 584 1302; x_wconf 91' lang='lat' dir='ltr'>nihilo</span> <span class='ocrx_word' id='word_1_69' title='bbox 605 1258 720 1301; x_wconf 90' lang='lat' dir='ltr'>enim</span> <span class='ocrx_word' id='word_1_70' title='bbox 738 1273 762 1301; x_wconf 89' lang='lat' dir='ltr'>a</span> <span class='ocrx_word' id='word_1_71' title='bbox 782 1267 826 1302; x_wconf 89' lang='lat' dir='ltr'>te</span> <span class='ocrx_word' id='word_1_72' title='bbox 842 1292 854 1313; x_wconf 90' lang='lat'>‚</span> <span class='ocrx_word' id='word_1_73' title='bbox 873 1273 962 1303; x_wconf 92' lang='lat' dir='ltr'>non</span> <span class='ocrx_word' id='word_1_74' title='bbox 984 1259 1040 1303; x_wconf 94' lang='lat' dir='ltr'>de</span> <span class='ocrx_word' id='word_1_75' title='bbox 1057 1268 1100 1303; x_wconf 90' lang='lat' dir='ltr'>te</span> <span class='ocrx_word' id='word_1_76' title='bbox 1115 1257 1229 1304; x_wconf 89' lang='lat' dir='ltr'>facta</span> <span class='ocrx_word' id='word_1_77' title='bbox 1244 1268 1367 1315; x_wconf 88' lang='lat' dir='ltr'>sunt,</span> <span class='ocrx_word' id='word_1_78' title='bbox 1388 1274 1478 1304; x_wconf 91' lang='lat' dir='ltr'>non</span> <span class='ocrx_word' id='word_1_79' title='bbox 1495 1259 1551 1304; x_wconf 92' lang='lat' dir='ltr'>de</span> 
     </span>
     <span class='ocr_line' id='line_1_13' title="bbox 170 1328 1548 1389; baseline 0.003 -17"><span class='ocrx_word' id='word_1_80' title='bbox 170 1328 315 1388; x_wconf 88' lang='lat' dir='ltr'>aliqua</span> <span class='ocrx_word' id='word_1_81' title='bbox 336 1344 425 1373; x_wconf 92' lang='lat' dir='ltr'>non</span> <span class='ocrx_word' id='word_1_82' title='bbox 448 1338 538 1384; x_wconf 88' lang='lat' dir='ltr'>tua,</span> <span class='ocrx_word' id='word_1_83' title='bbox 563 1329 632 1374; x_wconf 86' lang='lat' dir='ltr'>vel</span> <span class='ocrx_word' id='word_1_84' title='bbox 646 1345 745 1389; x_wconf 84' lang='lat' dir='ltr'>quae</span> <span class='ocrx_word' id='word_1_85' title='bbox 758 1339 883 1374; x_wconf 89' lang='lat' dir='ltr'>antea</span> <span class='ocrx_word' id='word_1_86' title='bbox 899 1328 1053 1386; x_wconf 76' lang='lat' dir='ltr'>fuerit,</span> <span class='ocrx_word' id='word_1_87' title='bbox 1073 1330 1148 1375; x_wconf 90' lang='lat' dir='ltr'>sed</span> <span class='ocrx_word' id='word_1_88' title='bbox 1170 1331 1224 1375; x_wconf 90' lang='lat' dir='ltr'>de</span> <span class='ocrx_word' id='word_1_89' title='bbox 1241 1340 1486 1387; x_wconf 84' lang='lat' dir='ltr'>concreata,</span> <span class='ocrx_word' id='word_1_90' title='bbox 1501 1332 1548 1376; x_wconf 90' lang='lat' dir='ltr'>id</span> 
     </span>
     <span class='ocr_line' id='line_1_14' title="bbox 169 1400 1549 1462; baseline 0.003 -19"><span class='ocrx_word' id='word_1_91' title='bbox 169 1409 254 1454; x_wconf 88' lang='lat' dir='ltr'>est,</span> <span class='ocrx_word' id='word_1_92' title='bbox 279 1400 409 1443; x_wconf 90' lang='lat' dir='ltr'>simul</span> <span class='ocrx_word' id='word_1_93' title='bbox 423 1415 447 1444; x_wconf 92' lang='lat' dir='ltr'>a</span> <span class='ocrx_word' id='word_1_94' title='bbox 460 1410 503 1444; x_wconf 89' lang='lat' dir='ltr'>te</span> <span class='ocrx_word' id='word_1_95' title='bbox 524 1410 666 1445; x_wconf 85' lang='lat' dir='ltr'>creata</span> <span class='ocrx_word' id='word_1_96' title='bbox 683 1401 878 1454; x_wconf 87' lang='lat' dir='ltr'>materia,</span> <span class='ocrx_word' id='word_1_97' title='bbox 899 1401 1001 1461; x_wconf 89' lang='lat' dir='ltr'>quia</span> <span class='ocrx_word' id='word_1_98' title='bbox 1017 1402 1109 1462; x_wconf 87' lang='lat' dir='ltr'>ejus</span> <span class='ocrx_word' id='word_1_99' title='bbox 1126 1402 1436 1447; x_wconf 70' lang='lat' dir='ltr'>informitatem</span> <span class='ocrx_word' id='word_1_100' title='bbox 1458 1402 1549 1448; x_wconf 88' lang='lat' dir='ltr'>sine</span> 
     </span>
    </p>
   </div>
   <div class='ocr_carea' id='block_1_8' title="bbox 168 1469 1749 1530">
    <p class='ocr_par' dir='ltr' id='par_1_8' title="bbox 168 1469 1749 1530">
     <span class='ocr_line' id='line_1_15' title="bbox 168 1469 1749 1530; baseline 0.003 -16"><span class='ocrx_word' id='word_1_101' title='bbox 168 1469 256 1514; x_wconf 90' lang='lat' dir='ltr'>ulla</span> <span class='ocrx_word' id='word_1_102' title='bbox 279 1471 484 1530; x_wconf 90' lang='lat' dir='ltr'>temporis</span> <span class='ocrx_word' id='word_1_103' title='bbox 504 1470 831 1530; x_wconf 88' lang='lat' dir='ltr'>interpositione</span> <span class='ocrx_word' id='word_1_104' title='bbox 852 1470 1062 1516; x_wconf 81' lang='lat' dir='ltr'>formasti.</span> <span class='ocrx_word' id='word_1_105' title='bbox 1088 1474 1197 1518; x_wconf 86' lang='lat' dir='ltr'>Nam</span> <span class='ocrx_word' id='word_1_106' title='bbox 1219 1488 1321 1518; x_wconf 89' lang='lat' dir='ltr'>cum</span> <span class='ocrx_word' id='word_1_107' title='bbox 1354 1472 1472 1518; x_wconf 88' lang='lat' dir='ltr'>aliud</span> <span class='ocrx_word' id='word_1_108' title='bbox 1495 1474 1549 1519; x_wconf 88' lang='lat' dir='ltr'>sit</span> <span class='ocrx_word' id='word_1_109' title='bbox 1649 1481 1654 1492; x_wconf 91' lang='lat'><em>&#39;</em></span> <span class='ocrx_word' id='word_1_110' title='bbox 1691 1491 1699 1501; x_wconf 59' lang='lat'>²</span> <span class='ocrx_word' id='word_1_111' title='bbox 1745 1489 1749 1496; x_wconf 79' lang='grc'><strong>’</strong></span> 
     </span>
    </p>
   </div>
   <div class='ocr_carea' id='block_1_9' title="bbox 165 1540 1548 1817">
    <p class='ocr_par' dir='ltr' id='par_1_9' title="bbox 165 1540 1548 1817">
     <span class='ocr_line' id='line_1_16' title="bbox 168 1540 1548 1603; baseline 0.002 -17"><span class='ocrx_word' id='word_1_112' title='bbox 168 1540 269 1586; x_wconf 87' lang='lat' dir='ltr'>coeli</span> <span class='ocrx_word' id='word_1_113' title='bbox 289 1550 334 1585; x_wconf 87' lang='lat' dir='ltr'>et</span> <span class='ocrx_word' id='word_1_114' title='bbox 354 1550 480 1585; x_wconf 81' lang='lat' dir='ltr'>terrae</span> <span class='ocrx_word' id='word_1_115' title='bbox 508 1542 728 1598; x_wconf 78' lang='lat' dir='ltr'>materies,</span> <span class='ocrx_word' id='word_1_116' title='bbox 753 1541 874 1586; x_wconf 88' lang='lat' dir='ltr'>aliud</span> <span class='ocrx_word' id='word_1_117' title='bbox 894 1542 996 1587; x_wconf 90' lang='lat' dir='ltr'>coeli</span> <span class='ocrx_word' id='word_1_118' title='bbox 1016 1552 1060 1587; x_wconf 92' lang='lat' dir='ltr'>et</span> <span class='ocrx_word' id='word_1_119' title='bbox 1089 1552 1214 1588; x_wconf 84' lang='lat' dir='ltr'>terrae</span> <span class='ocrx_word' id='word_1_120' title='bbox 1242 1544 1429 1603; x_wconf 79' lang='lat' dir='ltr'>species3</span> <span class='ocrx_word' id='word_1_121' title='bbox 1452 1560 1548 1589; x_wconf 88' lang='lat' dir='ltr'>ma-</span> 
     </span>
     <span class='ocr_line' id='line_1_17' title="bbox 168 1611 1548 1676; baseline 0.004 -20"><span class='ocrx_word' id='word_1_122' title='bbox 168 1612 319 1656; x_wconf 86' lang='lat' dir='ltr'>teriem</span> <span class='ocrx_word' id='word_1_123' title='bbox 339 1611 518 1671; x_wconf 90' lang='lat' dir='ltr'>quidem</span> <span class='ocrx_word' id='word_1_124' title='bbox 538 1611 594 1656; x_wconf 91' lang='lat' dir='ltr'>de</span> <span class='ocrx_word' id='word_1_125' title='bbox 615 1612 796 1657; x_wconf 89' lang='lat' dir='ltr'>omnino</span> <span class='ocrx_word' id='word_1_126' title='bbox 816 1612 952 1658; x_wconf 89' lang='lat' dir='ltr'>nihilo</span> <span class='ocrx_word' id='word_1_127' title='bbox 972 1648 984 1669; x_wconf 91' lang='lat'>‚</span> <span class='ocrx_word' id='word_1_128' title='bbox 1009 1614 1164 1658; x_wconf 85' lang='lat' dir='ltr'>mundi</span> <span class='ocrx_word' id='word_1_129' title='bbox 1189 1623 1334 1659; x_wconf 87' lang='lat' dir='ltr'>autem</span> <span class='ocrx_word' id='word_1_130' title='bbox 1361 1616 1548 1676; x_wconf 90' lang='lat' dir='ltr'>speciem</span> 
     </span>
     <span class='ocr_line' id='line_1_18' title="bbox 166 1680 1546 1746; baseline 0.005 -21"><span class='ocrx_word' id='word_1_131' title='bbox 166 1681 221 1726; x_wconf 95' lang='lat' dir='ltr'>de</span> <span class='ocrx_word' id='word_1_132' title='bbox 242 1680 419 1726; x_wconf 85' lang='lat' dir='ltr'>informi</span> <span class='ocrx_word' id='word_1_133' title='bbox 449 1683 653 1738; x_wconf 88' lang='lat' dir='ltr'>materia,</span> <span class='ocrx_word' id='word_1_134' title='bbox 686 1682 817 1728; x_wconf 86' lang='lat' dir='ltr'>simul</span> <span class='ocrx_word' id='word_1_135' title='bbox 851 1692 998 1729; x_wconf 88' lang='lat' dir='ltr'>tamen</span> <span class='ocrx_word' id='word_1_136' title='bbox 1027 1693 1264 1746; x_wconf 88' lang='lat' dir='ltr'>utrumque</span> <span class='ocrx_word' id='word_1_137' title='bbox 1297 1685 1465 1743; x_wconf 89' lang='lat' dir='ltr'>fecisti,</span> <span class='ocrx_word' id='word_1_138' title='bbox 1497 1696 1546 1732; x_wconf 89' lang='lat' dir='ltr'>ut</span> 
     </span>
     <span class='ocr_line' id='line_1_19' title="bbox 165 1752 1471 1817; baseline 0.005 -20"><span class='ocrx_word' id='word_1_139' title='bbox 165 1753 389 1798; x_wconf 86' lang='lat' dir='ltr'>materiam</span> <span class='ocrx_word' id='word_1_140' title='bbox 410 1752 550 1799; x_wconf 86' lang='lat' dir='ltr'>forma</span> <span class='ocrx_word' id='word_1_141' title='bbox 568 1752 690 1800; x_wconf 87' lang='lat' dir='ltr'>nulla</span> <span class='ocrx_word' id='word_1_142' title='bbox 711 1769 845 1800; x_wconf 80' lang='lat' dir='ltr'>morae</span> <span class='ocrx_word' id='word_1_143' title='bbox 863 1754 1182 1815; x_wconf 85' lang='lat' dir='ltr'>intercapedine</span> <span class='ocrx_word' id='word_1_144' title='bbox 1201 1766 1471 1817; x_wconf 88' lang='lat' dir='ltr'>sequeretur.</span> 
     </span>
    </p>
   </div>
  </div>
 </body>
</html>
