1871 3162
266 251 349 291 354
701 264 733 291 s.
770 263 998 293 Ausus‘rim
1031 266 1211 293 EPIScoP1

256 337 463 388 possunt,
484 329 531 373 in
552 329 800 390 quamlibet
834 345 981 375 veram
1013 331 1271 374 sententiam
1312 328 1544 387 cogitando
1566 343 1643 373 ve-

191 426 194 465 ‘4
255 400 419 445 nissent
435 435 446 455 ‚
484 416 579 445 eam
601 417 691 446 non
722 402 1058 461 praetermissam
1079 401 1124 446 in
1146 402 1293 460 paucis
1316 399 1458 445 verbis
1487 400 1551 444 tui
1578 399 1644 444 fa-

190 467 194 500 ?
254 471 363 515 muli
385 473 645 531 reperirent;
659 481 702 516 et
717 471 752 516 si
775 471 883 516 alius
906 470 1035 516 aliam
1057 470 1233 517 vidisset
1251 471 1298 515 in
1311 470 1415 516 luce
1432 470 1640 526 veritatis,

255 556 336 587 nec
351 543 443 603 ipsa
463 543 510 587 in
525 542 687 588 eisdem
711 543 853 588 verbis
873 541 1156 602 intelligenda
1176 541 1360 586 deesset.

259 719 1219 739 mmmwmmmwuwwmmwummmmwvuwx
1225 719 1643 736 mmmmvnmwmmwu

664 917 671 922 ι
705 854 923 903 CAPUT
956 857 1167 903 xxvii.

323 1008 627 1069 Serzptaram
649 1007 784 1054 decet
801 1008 976 1054 humile
998 1007 1296 1068 simplexque
1318 1007 1572 1053 verborum

868 1095 1034 1141 genus.

313 1238 538 1281 XXXVII.
563 1238 689 1281 S1euT
711 1236 829 1279 enim
858 1234 959 1283 fons,
983 1236 1028 1279 in
1056 1250 1192 1295 parvo
1225 1235 1323 1280 loco
1351 1236 1527 1280 uberior
1547 1245 1637 1291 est,

255 1306 545 1366 pluribusque
566 1306 666 1350 rivis
687 1307 734 1349 in
770 1305 980 1365 ampliora
1017 1307 1155 1365 spatia
1194 1306 1362 1349 fluxum
1396 1307 1640 1361 ministrat,

258 1393 388 1437 quam
410 1377 595 1438 quilibet
617 1391 768 1421 eorum
792 1377 1000 1432 rivorum,
1021 1377 1097 1437 qui
1119 1392 1196 1436 per
1215 1377 1352 1421 multa
1370 1377 1567 1421 locorum
1588 1377 1643 1422 ab

259 1447 412 1492 eodem
433 1446 556 1491 fonte
578 1446 839 1505 deducitur3
860 1447 920 1490 ita
937 1449 1125 1491 narratio
1147 1447 1453 1506 dispensatoris
1476 1448 1539 1491 tui
1562 1463 1645 1491 ser-

258 1517 538 1561 mocinaturis
566 1516 765 1576 pluribus
783 1517 1015 1575 profutura
1030 1551 1040 1570 ,
1067 1531 1200 1575 parvo
1221 1517 1429 1561 sermonis
1462 1516 1643 1561 modulo

256 1598 393 1632 scatet
410 1588 574 1631 fluenta
601 1586 780 1647 liquidae
803 1587 994 1631 veritatis
1010 1621 1021 1641 ,
1041 1586 1158 1630 unde
1180 1587 1263 1631 sibi
1284 1587 1469 1646 quisque
1490 1603 1641 1631 verum

261 1658 382 1718 quod
410 1657 465 1701 de
486 1658 552 1701 his
575 1658 704 1701 rebus
737 1666 901 1716 potest,
928 1658 999 1701 hic
1020 1656 1129 1700 illud
1148 1692 1158 1712 ,
1185 1656 1260 1701 ille
1283 1657 1393 1701 illud
1412 1692 1423 1712 ,
1448 1673 1524 1717 per
1545 1659 1646 1702 lon-

262 1730 399 1788 giores
428 1728 702 1788 loquelarum
737 1727 957 1773 anfractus
980 1729 1137 1772 trahat.
1162 1728 1248 1773 Alii
1281 1730 1395 1772 enim
1418 1745 1518 1773 cum
1550 1731 1644 1774 liaec

256 1799 388 1843 verba
420 1798 574 1858 legunt
608 1798 677 1842 vel
711 1798 923 1853 audiunt,
956 1798 1148 1857 cogitant
1183 1802 1321 1842 Deum
1353 1800 1475 1858 quasi
1497 1799 1642 1843 homi-

256 1884 379 1924 nem,
402 1878 477 1914 aut
513 1869 635 1928 quasi
659 1867 849 1929 aliquam
872 1868 1032 1913 molem
1053 1869 1264 1912 immensa
1301 1870 1530 1928 praeditam
1559 1885 1640 1929 po-

252 1948 422 1995 testate,
440 1954 554 1984 novo
573 1939 763 1998 quodam
780 1947 823 1981 et
845 1939 1077 1997 repentino
1096 1938 1272 1997 placito,
1291 1948 1408 1983 extra
1425 1954 1469 1982 se
1486 1940 1638 1999 ipsam,

248 2019 459 2071 tanquam
479 2010 583 2055 loeis
615 2009 877 2054 distantibus
899 2007 1050 2052 fecisse
1080 2008 1245 2053 coelum
1271 2018 1314 2053 et
1336 2018 1499 2053 terram
1514 2044 1524 2064 ,
1551 2009 1640 2054 duo

248 2095 403 2139 magna
424 2096 605 2140 corpora
626 2095 754 2139 supra
776 2089 820 2124 et
841 2078 979 2134 infra,
1005 2079 1167 2139 quibus
1185 2080 1330 2123 omnia
1353 2080 1637 2125 contineren-

246 2162 331 2197 tur.
359 2155 414 2197 Et
435 2167 537 2196 cum
560 2152 772 2196 audiunt:
798 2151 910 2195 Dixit
936 2153 1052 2195 Deus
1075 2169 1084 2195 ε
1112 2151 1210 2196 Fiat
1231 2150 1365 2206 illud,
1404 2160 1447 2196 et
1470 2152 1636 2197 sactum

243 2216 311 2270 'est
328 2224 465 2280 illud,
486 2224 682 2283 cogitant
704 2222 839 2268 verba
855 2231 1001 2282 coepta
1019 2232 1062 2267 et
1083 2223 1207 2267 finita
1221 2257 1232 2278 ,
1250 2224 1448 2268 sonantia
1467 2232 1640 2284 tempo-

245 2296 362 2340 ribus
392 2305 524 2355 atque
556 2294 858 2349 transeuntia,
893 2301 991 2353 post
1025 2307 1215 2353 quorum
1236 2294 1474 2338 transitum
1495 2295 1641 2339 statim

251 2367 453 2411 existeret
470 2365 591 2427 quod
602 2366 769 2426 jussum
786 2373 849 2408 est
865 2374 915 2408 ut
930 2364 1129 2408 existeret
1145 2373 1209 2408 :et
1222 2365 1256 2408 si
1270 2365 1378 2424 quid
1392 2365 1506 2410 forte
1522 2365 1643 2411 aliud

254 2439 338 2481 hoc
371 2438 503 2482 modo
540 2452 590 2480 ex
613 2436 904 2481 familiaritate
941 2436 1080 2479 carnis
1102 2435 1352 2497 opinantur.
1390 2439 1441 2479 In
1478 2437 1640 2495 quibus

249 2507 394 2551 adhue
421 2507 611 2565 parvulis
648 2505 906 2550 animalibus
944 2505 1051 2548 dum
1073 2505 1154 2549 isto
1172 2506 1460 2550 humilissimo
1483 2521 1640 2565 genere

250 2577 487 2621 verborum
514 2586 724 2635 tanquam
743 2584 941 2619 materno
963 2575 1060 2618 sinu
1077 2590 1229 2620 eorum
1253 2584 1445 2634 gestatur
1462 2575 1641 2621 infirmi-
