1871 3162
255 172 337 212 142
682 180 716 209 s.
752 181 982 209 AUGUSTINI
1014 181 1194 208 13101300121

247 265 377 309 supra
392 258 550 294 terram
563 257 641 304 est,
661 240 894 308 quominus
912 262 988 307 per
1004 261 1105 291 eum
1121 246 1389 306 trajiceretur
1406 252 1636 303 penetrans

247 334 374 375 eum,
417 335 508 364 non
535 317 827 377 dirumpendo
861 326 936 361 aut
973 316 1266 370 concidendo,
1301 314 1377 359 sed
1413 312 1637 372 implendo

248 404 348 434 eum
362 398 525 434 totum:
541 389 601 433 sic
618 388 698 432 tibi
707 387 914 447 putabam
932 402 1021 431 non
1035 386 1175 430 solum
1193 384 1293 429 coeli
1306 393 1350 428 et
1362 384 1470 428 aeris
1492 392 1536 426 et
1549 397 1638 426 ma-

247 461 324 514 ris,
364 459 440 503 sed
480 460 610 504 etiam
647 467 772 502 terrae
809 472 964 515 corpus
990 457 1187 515 pervium
1205 491 1216 510 ,
1255 465 1299 499 et
1341 470 1391 499 ex
1433 452 1638 498 omnibus

198 582 202 583 ⁷
246 530 443 574 maximis
469 528 745 587 minimisque
768 527 964 586 partibus
995 524 1264 584 penetrabile
1295 524 1351 568 ad
1378 523 1638 582 capiendam

249 602 522 660 praesentiam
562 609 684 643 tuam
705 633 716 653 ,
757 597 929 643 occulta
971 597 1253 656 inspiratione
1294 595 1553 639 intrinsecus
1595 602 1639 637 et

247 672 510 716 extrinsecus
530 669 906 713 administrantem
928 667 1075 712 omnia
1093 683 1191 727 quae
1213 666 1382 711 creasti.
1410 668 1475 709 Ita
1498 664 1639 723 suspi-

247 742 377 785 cabar
393 775 403 795 ‚
428 741 529 799 quia
550 740 741 798 cogitare
762 737 882 782 aliud
903 753 993 782 non
1008 747 1219 797 poteram,
1236 750 1339 780 nam
1353 734 1513 779 salsum
1530 743 1638 778 erat.

249 811 331 855 Illo
365 811 481 854 enim
518 809 650 854 modo
680 809 816 868 major
847 823 944 867 pars
971 817 1097 851 terrae
1130 808 1337 866 majorem
1371 799 1440 849 tui
1469 813 1639 864 partem

249 882 455 935 haberet,
480 889 525 924 et
549 880 763 924 minorem
797 878 967 935 minor,
1001 887 1133 937 atque
1158 878 1218 921 ita
1258 885 1303 920 te
1335 876 1463 935 plena
1499 883 1640 919 essent

249 951 394 996 omnia
411 985 421 1005 ,
443 959 492 994 ut
507 949 692 1009 amplius
712 949 778 993 tui
795 957 969 1006 caperet
986 947 1206 1007 elephanti
1218 962 1375 1006 corpus
1391 960 1524 1006 quam
1545 959 1641 1004 pas-

249 1022 373 1077 seris,
404 1037 493 1081 quo
507 1029 617 1065 esset
636 1020 717 1064 isto
747 1018 976 1078 grandius,
1012 1017 1376 1077 grandioremque
1408 1023 1642 1074 occuparet

249 1093 394 1137 locum
411 1112 422 1149 3
442 1101 574 1151 atque
593 1091 653 1134 ita
675 1089 894 1134 frustatim
916 1088 1113 1147 partibus
1130 1088 1285 1131 mundi
1298 1122 1309 1142 ,
1329 1086 1496 1145 magnis
1518 1100 1640 1143 mag-

249 1178 326 1207 nas
349 1197 360 1217 ,
404 1162 610 1205 brevibus
652 1161 804 1203 breves
855 1168 996 1218 partes
1035 1167 1132 1202 tuas
1179 1166 1413 1217 praesentes
1456 1155 1636 1200 faceres.

249 1237 347 1280 Non
379 1243 442 1277 est
473 1241 617 1276 autem
645 1232 721 1275 ita.
761 1230 846 1275 Sed
875 1228 1072 1274 nondum
1091 1228 1413 1273 illuminaveras
1436 1227 1640 1272 tenebras

253 1319 366 1348 meas
373 1339 382 1348 .

971 1454 1390 1471 mmmmm
1394 1453 1639 1469 mmmmm

258 1458 684 1476 mmmmm

790 1600 1005 1649 CAPUT
1045 1602 1113 1647 Il.

282 1775 580 1820 illomentam
599 1786 692 1830 quo
709 1769 766 1817 N
765 1767 973 1815 ebrz'dius
984 1767 1267 1830 confutarat
1289 1767 1606 1813 Maniclzoeos.

296 1937 377 1978 111.
398 1938 481 1977 Su
494 1939 585 1975 erat
597 1929 719 1983 mihi,
737 1929 935 1983 Domine,
952 1930 1156 1973 adversus
1169 1926 1371 1986 deceptos
1388 1928 1484 1973 illos
1502 1935 1546 1971 et
1558 1926 1638 1970 de-

253 2015 465 2064 ceptoreS,
489 2012 533 2046 et
557 2003 759 2060 loquaces
781 2008 940 2053 mutos,
957 1999 1164 2059 quoniam
1187 2014 1276 2042 non
1304 2014 1356 2041 ex
1376 1999 1434 2043 eis
1455 1999 1640 2043 sonabat

253 2076 437 2120 verbum
447 2083 574 2117 tuum
595 2091 605 2115 ι
634 2079 699 2114 sat
711 2079 802 2114 erat
820 2085 923 2128 ergo
940 2068 1051 2112 illud
1073 2067 1194 2127 quod
1206 2069 1296 2128 jam
1310 2067 1386 2112 diu
1414 2068 1469 2111 ab
1499 2083 1639 2128 usque

254 2144 515 2202 Carthagine
557 2157 581 2185 a
613 2139 821 2184 Nebridio
847 2139 1033 2198 proponi
1067 2137 1261 2190 solebat,
1298 2147 1341 2180 et
1377 2153 1526 2182 omnes
1561 2139 1639 2198 qui

252 2214 526 2260 audieramus
547 2209 741 2255 concussi
765 2224 928 2252 sumus.
950 2206 1067 2261 Quid
1089 2217 1180 2251 erat
1202 2208 1280 2252 tibi
1302 2207 1468 2253 factura
1491 2209 1638 2253 nescio

255 2301 353 2345 quae
365 2299 468 2343 gens
480 2283 773 2333 tenebrarum,
785 2294 917 2338 quam
931 2293 981 2321 ex
990 2277 1162 2322 adversa
1174 2278 1287 2321 mole
1300 2278 1638 2338 solentoppone-

258 2371 318 2409 re,
334 2356 369 2398 si
382 2364 431 2398 tu
447 2367 546 2397 cum
558 2367 607 2395 ea
619 2365 813 2410 pugnare
822 2347 1028 2393 noluisses
1045 2350 1062 2390 ’ἲ
1077 2348 1119 2393 Si
1133 2348 1247 2391 enim
1270 2348 1605 2407 responderetur
1622 2383 1633 2404 ,

259 2423 424 2484 aliquid
439 2423 567 2467 fuisse
579 2420 838 2474 nocituram,
855 2417 1067 2463 violabilis
1080 2428 1128 2463 tu
1142 2427 1185 2463 et
1198 2418 1492 2478 corruptibilis
1505 2419 1635 2464 fores.

261 2497 305 2541 Si
329 2504 474 2539 autem
495 2491 604 2537 nihil
629 2507 678 2536 ea
706 2505 863 2535 nocere
885 2488 1075 2549 potuisse
1096 2489 1314 2533 diceretur
1328 2524 1339 2544 ‚
1365 2488 1486 2535 nulla
1508 2489 1638 2535 affer·
