1871 3162
585 242 958 280 SOLILOQUIORUM,
993 242 1075 270 Lm.
1112 244 1158 268 11.
1478 230 1559 271 453

191 315 309 362 rent,
333 306 413 350 alia
439 323 462 351 a
483 315 636 351 natura
653 342 664 362 ‚
694 316 849 352 caetera
870 308 924 351 ab
945 307 1233 351 animantibus
1262 309 1561 366 exprimuntur

189 385 320 436 atque
332 377 573 436 finguntur.
592 379 754 422 Natura
774 379 988 436 gignendo
1000 377 1070 422 vel
1082 376 1332 422 resultando
1357 378 1559 421 similitu—

186 446 308 491 dines
331 447 563 492 deteriores
583 447 700 492 facit.
727 448 956 507 Gignendo
972 483 982 503 ,
1007 463 1108 493 cum
1131 447 1382 505 parentibus
1405 447 1560 491 similes

186 527 425 561 nascuntur
441 537 450 562 :
467 517 732 573 resultando,
748 528 798 562 ut
812 519 866 562 de
878 518 1062 577 speculis
1076 517 1385 577 cujuscemodi.
1399 520 1562 569 Quam·

183 588 246 632 vis
267 589 382 632 enim
418 589 623 649 pleraque
644 590 817 649 specula
845 590 1042 634 homines
1073 588 1261 641 faciant,
1294 603 1382 631 non
1417 597 1560 630 tamen

182 658 263 716 ipsi
286 660 500 717 effingunt
514 675 583 704 eas
600 676 700 720 quae
722 659 966 704 redduntur
978 660 1201 718 imagines.
1228 662 1322 702 ,lam
1344 673 1446 702 vero
1470 658 1561 700 ani-

182 729 394 772 mantium
412 745 542 789 opera
557 739 658 773 sunt
671 731 716 773 in
732 730 926 788 picturis,
941 739 983 773 et
996 728 1297 789 hujuscemodi
1314 729 1560 788 quibusque

180 798 418 856 figmentis,
439 800 483 844 in
506 816 593 860 quo
614 815 770 858 genere
786 800 951 844 includi
973 801 1100 844 etiam
1120 800 1190 843 illa
1211 809 1390 859 possunt
1409 835 1419 852 ‚
1445 799 1478 842 si
1499 808 1561 842 ta-

179 883 279 913 men
297 871 409 914 fiunt
424 905 434 925 ,
466 887 562 930 quae
585 872 805 915 daemones
827 871 1008 915 faciunt.
1032 871 1208 915 Umbrae
1232 881 1375 914 autem
1406 885 1561 927 corpo—

178 954 274 984 rum
292 975 302 994 ,
328 942 430 1000 quia
455 958 542 986 non
564 943 690 986 nimis
711 942 766 986 ab
786 959 831 986 re
855 944 971 986 abest
996 952 1045 986 ut
1068 943 1322 1001 corporibus
1344 941 1500 985 similes
1519 950 1561 983 et

178 1010 300 1068 quasi
322 1010 428 1054 falsa
453 1026 634 1071 corpora
664 1012 866 1057 dicantur
881 1048 891 1067 ‚
918 1029 996 1056 nec
1018 1013 1070 1056 ad
1093 1013 1317 1056 oculorum
1346 1012 1557 1072 judicium

178 1081 393 1137 pertinere
429 1083 639 1140 negandae
661 1093 763 1127 sunt
782 1119 792 1139 ‚
819 1084 863 1126 in
885 1083 960 1126 illo
982 1098 1050 1126 eas
1075 1098 1230 1141 genere
1262 1083 1364 1141 poni
1390 1082 1529 1140 placet
1546 1116 1555 1133 ‚

176 1152 293 1208 quod
320 1152 570 1197 resultando
590 1170 612 1197 a
630 1164 783 1197 natura
807 1154 870 1196 fit.
898 1153 1096 1197 Resultat
1118 1155 1233 1196 enim
1253 1168 1381 1195 omne
1403 1168 1559 1210 corpus

175 1220 329 1265 lumini
352 1223 571 1281 objectum
590 1259 600 1278 ,
625 1234 668 1267 et
687 1225 729 1267 in
754 1226 1013 1268 contrariam
1038 1233 1204 1282 partem
1234 1223 1431 1265 umbram
1458 1221 1557 1264 red-

176 1291 254 1335 dit.
287 1297 355 1336 An
391 1293 468 1336 tibi
504 1293 667 1353 aliquid
700 1294 1087 1339 contradicendum
1123 1293 1330 1338 videtur?
1364 1297 1414 1336 A.
1451 1293 1558 1336 Mihi

176 1377 277 1406 vero
312 1363 435 1407 nihil.
476 1365 559 1408 Sed
591 1380 784 1424 quonam
819 1366 899 1409 ista
932 1364 1140 1418 tendant,
1176 1365 1455 1408 vehementer
1493 1379 1558 1405 ex-

173 1442 316 1490 pecto.

230 1505 333 1547 XII.
359 1506 410 1546 R.
436 1504 572 1562 Atqui
595 1513 767 1562 oportet
789 1505 1002 1563 patienter
1024 1505 1215 1548 seramus
1234 1540 1244 1558 7
1270 1503 1409 1547 donec
1433 1504 1557 1546 nobis

171 1574 315 1617 caeteri
338 1589 486 1618 sensus
510 1575 763 1618 renuntient
784 1576 828 1618 in
847 1574 1225 1619 verisimilitudine
1248 1575 1442 1618 habitare
1472 1572 1555 1616 fal-

169 1645 354 1688 sitatem.
371 1648 480 1690 Nam
496 1655 539 1689 et
552 1645 597 1689 in
613 1647 706 1704 ipso
720 1646 874 1689 auditu
892 1645 1072 1689 totidem
1092 1644 1182 1688 fere
1201 1659 1358 1702 genera
1375 1645 1558 1686 veniunt

169 1715 505 1758 similitudinum
534 1735 542 1759 :
567 1715 704 1759 veluti
726 1730 826 1758 cum
858 1715 1078 1774 loquentis
1099 1730 1274 1769 vocem,
1305 1729 1436 1774 quem
1468 1729 1554 1757 non

167 1785 383 1838 videmus,
409 1784 657 1835 audientes,
684 1793 889 1843 putamus
910 1783 1041 1827 alium
1060 1784 1308 1843 quempiam
1325 1818 1335 1837 ,
1357 1784 1427 1827 cui
1449 1799 1556 1827 voce

166 1854 315 1898 similis
333 1864 396 1898 est
417 1873 424 1898 :
452 1863 584 1913 atque
610 1855 653 1897 in
674 1853 963 1897 deterioribus
985 1852 1054 1896 vel
1084 1854 1192 1897 echo
1221 1855 1339 1897 testis
1372 1863 1460 1906 est,
1486 1853 1555 1896 vel

166 1925 350 1968 tinnitus
371 1924 444 1968 ille
461 1925 651 1983 ipsarum
667 1925 854 1978 aurium,
873 1923 942 1968 vel
962 1925 1006 1967 in
1026 1924 1260 1983 horologiis
1282 1923 1460 1967 merulae
1481 1933 1554 1967 aut

165 1995 284 2039 corvi
306 1995 508 2053 quaedam
541 1995 724 2039 imitatio
743 2030 753 2047 ‚
778 1995 847 2038 vel
877 2011 977 2053 quae
998 1995 1079 2038 sibi
1100 1995 1363 2039 somniantes
1386 2005 1461 2038 aut
1486 1994 1553 2038 fu-

164 2074 307 2109 rentes
329 2065 534 2109 videntur
557 2066 720 2109 audire.
748 2065 885 2110 Falsae
918 2076 1063 2110 autem
1083 2067 1252 2111 voculae
1276 2082 1374 2126 quae
1397 2068 1553 2110 dicun-

164 2144 236 2179 tur
253 2152 275 2179 a
291 2136 486 2192 musicis,
506 2135 761 2179 incredibile
778 2145 842 2180 est
855 2146 1070 2196 quantum
1085 2147 1345 2182 attestantur
1361 2138 1547 2191 veritati,

163 2205 283 2264 quod
297 2215 391 2264 post
408 2207 633 2265 apparebit
654 2226 662 2250 :
680 2216 826 2250 tamen
840 2207 966 2251 etiam
981 2208 1102 2266 ipsae,
1121 2210 1238 2268 quod
1253 2218 1315 2251 sat
1330 2219 1392 2251 est
1410 2224 1544 2263 nunc,

162 2291 252 2320 non
283 2276 443 2320 absunt
477 2276 530 2319 ab
565 2292 711 2319 earum
750 2277 1032 2322 similitudine
1070 2295 1176 2338 quas
1212 2294 1332 2322 veras
1372 2289 1544 2322 vocant.

164 2345 363 2405 Sequeris
385 2346 509 2390 haec‘?
530 2350 580 2389 A.
604 2349 657 2389 Et
676 2346 974 2391 libentissime.
993 2351 1099 2392 Nam
1123 2349 1229 2391 nihil
1244 2349 1396 2392 laboro
1412 2350 1544 2392 utin-

161 2414 370 2473 telligam.
394 2419 445 2459 R.
465 2419 596 2474 Ergo,
615 2433 669 2460 ne
682 2432 916 2472 moremur,
934 2418 1188 2462 videtur-ne
1206 2420 1286 2462 tibi
1309 2429 1383 2463 aut
1404 2418 1545 2463 lilium

162 2500 185 2528 a
205 2484 296 2528 lilio
319 2500 440 2543 posse
462 2485 595 2530 odore
612 2522 622 2541 ‚
646 2496 721 2530 aut
746 2487 830 2531 mel
855 2488 1121 2545 thyminum,
1155 2505 1176 2532 a
1200 2489 1327 2532 melle
1344 2490 1543 2546 thymino

161 2552 216 2597 de
249 2554 426 2598 diversis
466 2555 658 2599 alveariis
694 2572 844 2615 sapore
860 2592 870 2604 ,
913 2566 986 2602 aut
1019 2557 1250 2603 mollitudo
1292 2557 1539 2618 plumarum
