1871 3162
617 221 936 248 com-Essmmm
949 238 959 258 ,
994 222 1076 248 Lm.
1113 222 1191 248 vn.
1490 209 1571 252 167

199 295 264 331 ter
285 295 360 331 aut
382 286 525 343 aliter3
549 294 704 330 caetera
722 300 824 329 vero
845 300 898 329 ex
919 294 962 329 te
983 299 1073 329 esse
1092 285 1256 338 omnia,
1281 285 1364 328 hoc
1387 285 1478 329 solo
1494 286 1572 329 fir-

199 357 388 401 missimo
415 355 696 412 documento,
728 356 828 415 quia
853 365 955 400 sunt
983 374 992 400 :
1024 364 1167 399 certus
1199 353 1377 414 quidem
1406 354 1452 397 in
1482 355 1574 399 istis

199 443 333 483 eram,
362 427 488 471 nimis
518 436 662 471 tamen
684 428 880 470 infirmus
905 426 961 470 ad
988 424 1225 470 fruendum
1248 433 1306 468 te.
1327 425 1574 468 Garriebam

198 498 327 557 plane
357 498 479 557 quasi
499 497 690 557 peritus3
721 506 764 541 et
795 497 875 541 nisi
903 498 948 540 in
983 497 1156 541 Christo
1187 493 1406 540 salvatore
1429 504 1576 539 nostro

198 568 309 610 viam
334 577 448 610 tuam
470 582 734 626 quaererem,
772 582 861 610 non
883 567 1064 626 peritus,
1088 565 1164 609 sed
1186 564 1403 624 periturus
1424 579 1572 607 essem.

195 639 220 680 J
223 652 289 680 am
306 638 422 680 enim
433 652 649 696 coeperam
667 636 778 681 velle
792 636 928 680 videri
945 636 1128 696 sapiens,
1146 635 1299 694 plenus
1313 649 1443 693 poena
1456 649 1550 678 mea
1564 655 1575 691 3

194 715 237 749 et
253 721 341 749 non
362 706 519 749 flebam
536 727 547 763 3
570 707 747 764 insuper
767 715 809 750 et
825 705 1012 749 inflabar
1032 705 1226 749 scientia.
1254 704 1336 747 Ubi
1355 703 1468 746 enim
1488 713 1578 746 erat

192 774 266 818 illa
287 774 506 819 aedificans
526 776 710 819 charitas
724 791 746 818 a
766 774 1054 818 fundamento
1076 773 1348 827 humilitatis,
1373 773 1492 832 quod
1515 782 1578 817 est

193 846 388 889 Christus
422 847 571 888 Jesus?
594 849 680 888 Aut
704 845 883 903 quando
906 844 968 887 illi
995 844 1096 888 libri
1125 846 1333 887 docerent
1354 858 1424 886 me
1452 845 1579 886 eam?

193 917 243 958 In
267 930 375 974 quos
397 929 466 958 me
490 925 736 974 propterea,
762 914 1018 974 priusquam
1051 915 1291 972 Scripturas
1318 922 1413 956 tuas
1435 913 1579 956 consi-

194 985 406 1039 derarem,
423 984 552 1029 credo
568 984 740 1029 voluisti
759 985 1002 1035 incurrere3
1021 993 1072 1028 ut
1086 984 1406 1042 imprimeretur
1420 997 1577 1026 memo-

194 1055 268 1097 riae
283 1069 391 1097 meae
408 1054 630 1113 quomodo
650 1069 700 1097 ex
717 1055 775 1097 eis
793 1054 974 1097 affectus
994 1068 1128 1096 essem
1145 1071 1155 1096 ε
1181 1061 1224 1095 et
1245 1067 1346 1095 cum
1367 1059 1516 1109 postea
1533 1051 1578 1093 in

193 1123 313 1167 libris
340 1123 425 1167 tuis
458 1123 778 1168 mansuefactus
807 1137 958 1176 essem,
983 1131 1025 1165 et
1043 1121 1296 1165 curantibus
1318 1119 1462 1177 digitis
1495 1120 1579 1163 tuis

194 1201 568 1238 contrectarentur
599 1191 783 1235 vulnera
812 1206 923 1244 mea,
953 1191 1242 1234 discernerem
1275 1199 1406 1249 atque
1423 1188 1579 1233 distin-

195 1278 372 1321 guerem
393 1262 500 1322 quid
521 1263 745 1306 interesset
761 1261 872 1304 inter
884 1259 1268 1320 praesumptionem
1286 1268 1328 1303 et
1340 1257 1578 1303 confessio-

195 1348 317 1390 nem3
341 1333 454 1376 inter
475 1333 669 1377 videntes
691 1347 780 1391 quo
802 1331 998 1375 eundum
1016 1332 1069 1374 sit
1091 1345 1171 1374 nec
1187 1329 1383 1374 videntes
1408 1345 1511 1389 qua,
1535 1337 1579 1372 et

194 1404 307 1446 viam
336 1402 565 1446 ducentem
600 1402 653 1446 ad
683 1402 925 1445 beatificam
957 1401 1154 1460 patriam,
1181 1416 1269 1445 non
1290 1409 1458 1443 tantum
1482 1414 1577 1443 cer-

195 1472 400 1527 nendam,
441 1472 516 1516 sed
547 1481 590 1516 et
622 1471 920 1515 habitandam.
942 1474 1049 1516 Nam
1082 1471 1115 1514 si
1143 1470 1284 1529 primo
1311 1470 1467 1515 sanctis
1495 1470 1579 1515 tuis

192 1543 364 1586 Litteris
377 1541 634 1587 informatus
654 1557 804 1593 essem,
820 1551 863 1586 et
876 1541 922 1584 in
940 1556 1088 1584 earum
1107 1541 1396 1584 familiaritate
1413 1540 1578 1585 obdul-

197 1613 354 1657 cuisses
369 1613 492 1667 mihi,
513 1622 555 1656 et
572 1621 717 1672 postea
732 1612 777 1654 in
792 1611 865 1655 illa
881 1611 1100 1655 volumina
1119 1609 1378 1665 incidissem,
1397 1611 1575 1656 fortasse

198 1691 274 1725 aut
296 1682 584 1741 abripuissent
608 1697 676 1725 me
699 1697 721 1724 a
744 1680 1032 1725 solidamento
1057 1680 1253 1740 pietatis3
1286 1689 1361 1724 aut
1390 1680 1423 1724 si
1444 1680 1488 1724 in
1511 1680 1580 1725 af·-

197 1751 316 1796 fectu
344 1767 474 1811 quem
505 1751 720 1796 salubrem
755 1751 1015 1794 imbiberam
1045 1750 1344 1810 perstitissem,
1382 1753 1580 1809 putarem

199 1823 326 1865 etiam
339 1837 392 1865 ex
404 1821 486 1866 illis
501 1822 622 1866 libris
634 1837 735 1866 eum
748 1836 869 1881 posse
884 1821 1070 1881 concipi,
1085 1821 1118 1866 si
1132 1836 1205 1865 eos
1221 1820 1333 1865 solos
1349 1821 1580 1880 quisquam

201 1890 435 1935 didicisset.
