1871 3162
616 228 933 256 CONFESSIONUM
946 245 956 265 ‚
992 230 1073 256 Lm.
1111 232 1205 258 vm.
1502 224 1583 263 185

209 295 293 338 cito
321 294 541 338 exaudires
558 328 568 348 ,
595 302 637 337 et
668 294 753 337 cito
775 308 943 337 sanares
965 309 988 338 a
1011 295 1165 339 morbo
1194 298 1555 355 concupiscentiae
1570 335 1581 353 ‚

208 379 338 424 quam
356 363 570 406 malebam
594 363 752 421 expleri
773 378 904 423 quam
924 364 1132 423 extingui.
1158 367 1214 408 Et
1248 366 1378 409 ieram
1401 382 1477 426 per
1498 370 1584 413 vias

209 451 356 493 pravas
376 434 678 493 superstitione
698 435 900 493 sacrilega
920 470 930 489 ,
957 451 1045 480 non
1066 436 1244 495 quidem
1267 446 1410 482 certus
1432 438 1478 481 in
1508 454 1556 483 ea
1572 475 1582 495 ,

206 504 281 549 sed
303 505 424 564 quasi
447 519 701 563 praeponens
725 518 818 548 eam
850 505 1013 549 caeteris
1029 541 1040 561 ,
1074 521 1173 566 quae
1196 522 1285 551 non
1319 508 1389 566 pie
1417 524 1587 568 quaere-

208 575 330 628 bam,
354 573 429 617 sed
452 574 622 618 inimice
642 575 966 633 oppugnabam.

264 646 426 688 XVIII.
452 647 509 688 Et
532 653 785 704 putaveram
806 661 875 689 me
912 655 1139 705 propterea
1162 646 1340 691 differre
1363 647 1418 691 de
1444 647 1513 692 die
1541 650 1586 693 in

206 715 336 770 diem,
355 724 603 774 contempta
617 731 691 775 spe
708 715 869 771 saeculi,
891 725 933 760 te
950 716 1089 761 solum
1105 717 1244 777 sequi,
1266 718 1367 779 quia
1380 733 1468 763 non
1481 719 1586 763 mihi

205 785 440 844 apparebat
461 794 625 830 certum
654 786 818 846 aliquid
849 802 937 846 quo
960 787 1190 846 dirigerem
1212 803 1386 833 cursum
1421 805 1583 833 meum.

204 859 260 900 Et
281 865 458 900 venerat
479 856 569 900 dies
601 873 690 916 quo
724 856 913 901 nudarer
942 858 1072 911 mihi,
1107 867 1149 902 et
1176 859 1417 918 increparet
1445 860 1490 903 in
1517 875 1587 903 me

204 927 463 983 conscientia
486 942 579 971 mea
597 947 605 971 z
628 928 712 971 Ubi
730 937 792 972 est
806 928 985 986 lingua?
1006 932 1171 988 Nempe
1192 939 1241 973 tu
1262 930 1435 973 dicebas
1456 946 1588 989 prop-

203 1005 268 1040 ter
288 997 501 1041 incertum
524 1013 673 1041 verum
700 997 817 1041 nolle
843 1007 885 1041 te
913 999 1099 1058 abjicere
1127 999 1338 1043 sarcinam
1366 1000 1581 1043 vanitatis.

203 1068 416 1127 Eccejam
439 1077 606 1111 certum
627 1076 711 1122 est,
738 1077 781 1112 et
797 1067 869 1111 illa
888 1077 930 1112 te
952 1069 1095 1112 adhuc
1116 1069 1290 1128 premit,
1310 1069 1586 1128 humerisque

202 1136 474 1181 liberioribus
499 1153 660 1197 pennas
680 1138 921 1196 recipiunt,
955 1139 1031 1197 qui
1059 1153 1202 1198 neque
1232 1138 1291 1182 ita
1324 1138 1586 1198 inquirendo

203 1208 337 1251 attriti
364 1217 481 1263 sunt,
520 1224 600 1252 nec
636 1208 847 1253 decennio
870 1217 912 1252 et
945 1208 1128 1267 amplius
1157 1208 1237 1253 ista
1267 1209 1481 1266 meditati.
1522 1212 1586 1254 Ita

203 1278 387 1322 rodebar
406 1278 522 1322 intus
546 1288 590 1322 et
611 1278 913 1322 confundebar
936 1279 1102 1337 pudore
1119 1279 1316 1323 horribili
1348 1281 1586 1324 vehemen-

203 1357 267 1392 ter
283 1383 294 1403 ,
331 1363 432 1392 cum
468 1349 738 1392 Pontitianus
774 1348 874 1392 talia
911 1348 1180 1408 loqueretur.
1223 1350 1470 1394 Terminato
1509 1366 1587 1394 au-

203 1427 290 1461 tern
317 1433 514 1462 sermone
538 1428 581 1462 et
602 1434 729 1462 causa
749 1435 836 1478 qua
864 1429 1064 1474 venerat,
1088 1420 1195 1464 abiit
1226 1419 1314 1464 ille.
1342 1423 1398 1464 Et
1427 1435 1508 1478 ego
1530 1421 1587 1464 ad

203 1503 294 1543 me,
319 1504 418 1547 quae
440 1504 529 1532 non
548 1489 594 1532 in
608 1504 677 1532 me
690 1488 985 1542 dixiPQuibus
1008 1491 1316 1535 sententiarum
1334 1490 1586 1535 verberibus

202 1575 292 1603 non
313 1549 525 1615 flagellavi
541 1559 729 1602 animam
751 1574 907 1613 meam,
933 1569 982 1602 ut
996 1569 1248 1619 sequeretur
1265 1576 1335 1604 me
1354 1569 1587 1604 conantem

204 1638 301 1688 post
322 1638 364 1672 te
390 1629 477 1672 ire?
500 1632 555 1672 Et
577 1629 859 1684 renitebatur,
886 1630 1135 1684 recusabat,
1165 1639 1208 1673 et
1230 1645 1319 1674 non
1342 1645 1385 1674 se
1408 1646 1586 1675 excusa-

207 1700 294 1743 bat.
319 1701 586 1758 Consumpta
603 1708 725 1743 erant
747 1709 789 1743 et
813 1700 1010 1743 convicta
1041 1709 1296 1758 argumenta
1319 1701 1462 1744 omnia
1479 1735 1491 1755 ,
1517 1716 1586 1744 re-

203 1779 420 1814 manserat
441 1780 561 1814 muta
580 1770 832 1829 trepidatio,
854 1779 897 1814 et
917 1770 1039 1830 quasi
1066 1779 1249 1813 mortem
1278 1769 1586 1816 reformidabat

206 1842 402 1899 restringi
420 1857 442 1885 a
456 1843 580 1886 fluxu
600 1841 926 1886 consuetudinis
948 1857 1036 1901 quo
1053 1841 1303 1886 tabescebat
1318 1844 1364 1885 in
1382 1851 1581 1886 mortem.
