1871 3162
322 194 375 235 58
747 210 781 237 s.
816 208 1046 237 Aucus-nm
1078 209 1259 237 EPISCOPI

319 269 502 315 vinculis
523 286 623 332 quae
648 271 774 317 nobis
795 272 1001 327 fecimus,
1027 272 1060 317 si
1077 274 1167 332 jam
1189 288 1278 317 non
1300 273 1513 331 erigamus
1544 272 1701 318 adver-

318 356 390 385 sus
409 350 452 385 te
469 356 632 386 cornua
658 340 776 386 falsae
808 342 1016 387 libertatis
1033 377 1044 398 ‚
1085 344 1262 387 avaritia
1288 343 1386 403 plus
1416 341 1637 398 habendi,
1657 352 1699 387 et

317 410 478 456 damno
494 420 636 456 totum
658 411 912 470 amittendi3
937 411 1122 471 amplius
1147 410 1332 458 amando
1353 413 1579 473 proprium
1596 427 1700 456 nos-

318 490 436 525 trum
459 497 593 541 quam
615 491 657 526 te
679 482 874 526 omnium
891 482 1076 527 bonum.

316 659 1698 678 mmmmmmmmmmmmmmmmmmmffl

824 792 1043 841 CAPUT
1089 795 1178 842 IX.

372 942 648 989 Dz‘scrimen
677 945 803 990 inter
825 956 1035 1004 peccata
1050 981 1061 1001 ‚
1086 956 1132 991 et
1153 948 1281 993 inter
1295 945 1641 1009 Deijuclicz'um

842 1026 888 1060 et
909 1014 1168 1061 hominum.

370 1175 515 1218 XVII.
554 1176 638 1219 SED
661 1175 775 1219 inter
795 1174 957 1234 flagitia
979 1185 1022 1220 et
1044 1174 1236 1220 facinora
1257 1183 1301 1220 et
1326 1184 1415 1220 tam
1437 1175 1596 1220 multas
1612 1175 1698 1220 ini-

311 1244 515 1303 quitates,
531 1254 633 1288 sunt
649 1254 826 1305 peccata
843 1246 1161 1305 proficientium
1178 1281 1189 1301 ‚
1213 1261 1313 1306 quae
1332 1261 1355 1289 a
1373 1245 1485 1290 bene
1500 1247 1699 1306 judican-

314 1314 428 1358 tibus
450 1324 494 1358 et
515 1315 820 1374 vituperantur
834 1331 885 1359 ex
901 1316 1050 1374 regula
1072 1316 1351 1375 perfectionis
1367 1350 1378 1371 ‚
1402 1325 1446 1359 et
1461 1315 1698 1361 laudantur

310 1400 386 1444 spe
420 1384 556 1442 frugis
572 1420 582 1440 ‚
618 1386 730 1429 sicut
754 1386 889 1430 herba
913 1387 1082 1445 segetis.
1111 1390 1167 1431 Et
1188 1396 1290 1431 sunt
1319 1385 1523 1446 quaedam
1544 1387 1699 1432 similia

309 1455 378 1499 vel
398 1456 563 1513 flagitio
584 1455 653 1499 vel
675 1456 884 1510 facinori,
909 1466 952 1500 et
973 1472 1063 1501 non
1084 1467 1185 1501 sunt
1206 1467 1381 1516 peccata
1397 1491 1408 1511 ‚
1433 1458 1536 1517 quia
1557 1473 1637 1502 nec
1655 1467 1698 1503 te

309 1524 544 1569 offendunt
566 1527 801 1570 Dominum
822 1530 962 1571 Deum
988 1537 1185 1572 nostrum
1205 1563 1215 1582 ‚
1241 1543 1321 1571 nec
1337 1528 1493 1572 sociale
1514 1543 1694 1573 consor-

310 1596 417 1640 tium
437 1617 448 1653 ς
473 1611 571 1640 cum
595 1596 884 1640 conciliantur
898 1597 1042 1657 aliqua
1055 1598 1100 1640 in
1116 1613 1241 1641 usum
1261 1598 1360 1641 vitae
1377 1613 1569 1655 congrua
1590 1608 1696 1642 tem-

310 1666 428 1724 pori,
449 1675 493 1709 et
512 1666 727 1710 incertum
751 1676 815 1710 est
835 1682 891 1710 an
911 1666 1093 1710 libidine
1114 1666 1333 1724 habendi3
1359 1677 1434 1711 aut
1450 1668 1697 1726 puniuntur

309 1734 555 1793 corrigendi
583 1736 728 1780 studio
754 1745 965 1794 potestate
994 1736 1218 1792 ordinata,
1244 1746 1287 1780 et
1308 1738 1524 1781 incertum
1546 1747 1610 1781 est
1639 1754 1696 1782 an

306 1804 488 1848 libidine
510 1805 710 1849 nocendi.
745 1805 886 1850 Multa
914 1807 1061 1865 itaque
1081 1806 1196 1850 facta
1216 1823 1315 1867 quae
1337 1807 1589 1851 hominibus
1609 1808 1694 1852 im-

306 1875 535 1934 probanda
551 1875 820 1931 viderentur,
841 1876 1091 1920 testimonio
1121 1886 1197 1921 tuo
1225 1877 1463 1936 approbata
1482 1886 1585 1921 sunt
1611 1896 1620 1922 ε
1650 1887 1694 1922 et

306 1944 445 1988 multa
477 1943 655 1989 laudata
679 1946 734 1989 ab
757 1946 1006 1990 hominibus
1021 1981 1032 2000 ‚
1068 1955 1110 1990 te
1142 1955 1251 1990 teste
1271 1947 1537 1990 damnantur
1560 1966 1569 1991 :
1590 1963 1693 1991 cum

306 2030 421 2074 saepe
435 2030 479 2058 se
490 2014 615 2059 aliter
626 2016 762 2060 habet
777 2017 938 2075 species
955 2016 1074 2071 facti,
1091 2026 1134 2060 et
1150 2017 1273 2060 aliter
1285 2017 1481 2061 facientis
1503 2018 1689 2074 animus,

307 2094 440 2144 atque
462 2084 670 2129 articulus
693 2085 853 2130 occulti
871 2086 1092 2146 temporis.
1117 2088 1229 2131 Cum
1249 2102 1351 2132 vero
1368 2087 1535 2147 aliquid
1555 2097 1604 2132 tu
1621 2104 1692 2133 re-

304 2164 436 2215 pente
452 2156 708 2200 inusitatum
723 2166 766 2201 et
781 2158 1061 2217 improvisum
1081 2157 1282 2217 imperas,
1298 2159 1429 2203 etiam
1446 2159 1481 2203 si
1502 2159 1585 2204 hoc
1608 2159 1690 2204 ali-

304 2226 482 2286 quando
498 2226 698 2282 vetuisti,
718 2228 915 2287 quamvis
932 2243 1105 2273 causam
1122 2228 1291 2287 imperii
1312 2229 1377 2273 tui
1398 2244 1478 2288 pro
1494 2238 1691 2289 tempore

305 2295 518 2354 occultes3
542 2306 585 2341 et
604 2298 801 2357 quamvis
823 2307 975 2342 contra
997 2307 1174 2358 pactum
1196 2298 1250 2342 sit
1269 2298 1516 2358 aliquorum
1542 2300 1687 2345 homi-

306 2380 414 2409 num
434 2367 646 2411 societatis
663 2402 675 2423 ,
705 2368 803 2428 quis
831 2367 1003 2412 dubitet
1027 2383 1116 2412 esse
1134 2367 1411 2426 faciendum3
1435 2369 1615 2428 quando
1637 2385 1687 2414 ea

298 2437 415 2496 justa
435 2446 500 2482 est
520 2439 699 2484 societas
722 2439 947 2484 hominum
968 2454 1068 2499 quae
1088 2439 1219 2484 servit
1243 2439 1347 2484 tibi?
1371 2439 1456 2485 Sed
1477 2441 1594 2484 beati
1609 2442 1687 2501 qui

304 2516 347 2551 te
367 2507 595 2565 imperasse
608 2509 766 2554 sciunt.
787 2510 922 2555 Fiunt
938 2510 1055 2554 enim
1071 2511 1218 2555 omnia
1234 2525 1258 2555 a
1278 2511 1563 2555 servientibus
1585 2511 1683 2565 tibi,
