1871 3162
586 269 930 306 eom-Essmmm,
965 268 1047 295 Lm.
1085 268 1127 294 x.
1463 256 1546 296 <245

182 452 780 471 wwwutmwwwwtmuaewwvwwu'w

992 449 1200 467 wwwwwi
1204 449 1479 467 mvkumvmmwn
1484 450 1552 465 §KRV

704 583 917 632 CAPUT
955 584 1061 630 XV.

448 742 620 788 Etiam
643 757 749 801 quse
780 739 955 786 absunt
987 740 1298 784 meminimus.

246 902 414 944 XXIII.
444 901 526 944 Si-:o
549 908 695 943 utrum
734 914 812 958 per
842 899 1070 956 imagineS,
1108 911 1253 941 annon
1272 931 1283 951 ,
1308 896 1406 957 quis
1441 896 1567 941 facile

189 969 372 1015 dixerit?
401 970 588 1014 Nomino
621 969 784 1029 quippe
807 968 996 1027 lapidem
1018 1003 1028 1017 ,
1056 967 1232 1011 nomino
1266 965 1399 1011 solem
1417 1001 1429 1022 ,
1468 982 1569 1011 cum

191 1056 256 1085 res
273 1041 376 1099 ipsae
398 1054 488 1083 non
510 1038 669 1083 adsunt
689 1038 884 1082 sensibus
903 1038 1031 1092 meis,
1058 1039 1101 1081 in
1122 1037 1329 1081 memoria
1352 1052 1454 1080 sane
1477 1052 1572 1080 mea

192 1120 349 1171 praesto
371 1119 472 1154 sunt
493 1110 699 1168 imagines
722 1124 884 1152 earum.
918 1109 1104 1152 Nomino
1135 1107 1329 1151 dolorem
1353 1109 1542 1166 corporis
1558 1143 1569 1163 ‚

193 1197 272 1226 nec
291 1181 395 1225 mihi
418 1181 536 1224 adest
555 1180 659 1223 dum
685 1179 791 1222 nihil
813 1179 930 1222 dolet
949 1200 960 1236 3
985 1179 1063 1222 nisi
1082 1187 1227 1222 tamen
1247 1178 1412 1222 adesset
1432 1178 1574 1236 imago

193 1254 282 1312 ejus
299 1253 343 1295 in
378 1251 584 1295 memoria
606 1266 700 1294 mea
721 1286 731 1304 ‚
758 1250 963 1294 nescirem
989 1250 1095 1310 quid
1130 1250 1317 1294 dicerem
1334 1284 1344 1304 ‚
1371 1265 1451 1294 nec
1474 1265 1575 1294 eum
1632 1262 1645 1272 s

193 1324 238 1366 in
260 1323 522 1381 disputando
544 1338 566 1364 a
595 1320 816 1379 voluptate
844 1319 1146 1364 discernerem.
1177 1320 1363 1366 Nomino
1392 1320 1576 1364 salutem

195 1394 405 1452 corporis,
437 1407 534 1435 cum
569 1390 711 1435 salvus
745 1406 840 1434 sum
868 1406 1049 1449 corpore
1080 1410 1089 1435 :
1115 1391 1234 1435 adest
1268 1391 1376 1435 mihi
1399 1389 1576 1451 quidem

196 1478 261 1506 res
285 1464 372 1522 ipsa
391 1483 401 1518 3
420 1470 718 1505 verumtamen
742 1461 821 1504 nisi
839 1469 881 1504 et
899 1461 1043 1518 imago
1064 1462 1156 1520 ejus
1175 1462 1332 1506 inesset
1353 1461 1397 1504 in
1418 1476 1578 1505 memo·

196 1536 258 1579 ria
279 1548 400 1588 mea,
432 1532 554 1576 nullo
576 1532 706 1575 modo
737 1530 984 1575 recordarer
1004 1531 1110 1592 quid
1135 1533 1263 1592 hujus
1283 1532 1470 1576 nominis
1491 1532 1577 1590 sig-

197 1605 390 1649 nificaret
408 1619 552 1648 sonus.
587 1606 674 1648 Nec
702 1612 962 1662 aegrotantes
986 1613 1266 1662 agnoscerent
1283 1604 1420 1648 salute
1441 1603 1581 1648 nomi-

198 1684 299 1718 nata
329 1673 437 1733 quid
469 1682 576 1717 esset
610 1673 774 1717 dictum
792 1708 802 1725 ‚
837 1675 916 1717 nisi
950 1673 1099 1717 eadem
1127 1674 1272 1733 imago
1293 1674 1336 1718 vi
1358 1674 1579 1718 memoriae

199 1754 444 1798 teneretur,
482 1745 675 1805 quamvis
710 1746 799 1803 ipsa
828 1760 892 1789 res
927 1746 1093 1790 abesset
1126 1762 1149 1790 a
1172 1761 1367 1805 corpore.
1393 1746 1581 1791 Nomino

201 1832 403 1861 numeros
432 1817 590 1875 quibus
610 1831 888 1860 numeramus
906 1851 916 1870 ‚
951 1825 993 1860 et
1015 1815 1174 1861 adsunt
1191 1818 1236 1861 in
1257 1817 1463 1861 memoria
1487 1832 1582 1861 mea

203 1903 292 1930 non
321 1886 526 1944 imagines
554 1901 729 1939 eorum,
765 1886 840 1929 sed
862 1886 957 1944 ipsi.
988 1886 1174 1931 Nomino
1195 1887 1427 1945 imaginem
1454 1886 1580 1942 solis,

204 1967 246 2001 et
274 1958 366 2000 haec
397 1957 516 1999 adest
550 1956 594 1998 in
628 1956 832 1999 memoria
866 1970 996 2000 mea:
1035 1971 1178 2015 neque
1213 1957 1329 2000 enim
1352 1957 1582 2014 imaginem

204 2026 401 2084 imaginis
424 2026 512 2085 ejus
531 2060 541 2078 ‚
568 2025 641 2068 sed
675 2025 809 2083 ipsam
846 2024 987 2069 recolo
1010 2045 1018 2069 :
1043 2026 1133 2085 ipsa
1167 2026 1273 2070 mihi
1294 2026 1587 2070 reminiscenti

206 2105 362 2155 praesto
384 2104 461 2138 est.
481 2093 665 2140 Nom'ino
688 2095 957 2150 memoriam,
978 2103 1020 2138 et
1042 2111 1228 2154 agnosco
1246 2095 1368 2155 quod
1390 2097 1583 2140 nomino.

207 2170 265 2211 Et
288 2166 361 2209 ubi
385 2181 570 2224 agnosco
593 2166 672 2209 nisi
710 2165 754 2209 in
788 2165 876 2225 ipsa
911 2165 1150 2210 memoria?
1185 2169 1297 2211 Num
1323 2175 1365 2210 et
1393 2167 1481 2226 ipsa
1513 2181 1587 2225 per

208 2236 440 2295 imaginem
464 2251 584 2280 suam
602 2236 686 2279 >sibi
709 2235 859 2291 adest,
883 2252 932 2281 ac
954 2251 1043 2281 non
1064 2252 1141 2297 per
1163 2251 1206 2281 se
1228 2237 1397 2296 ipsam?
