1871 3162
299 223 354 261 36
736 237 769 262 s.
805 234 1035 263 Aucosnm
1069 235 1248 262 EPlscom

294 429 365 446 ΜΜ
369 430 787 447 mmmmm
792 426 1669 448 wuwwwuvmmwsmmwwsm‘wxmmmmmvuw

830 584 1047 633 CAPUT
1084 586 1144 633 V.

583 750 843 798 Neminem
861 765 1069 810 peccare
1086 751 1188 795 sine
1207 764 1377 795 causa.

348 922 406 964 X.
431 921 608 964 ETENIM
627 919 791 979 species
813 929 876 964 est
899 919 1092 979 pulchris
1114 919 1369 979 corporibus
1385 954 1396 975 ,
1416 928 1460 964 et
1486 934 1613 974 auro,
1633 927 1676 963 et

291 999 494 1049 argento,
520 1000 564 1034 et
585 990 818 1049 omnibus3
851 1000 894 1035 et
916 990 962 1034 in
990 999 1198 1035 contactu
1229 991 1369 1034 carnis
1391 990 1675 1048 congruentia

287 1061 402 1107 valet
425 1060 688 1121 plurimum,
717 1063 972 1121 caeterisque
1001 1061 1198 1106 sensibus
1229 1071 1293 1106 est
1318 1077 1393 1105 sua
1415 1062 1574 1120 cuique
1602 1076 1677 1104 ac-

288 1132 565 1177 commodata
597 1133 864 1177 modificatio
898 1148 1131 1191 corporum
1159 1151 1168 1178 :
1202 1133 1337 1176 habet
1373 1133 1502 1176 etiam
1537 1133 1677 1176 honor

289 1202 553 1262 temporalis,
571 1212 613 1247 et
636 1202 914 1261 imperitandi
931 1212 1063 1262 atque
1082 1202 1316 1261 superandi
1338 1202 1531 1261 potentia
1548 1216 1677 1245 suurn

289 1272 420 1317 decus
440 1308 450 1328 ‚
478 1272 597 1316 unde
628 1273 758 1317 etiam
779 1273 985 1316 vindictae
1008 1271 1186 1316 aviditas
1207 1274 1365 1327 oritur,
1391 1281 1434 1316 et
1464 1281 1609 1316 tamen
1632 1271 1678 1314 in

290 1353 448 1388 cuncta
470 1345 563 1388 haec
586 1342 865 1402 adipiscenda
882 1359 971 1388 non
992 1353 1055 1386 est
1077 1342 1391 1402 egrediendum
1409 1343 1484 1387 abs
1507 1352 1564 1398 te,
1590 1346 1679 1387 Do-

289 1414 429 1469 mine,
462 1429 606 1474 neque
640 1413 905 1458 deviandum
941 1413 1082 1472 alege
1119 1423 1208 1457 tua.
1248 1416 1304 1457 Et
1339 1414 1426 1457 vita
1451 1428 1582 1473 quam
1605 1413 1675 1456 hic

287 1483 471 1529 vivimus
490 1519 500 1539 ‚
524 1485 658 1528 habet
692 1483 944 1528 illecebram
967 1499 1087 1528 suam
1112 1495 1289 1543 propter
1309 1486 1546 1544 quemdam
1579 1500 1676 1528 mo-

289 1554 395 1599 dum
417 1554 582 1599 decoris
610 1555 676 1598 sui
695 1589 705 1609 ,
741 1564 785 1599 et
806 1555 1151 1599 convenientiam
1177 1571 1277 1600 cuin
1301 1556 1366 1599 his
1383 1556 1587 1600 omnibus
1610 1556 1677 1599 in-

288 1625 401 1669 fimis
438 1625 642 1684 pulchris,
680 1625 881 1669 Amicitia
929 1640 1106 1684 quoque
1138 1626 1367 1670 hominum
1390 1627 1520 1670 charo
1558 1626 1676 1671 nodo

288 1694 427 1739 dulcis
447 1705 511 1740 est
529 1705 707 1755 propter
725 1696 934 1739 unitatem
950 1694 1005 1738 de
1028 1695 1176 1739 multis
1195 1696 1362 1740 animis.
1377 1700 1559 1754 Propter
1585 1696 1676 1739 uni-

287 1782 409 1811 versa
430 1768 523 1811 haec
557 1776 688 1826 atque
726 1765 977 1825 hujusmodi
998 1776 1224 1825 peccatum
1260 1767 1534 1822 admittitur,
1570 1767 1676 1811 dum

288 1836 573 1881 immoderata
595 1838 641 1880 in
662 1837 742 1880 ista
763 1836 1074 1892 inclinatione,
1093 1852 1193 1881 cum
1217 1846 1410 1881 extrema
1430 1839 1545 1882 bona
1566 1839 1673 1894 sint,

288 1908 467 1952 meliora
489 1917 532 1952 et
554 1922 723 1952 summa
742 1907 1024 1962 deseruntur,
1055 1917 1104 1951 tu
1120 1943 1131 1962 ‚
1157 1909 1339 1952 Domine
1362 1913 1477 1953 ‘Deus
1506 1919 1673 1965 noster,

289 1986 332 2021 et
354 1978 507 2022 veritas
530 1987 603 2021 tua
618 2011 629 2032 ,
654 1985 697 2020 et
718 1976 789 2020 lex
807 1986 897 2020 tua.
926 1977 1102 2020 Habent
1119 1978 1235 2021 enim
1256 1987 1300 2021 et
1317 1978 1409 2022 haec
1430 1979 1515 2022 ima
1538 1978 1678 2023 delec-

288 2049 472 2092 tationes
489 2082 499 2101 ‚
531 2047 607 2091 sed
629 2063 718 2091 non
747 2047 858 2091 sicut
875 2050 987 2090 Deus
1010 2062 1132 2090 meus
1154 2047 1231 2105 qui
1255 2046 1357 2091 fecit
1379 2049 1547 2104 omnia,
1575 2049 1677 2107 quia

287 2117 333 2161 in
365 2118 458 2177 ipso
485 2118 724 2163 delectatur
750 2118 895 2177 justus
914 2151 925 2172 ‚
967 2125 1010 2161 et
1038 2117 1127 2176 ipse
1158 2127 1221 2161 est
1255 2117 1422 2162 deliciae
1458 2128 1676 2164 rectorum

289 2187 435 2232 corde.

347 2262 427 2302 XI.
449 2260 561 2304 Cum
578 2259 725 2318 itaque
741 2257 795 2301 de
812 2256 1004 2302 facinore
1027 2259 1238 2317 quaeritur
1255 2275 1341 2318 qua
1359 2274 1485 2304 causa
1508 2260 1672 2305 factum

291 2329 365 2383 sit,
388 2328 506 2372 credi
528 2344 618 2373 non
639 2328 776 2382 solet,
806 2328 888 2371 nisi
920 2343 1020 2371 cum
1054 2329 1272 2387 appetitus
1303 2329 1568 2389 adipiscendi
1591 2331 1670 2374 ali-

292 2400 415 2458 cujus
443 2399 617 2442 illorum
643 2399 882 2453 bonorum,
909 2415 1008 2457 quae
1042 2399 1188 2442 infima
1211 2401 1396 2445 diximus
1413 2436 1423 2455 ‚
1464 2417 1554 2445 esse
1592 2418 1673 2461 po-

292 2470 422 2512 tuisse
441 2470 702 2527 apparuerit,
720 2478 795 2512 aut
817 2478 957 2512 metus
974 2469 1214 2513 amittendi.
1230 2470 1411 2514 Pulchra
1435 2482 1537 2516 sunt
1558 2473 1671 2516 enim

294 2549 337 2582 ct
363 2538 534 2593 decora,
556 2555 804 2598 quanquam
830 2554 918 2596 prae
941 2539 1064 2583 bonis
1086 2541 1378 2598 superioribus
1400 2552 1443 2585 et
1464 2542 1672 2588 beatificis
