1871 3162
655 233 1002 271 CONFESSIONUM‚
1037 233 1120 260 Lm.
1156 235 1200 261 x.
1520 227 1604 264 283

226 315 305 360 pro
331 297 562 344 immortali
588 313 632 342 se
661 305 863 342 ostentet.
887 297 971 342 Sed
1001 298 1103 357 quia
1139 293 1403 356 stipendium
1441 303 1611 358 peccati

226 385 341 414 mors
355 378 434 425 est,
454 369 537 413 hoe
554 368 686 412 habet
702 382 935 412 commune
949 382 1049 412 cum
1061 366 1327 422 hominibus,
1348 368 1466 412 unde
1480 369 1609 413 simul

231 440 461 484 damnetur
476 440 522 483 in
537 449 740 484 mortem.

231 646 246 660 R
252 645 299 660 ἋΊ
308 643 583 661 xmoesvwwmmm
588 644 797 660 mmm
802 643 939 660 ἋΛΊΜΜ
943 642 1110 659 ΜΜΜνὶ
1114 643 1146 658 ἱὶ
1150 642 1358 658 ’ὶὶῑνὶΝἋΜΜ
1362 642 1429 658 m&
1433 643 1608 659 wummurv

692 788 909 836 CAPUT
947 789 1139 835 XLIII.

595 955 814 1002 Christus
834 972 974 1001 verus
1002 954 1252 1001 mediator.

289 1130 487 1172 LXVIII.
523 1131 675 1172 VEnAx
698 1137 843 1172 autem
866 1127 1076 1172 mediator
1098 1142 1229 1186 quem
1246 1135 1408 1171 secreta
1429 1135 1504 1171 tua
1527 1125 1608 1170 mi-

224 1199 452 1244 sericordia
466 1199 767 1243 demonstrasti
782 1199 1037 1252 humilibus,
1062 1208 1104 1242 et
1124 1198 1273 1242 misisti
1290 1207 1339 1242 ut
1352 1199 1442 1258 ejus
1464 1213 1610 1242 exem-

224 1270 298 1330 plo
320 1270 448 1314 etiam
470 1269 604 1328 ipsam
628 1268 843 1314 discerent
863 1269 1170 1323 humilitatem,
1204 1268 1416 1313 mediator
1436 1267 1509 1312 ille
1533 1269 1611 1313 Dei

225 1350 268 1384 et
289 1340 514 1384 hominum
536 1340 669 1384 homo
701 1340 897 1384 Christus
922 1342 1057 1394 Jews,
1091 1340 1202 1383 inter
1224 1339 1426 1383 mortales
1452 1354 1610 1398 pecca·-

227 1420 338 1455 tores
369 1420 411 1454 et
443 1410 728 1454 immortalem
749 1411 916 1469 justum
937 1411 1166 1469 apparuit3
1192 1409 1381 1454 mortalis
1405 1425 1504 1454 cum
1527 1410 1610 1454 ho·-

224 1481 431 1537 minibus,
448 1482 589 1541 justus
607 1496 708 1524 cum
728 1484 830 1525 Deo.
851 1483 907 1524 Ut
924 1481 1129 1540 quoniam
1153 1480 1417 1540 stipendium
1435 1481 1611 1539 justitiae

224 1553 311 1597 vita
336 1562 379 1597 et
400 1567 481 1610 pax
503 1562 582 1606 est,
616 1567 692 1610 per
710 1552 921 1610 justitiam
952 1553 1229 1611 conjunctam
1262 1555 1352 1596 Deo
1384 1561 1611 1596 evacuaret

223 1632 408 1667 mortem
434 1622 766 1681 justificatorum
802 1622 1051 1681 impiorum,
1079 1638 1212 1682 quam
1235 1638 1336 1666 cum
1367 1621 1450 1666 illis
1472 1620 1611 1666 voluit

224 1695 277 1738 ha
286 1695 385 1737 bere
404 1708 698 1737 communem.
719 1693 799 1737 Hie
815 1692 1136 1738 demonstratus
1153 1702 1216 1737 est
1231 1693 1419 1753 antiquis
1433 1693 1606 1747 sanctis,

225 1773 275 1808 ut
305 1765 365 1808 ita
394 1763 472 1822 ipsi
493 1779 570 1822 per
591 1763 723 1807 fidem
759 1763 920 1807 futurae
941 1764 1149 1823 passionis
1173 1766 1279 1823 ejus,
1304 1764 1415 1807 sicut
1436 1779 1514 1807 nos
1535 1778 1611 1822 per

226 1833 356 1878 fidem
380 1834 611 1893 praeteritae
631 1832 734 1877 salvi
752 1834 920 1878 fierent.
947 1837 998 1877 In
1021 1844 1235 1894 quantum
1257 1834 1371 1878 enim
1392 1835 1542 1889 homo,
1566 1834 1611 1877 in

229 1914 398 1948 tantum
414 1903 648 1961 mediator3
666 1904 711 1947 in
727 1913 941 1964 quantum
954 1914 1099 1948 autem
1115 1904 1306 1948 Verbum
1320 1920 1408 1948 non
1423 1903 1608 1958 medius,

227 1975 328 2033 quia
341 1974 518 2033 aequalis
533 1976 637 2028 Deo,
653 1983 695 2018 et
708 1976 821 2018 Deus
834 1975 951 2033 apud
966 1977 1121 2029 Deum,
1136 1985 1179 2019 et
1193 1973 1323 2018 simul
1334 1989 1432 2018 cum
1449 1973 1612 2033 Spiritu

227 2053 376 2088 sancto
390 2059 502 2087 unus
521 2046 649 2087 Deus.

286 2116 443 2157 LXIX.
478 2113 706 2166 Quomodo
723 2128 800 2157 nos
819 2114 984 2168 amasti,
1005 2117 1129 2158 Pater
1151 2115 1280 2170 bone,
1308 2115 1383 2174 qui
1405 2113 1517 2159 Filio
1533 2124 1611 2159 tuo

227 2186 356 2228 unico
369 2200 458 2228 non
475 2184 718 2244 pepercisti,
740 2183 814 2228 sed
829 2200 908 2244 pro
925 2184 1051 2229 nobis
1063 2185 1203 2244 impiis
1222 2184 1435 2229 tradidisti
1453 2187 1612 2228 eum1?

227 2253 453 2308 Quomodo
486 2270 563 2298 nos
591 2254 741 2297 amasti
763 2270 842 2313 pro
864 2254 1024 2314 quibus
1048 2254 1136 2309 ille,
1161 2271 1249 2298 non
1273 2256 1467 2314 rapinam
1492 2255 1609 2299 arbi-

227 2334 361 2368 tratus
383 2340 472 2368 esse
493 2324 670 2384 aequalis
691 2324 787 2378 tibi,
805 2323 943 2368 factus
958 2334 1020 2368 est
1041 2324 1241 2369 subditus
1264 2340 1402 2384 usque
1421 2324 1472 2369 ad
1492 2340 1611 2370 mor-

227 2406 314 2439 tem
331 2396 467 2439 erucis
481 2397 513 2450 ²,
531 2411 644 2439 unus
658 2395 731 2438 ille
745 2395 791 2438 in
807 2396 989 2439 mortuis
1003 2395 1113 2440 liber
1124 2398 1155 2451 ³,
1175 2405 1431 2455 potestatem
1445 2397 1610 2441 habens

227 2466 419 2527 ponendi
449 2467 636 2511 animam
656 2481 794 2520 suam,
821 2475 863 2510 et
884 2475 1140 2525 potestatem
1163 2467 1327 2512 habens
1358 2468 1515 2512 iterum
1538 2484 1611 2512 su-

275 2572 282 2587 ¹
306 2567 396 2596 Rom.
413 2575 483 2606 vm,
505 2564 557 2598 32.
582 2582 612 2588 -
640 2571 652 2587 ²
670 2564 782 2606 Philip.
797 2564 886 2607 11‚-6.
908 2581 948 2586 —
970 2562 982 2588 3
1001 2564 1245 2608 Psatyxxxvn,
1263 2564 1339 2597 6-8.
