1871 3162
310 194 394 234 498
744 201 776 235 s.
813 202 1044 239 Aucus-nm
1078 204 1260 235 trucum

311 269 465 332 populi
486 268 734 328 christiani,
758 284 845 318 non
868 268 1002 313 idiota
1019 304 1031 326 ‚
1051 278 1102 314 ut
1123 270 1263 328 aiunt,
1289 269 1365 316 sed
1392 270 1622 317 doctorum
1639 270 1692 315 li-

308 340 399 386 bris
421 338 633 400 expolitus
656 347 788 399 atque
810 337 1005 384 excultus
1028 340 1195 386 accedit
1209 376 1220 397 ‚
1244 340 1439 386 modesta
1460 340 1690 386 collatione

314 409 540 464 tractanda
561 419 684 455 sunt:
701 418 873 454 tantum
894 420 1111 470 assumpta
1127 411 1406 472 praecipiendi
1419 411 1692 474 auctoritate,>

312 491 364 527 ut
384 490 532 528 caveat
549 480 899 541 praesumptionis
922 496 1108 540 errores3
1123 492 1337 542 quantum
1359 484 1451 544 ejus
1471 482 1693 527 humilitas

311 567 411 615 quae
431 551 558 596 illum
582 551 785 607 adduxit,
807 553 897 612 jam
921 551 1106 596 sentitur
1133 553 1376 598 admittere.
1402 556 1571 598 Caetera
1588 567 1692 597 vero

313 622 555 668 secundum
572 622 741 680 regulas
766 622 976 667 doctrinae
997 621 1193 672 salutaris
1211 658 1222 678 ,
1249 624 1335 667 sive
1358 624 1412 667 de
1434 623 1520 667 fide
1537 658 1548 678 ,
1572 638 1695 684 quae-

312 707 503 751 cumque
524 693 738 736 narranda
761 692 833 737 vel
861 692 1107 738 disserenda
1129 701 1230 737 sunt
1247 727 1258 748 ,
1289 693 1376 737 sive
1398 692 1453 737 de
1474 693 1666 738 moribus
1680 728 1692 748 ,

311 761 398 806 sive
421 761 476 805 de
497 760 811 806 tentationibus
829 797 840 817 ‚
866 777 918 807 eo
939 763 1071 808 modo
1089 762 1383 822 percurrendo
1405 778 1494 823 quo
1515 761 1621 818 dixi,
1640 762 1697 808 ad

315 830 434 876 illam
456 831 917 891 supereminentiorem
936 832 1051 877 viam
1073 833 1218 878 omnia
1240 831 1467 878 referenda
1488 842 1604 878 sunt.

830 1144 1048 1194 CAPUT
1092 1147 1181 1193 IX.

327 1298 655 1346 Grammatici
675 1309 722 1345 et
741 1299 972 1346 Oratores
990 1297 1227 1359 quomodo
1250 1299 1510 1346 tractandi.
1522 1329 1574 1339 —
1587 1298 1644 1348 V
1640 1316 1706 1345 0oe

617 1369 689 1416 ad
706 1387 849 1416 aures
878 1370 995 1427 Dei,
1017 1368 1172 1416 animi
1187 1369 1407 1433 affectus.

379 1532 506 1574 XIII.
535 1532 652 1576 SUNT
677 1531 783 1574 item
805 1531 983 1590 quidam
1003 1528 1057 1573 de
1075 1529 1231 1573 scholis
1252 1528 1536 1573 usitatissimis
1554 1529 1709 1572 Gram—

319 1602 578 1646 maticorum
616 1602 938 1661 Oratorumque
974 1600 1198 1644 venientes
1214 1635 1224 1655 ‚
1264 1615 1374 1659 quos
1416 1615 1559 1660 neque
1596 1600 1709 1644 inter

322 1671 473 1718 idiotas
509 1686 740 1715 numerare
774 1669 956 1725 audeas,
993 1685 1137 1729 neque
1159 1669 1272 1714 inter
1294 1670 1390 1714 illos
1414 1669 1705 1726 doctissimos,

320 1758 510 1804 quorum
531 1757 652 1786 mens
675 1757 931 1800 magnarum
956 1757 1099 1786 rerum
1119 1752 1183 1786 est
1204 1742 1435 1786 exercitata
1456 1743 1709 1802 quaestioni—

320 1814 418 1858 bus.
440 1813 516 1857 His
538 1828 641 1872 ergo
661 1813 738 1873 'qui
755 1811 968 1873 loquendi
989 1821 1080 1856 arte
1107 1813 1272 1857 caeteris
1290 1812 1545 1857 hominibus
1567 1812 1710 1857 excel·—

320 1884 408 1929 lere
429 1884 656 1939 videntur,
683 1899 783 1928 cum
804 1884 987 1928 veniunt
1007 1892 1057 1927 ut
1079 1884 1312 1928 Christiani
1335 1885 1468 1939 fiant,
1499 1885 1582 1928 hoc
1613 1900 1708 1928 am-

319 1955 433 2016 plius
456 1969 588 2016 quam
616 1954 699 1998 illis
722 1953 953 1999 illitteratis
976 1955 1199 2014 impertire
1232 1953 1467 2009 debemus,
1495 1953 1615 2014 quod
1638 1969 1706 1998 se-

321 2026 428 2071 dulo
439 2025 648 2070 monendi
663 2035 781 2079 sunt,
794 2035 842 2069 ut
855 2025 1101 2068 humilitate
1119 2024 1264 2068 induti
1280 2024 1528 2079 christiana,
1539 2024 1708 2069 discant

320 2112 410 2141 non
438 2105 747 2151 contemnere,
779 2111 888 2155 quos
917 2096 1202 2154 cognoverint
1234 2110 1405 2138 morum
1440 2095 1541 2138 vitia
1573 2110 1703 2154 quam

320 2168 556 2213 verborum
580 2166 764 2226 amplius
786 2165 1004 2223 devitare3
1025 2175 1068 2210 et
1090 2166 1210 2210 cordi
1229 2175 1345 2210 casto
1373 2166 1568 2223 linguam
1586 2181 1707 2210 exer-

319 2241 496 2284 citatam
518 2254 598 2282 nec
613 2237 810 2282 conferre
827 2237 1018 2293 audeant
1032 2273 1042 2292 ,
1065 2253 1198 2298 quam
1220 2238 1349 2282 etiam
1369 2236 1574 2297 praeferre
1596 2253 1704 2282 con-

316 2318 561 2354 sueverant.
602 2310 788 2353 Maxime
823 2318 966 2353 autem
1004 2308 1073 2353 isti
1101 2307 1287 2353 docendi
1324 2317 1425 2352 sunt
1463 2308 1703 2367 Scripturas

317 2381 465 2424 audire
482 2379 664 2434 divinas,
687 2395 741 2423 ne
763 2380 935 2424 sordeat
957 2380 1015 2423 eis
1036 2379 1224 2423 solidum
1241 2378 1480 2439 eloquium,
1497 2378 1598 2439 quia
1612 2394 1701 2423 non

313 2459 376 2494 est
396 2451 624 2509 inflatum3
657 2467 799 2512 neque
829 2451 1097 2496 arbitrentur
1124 2448 1369 2495 carnalibus
1389 2450 1701 2508 integumentis

309 2520 505 2566 involuta
526 2531 655 2582 atque
677 2532 828 2582 operta
861 2521 977 2567 dicta
998 2520 1068 2566 vel
1105 2519 1218 2565 facta
1240 2520 1469 2565 hominum
1491 2555 1503 2576 ‚
1528 2536 1628 2581 quae
1653 2520 1697 2564 in
1719 2562 1726 2567 .
