1871 3162
578 247 923 285 conFEssmNUM‚
956 246 1039 274 Lm.
1074 246 1152 273 v11.
1458 233 1535 270 161

173 315 375 374 plicebat.
408 316 465 358 Et
484 312 587 358 inde
606 314 714 358 ierat
734 314 780 358 in
800 312 1049 372 opinionem
1070 310 1256 354 duarum
1277 309 1542 353 substantia-

172 401 271 430 rum
284 420 295 441 ‚
321 394 364 429 et
385 400 474 429 non
490 383 809 443 requiescebat,
830 393 872 427 et
895 382 1032 427 aliena
1055 381 1332 440 loquebatur.
1364 382 1421 422 Et
1441 377 1544 421 inde

173 457 342 500 rediens
358 455 519 500 fecerat
535 455 614 500 sibi
635 459 775 499 Deum
794 470 870 514 per
890 454 1059 498 infinita
1080 452 1213 512 spatia
1234 451 1431 495 locorum
1451 465 1546 494 om-

172 527 295 571 nium
310 562 322 582 ‚
348 536 391 572 et
415 542 515 571 eum
538 535 766 586 putaverat
798 541 887 570 esse
908 535 951 570 te
967 561 977 580 ‚
1002 534 1045 569 et
1067 539 1166 568 eum
1190 521 1476 568 collocaverat
1504 522 1551 565 in

173 597 303 642 corde
320 612 420 652 suo,
446 607 488 641 et
515 596 629 642 facta
650 606 741 641 erat
763 612 909 641 rursus
929 595 1142 655 templum
1164 593 1270 638 idoli
1294 593 1360 640 sui
1376 592 1548 637 abomi-

174 668 368 712 nandum
387 668 482 711 tibi.
510 668 594 712 Sed
610 677 891 728 posteaquam
913 666 1059 711 fovisti
1079 674 1211 724 caput
1232 665 1459 709 nescientis
1474 699 1484 718 ,
1511 672 1555 707 et

175 738 364 783 clausisti
386 737 536 782 oculos
569 754 686 783 meos
718 753 773 781 ne
803 738 1000 782 viderent
1021 737 1282 792 vanitatem,
1320 735 1478 780 cessavi
1501 733 1556 777 de

176 823 246 852 me
277 807 532 867 paululum,
553 817 596 852 et
619 809 841 867 consopita
871 818 934 851 est
954 807 1118 851 insania
1146 822 1241 850 mea
1268 814 1340 850 :et
1362 803 1560 863 evigilavi

176 880 222 922 in
243 888 285 923 te
303 913 314 934 ,
340 888 384 923 et
404 877 494 924 vidi
511 887 554 924 te
572 879 793 924 infinitum
811 879 935 924 aliter
954 899 965 936 3
985 887 1028 922 et
1049 878 1161 923 visus
1184 878 1263 922 iste
1280 892 1370 921 non
1387 893 1410 920 a
1432 889 1562 920 carne
1606 886 1617 904 ¹

177 949 450 994 trahebatur.

182 1116 320 1133 mm
325 1113 1448 1133 WWUWUMWNWMMRAMRWWMMWMWBMNSWVWVUMNU
1452 1113 1551 1129 wuna

695 1246 910 1296 CAPUT
944 1247 1053 1295 XV.

343 1399 596 1460 Quomodo
618 1402 795 1445 veritas
820 1399 1080 1463 etfalsz'tas
1103 1402 1152 1444 in
1171 1402 1419 1445 creaturis.

250 1559 372 1601 XXI.
392 1560 456 1602 ET
473 1558 635 1617 respexi
659 1558 739 1602 alia
755 1592 766 1612 ‚
794 1567 837 1602 et
859 1558 948 1602 vidi
967 1558 1047 1602 tibi
1071 1558 1233 1602 debere
1249 1559 1354 1618 quia
1374 1567 1475 1602 sunt
1493 1593 1503 1613 ‚
1530 1567 1573 1602 et

192 1628 236 1671 in
257 1637 300 1672 te
317 1638 473 1672 cuncta
495 1628 639 1672 finita:
658 1627 734 1672 sed
755 1627 893 1683 aliter,
918 1644 1008 1673 non
1029 1630 1151 1688 quasi
1169 1629 1214 1672 in
1234 1628 1348 1684 loco,
1373 1628 1448 1672 sed
1471 1629 1573 1688 quia

194 1709 241 1744 tu
271 1716 314 1744 es
341 1701 614 1744 omnitenens
641 1715 774 1744 manu
794 1701 1004 1758 veritate3
1029 1710 1072 1745 et
1105 1701 1249 1745 omnia
1272 1716 1371 1745 vera
1392 1709 1493 1744 sunt
1526 1701 1573 1743 in
1660 1760 1663 1761 ⁷

192 1781 404 1832 quantum
424 1782 525 1815 sunt
546 1791 554 1816 :
582 1787 662 1816 nec
684 1771 926 1832 quidquam
948 1781 1010 1816 est
1032 1771 1196 1816 falsitas
1219 1772 1300 1816 nisi
1321 1788 1420 1816 cum
1440 1781 1570 1831 puta·
1602 1776 1607 1788 ³
1644 1763 1654 1785 ⁵

191 1851 263 1886 tur
293 1858 381 1887 esse
403 1841 525 1901 quod
546 1857 635 1885 non
665 1851 743 1886 est.
768 1845 824 1886 Et
845 1843 933 1886 vidi
961 1843 1062 1903 quia
1083 1858 1174 1887 non
1200 1842 1340 1887 solum
1362 1842 1466 1887 locis
1496 1858 1573 1886 sua

191 1928 376 1973 quaeque
399 1913 483 1956 suis
505 1912 798 1966 conveniunt,
824 1913 899 1957 sed
921 1913 1049 1957 etiam
1072 1913 1339 1973 temporibus
1361 1933 1371 1958 2
1399 1922 1441 1957 et
1470 1914 1572 1973 quia

190 1992 237 2028 tu
254 2018 265 2038 ‚
295 1984 371 2043 qui
393 1983 509 2027 solus
532 1992 718 2027 aeternus
740 1998 784 2027 es
799 2018 809 2038 ,
842 1999 931 2027 non
959 1994 1058 2043 post
1080 1983 1413 2028 innumerabilia
1435 1985 1567 2043 spatia

189 2062 436 2113 temporum
457 2053 629 2112 coepisti
643 2054 810 2113 operari
830 2074 840 2111 3
860 2054 963 2113 quia
979 2054 1122 2098 omnia
1146 2054 1282 2113 spatia
1299 2064 1562 2114 temporum,

187 2132 230 2168 et
256 2140 355 2184 quae
386 2124 716 2183 praeterierunt,
748 2133 790 2168 et
822 2140 921 2184 quae
955 2124 1267 2183 praeteribunt,
1291 2140 1372 2171 nec
1393 2126 1564 2170 abirent

186 2209 266 2239 nec
287 2195 484 2240 venirent
498 2229 508 2249 ‚
529 2195 610 2240 nisi
630 2204 673 2240 te
695 2204 901 2254 operante
923 2204 966 2240 et
982 2204 1202 2242 manente.

369 2633 541 2665 CXXXII.
1352 2627 1397 2665 11
