1871 3162
285 195 340 234 90
718 205 751 234 s.
787 206 1016 234 mausum
1049 206 1228 234 131³1scor1

283 281 333 317 ut
353 281 532 331 exurgat
552 272 598 317 in
620 281 663 317 te
690 289 714 317 a
744 271 996 317 lassitudine
1019 272 1160 317 anima
1186 279 1332 316 nostra
1348 304 1359 325 ‚
1390 267 1581 313 innitens
1603 267 1662 311 eis

282 358 381 404 quae
406 341 574 399 fecisti,
599 352 642 388 et
660 343 868 388 transiens
886 342 941 387 ad
954 352 997 387 te
1013 343 1090 403 qui
1110 341 1248 387 fecisti
1267 342 1361 385 haec
1380 338 1660 396 mirabiliter·⁷

282 426 322 459 et
342 415 404 459 ibi
425 413 603 460 refectio
621 423 664 459 et
683 430 784 461 vera
803 414 1031 460 fortitudo.

283 596 351 612 ΜΙΙΛ
355 596 492 613 mm
495 589 1662 613 mmmmmmwummmmmmmmmmmmm

802 696 1019 777 CAPUT
1054 729 1120 774 Π.

284 878 380 933 Dei
390 879 701 940 prcesentz'am
719 880 906 939 iniquos
923 897 1019 924 non
1033 881 1257 942 effingere.
1278 881 1309 927 I
1312 889 1456 939 taque
1473 876 1545 924 ad
1560 894 1667 923 eum

761 948 934 994 debere
954 950 1177 994 converti.

342 1110 400 1152 ΙΙ.
423 1109 545 1151 ΕΑΝΤ
567 1116 608 1152 et
631 1106 800 1165 fugiant
817 1123 840 1150 a
862 1115 905 1151 te
930 1106 1113 1166 inquieti
1136 1114 1179 1149 et
1196 1105 1335 1165 iniqui
1362 1123 1371 1149 :
1394 1114 1438 1149 et
1467 1113 1518 1149 tu
1545 1103 1666 1149 vides

281 1193 354 1222 eos
369 1214 380 1233 ,
405 1187 447 1222 et
469 1177 700 1236 distinguis
729 1178 906 1221 umbras
925 1198 935 1235 3
961 1186 1003 1221 et
1024 1192 1122 1220 ecce
1144 1175 1326 1235 pulchra
1363 1184 1464 1220 sunt
1485 1191 1585 1220 cum
1607 1176 1666 1219 eis

281 1248 425 1293 omnia
444 1283 454 1303 ,
496 1257 538 1291 et
561 1248 639 1307 ipsi
665 1256 811 1307 turpes
833 1256 949 1292 sunt.
976 1250 1032 1291 Et
1053 1247 1161 1307 quid
1183 1255 1429 1291 nocuerunt
1451 1246 1531 1290 tibi
1549 1267 1560 1303 3
1591 1256 1667 1291 aut

280 1320 325 1363 in
343 1335 431 1379 quo
467 1320 698 1379 imperium
721 1329 847 1363 tuum
886 1318 1285 1363 dehonestaverunt
1301 1353 1312 1373 ,
1338 1333 1361 1361 a
1384 1316 1505 1361 coelis
1525 1332 1664 1376 usque

280 1391 325 1434 in
345 1391 574 1435 novissima
608 1392 775 1450 justum
813 1400 855 1434 et
893 1390 1144 1448 integrum?
1169 1392 1266 1442 Quo
1289 1389 1403 1432 enim
1439 1387 1662 1445 fugerunt,

279 1476 379 1504 cum
398 1460 601 1516 fugerent
623 1477 645 1501 a
661 1459 771 1501 facie
790 1467 862 1501 tua
878 1460 895 1499 ‘3
912 1467 988 1501 aut
1009 1459 1085 1500 ubi
1104 1467 1151 1501 tu
1169 1473 1258 1501 non
1271 1457 1437 1500 invenis
1460 1459 1561 1501 eos?
1581 1456 1665 1502 Sed

278 1523 487 1586 fugerunt
510 1537 559 1571 ut
580 1543 668 1572 non
684 1527 882 1571 viderent
905 1537 946 1571 te
967 1528 1187 1572 videntem
1208 1543 1251 1571 se
1272 1564 1283 1585 ,
1309 1536 1441 1587 atque
1463 1528 1664 1572 excaecati

278 1598 320 1641 in
350 1607 393 1641 te
415 1599 714 1654 offenderent3
739 1600 838 1656 quia
868 1613 957 1641 non
994 1598 1152 1641 deseris
1192 1599 1358 1658 aliquid
1391 1614 1542 1643 eorum
1565 1617 1664 1659 quae

277 1665 416 1712 fecisti
437 1687 446 1712 ε
466 1669 510 1711 in
529 1677 571 1711 te
589 1666 862 1712 offenderent
884 1667 1048 1727 injusti,
1069 1676 1111 1711 et
1126 1669 1243 1727 juste
1260 1678 1535 1724 vexarentur,
1559 1670 1664 1714 sub—

278 1739 496 1782 trahentes
517 1753 561 1782 se
596 1738 764 1781 lenitati
786 1747 895 1793 tuae,
921 1747 964 1782 et
986 1737 1256 1783 offendentes
1286 1741 1329 1784 in
1358 1740 1663 1785 rectitudinem

276 1817 395 1852 tuam
417 1843 428 1863 ‚
455 1817 498 1851 et
532 1807 736 1852 cadentes
770 1809 814 1851 in
849 1808 1120 1867 asperitatem
1156 1825 1293 1854 suam.
1320 1810 1533 1855 Videlicet
1563 1827 1662 1856 nes-

276 1879 398 1923 ciunt
420 1879 540 1939 quod
562 1879 728 1939 ubique
745 1879 799 1923 sis
820 1915 831 1934 ‚
853 1895 987 1939 quern
1009 1879 1155 1924 nullus
1176 1881 1492 1926 circumscribit
1516 1884 1634 1927 locus
1649 1919 1660 1941 ‚

276 1959 320 1993 et
339 1949 454 1994 solus
477 1965 520 1994 es
542 1965 727 2009 praesens
745 1985 755 2004 ‚
776 1950 906 1994 etiam
928 1951 978 1994 iis
1011 1951 1086 2010 qui
1119 1951 1250 2009 longe
1276 1952 1389 1996 fiunt
1410 1968 1434 1996 a
1457 1961 1515 1997 te.
1542 1955 1662 1998 Con-

276 2031 501 2065 vertantur
521 2037 621 2080 ergo
644 2030 686 2065 et
708 2031 907 2081 quaerant
938 2031 980 2066 te
1000 2057 1010 2076 ,
1034 2022 1135 2082 quia
1158 2038 1247 2066 non
1278 2023 1390 2067 sicut
1419 2024 1501 2083 ipsi
1535 2023 1661 2069 dese-

277 2103 460 2137 ruerunt
489 2103 727 2138 creatorem
765 2108 889 2137 suum
908 2127 920 2147 ‚
945 2093 1003 2136 ita
1031 2101 1073 2135 et
1095 2102 1144 2137 tu
1166 2092 1390 2137 deseruisti
1420 2103 1659 2140 creaturam

278 2173 413 2208 tuam.
439 2165 525 2224 Ipsi
545 2173 856 2209 convertantur
878 2173 920 2208 et
949 2173 1149 2224 quaerant
1169 2174 1241 2222 te3
1267 2174 1310 2208 et
1334 2180 1434 2209 ecce
1454 2166 1515 2209 ibi
1544 2181 1587 2210 es
1616 2167 1660 2210 in

278 2236 409 2280 corde
431 2251 604 2290 eorum,
625 2236 670 2279 in
691 2234 822 2280 corde
838 2235 1139 2280 confitentium
1160 2237 1255 2291 tibi,
1277 2246 1320 2281 et
1337 2238 1660 2296 projicientium

279 2321 323 2350 se
346 2307 391 2349 in
415 2315 456 2350 te
477 2342 487 2360 ‚
513 2315 556 2350 et
578 2305 841 2365 plorantium
863 2307 908 2350 in
929 2307 1027 2350 sinu
1049 2315 1126 2351 tuo
1155 2316 1252 2366 post
1274 2308 1362 2352 vias
1384 2323 1479 2352 suas
1501 2309 1660 2353 diffici-

278 2375 338 2420 les
357 2397 367 2428 ς
388 2385 430 2420 et
446 2386 494 2420 tu
507 2375 644 2421 facilis
662 2386 833 2436 tergens
849 2377 1061 2435 lacrymas
1078 2392 1251 2434 eorum3
1271 2387 1314 2422 et
1334 2379 1467 2437 magis
1486 2379 1659 2438 plorant

275 2455 318 2489 et
340 2446 530 2504 gaudent
551 2448 596 2491 in
615 2448 788 2492 fletibus
809 2467 817 2493 :
844 2448 1054 2508 quoniam
1077 2458 1126 2493 tu
1140 2483 1151 2503 ‚
1173 2448 1372 2504 Domine,
1392 2464 1482 2494 non
1499 2449 1654 2510 aliquis

279 2516 414 2562 homo
435 2533 536 2563 caro
557 2527 602 2563 et
618 2518 805 2578 sanguis,
830 2518 905 2565 sed
921 2528 988 2576 tu,
1013 2520 1211 2573 Domine,
1235 2520 1312 2581 qui
1332 2519 1497 2574 fecisti,
1522 2520 1659 2566 reficis
