1871 3162
249 198 333 237 306
681 213 714 239 s.
749 208 979 240 AUGUsTlNI
1012 212 1190 239 Enscom

241 393 733 411 mmmmmmm
740 391 1616 411 mmmmmwm2mtvuummmumm

711 551 926 601 CAPUT
962 553 1140 600 XVIII.

304 715 557 779 Quomodo
569 719 821 776 praeterita
839 726 885 762 et
889 718 1074 780 fututa
1092 726 1312 776 tempora
1333 725 1427 761 smt
1439 732 1490 776 ρι
1494 730 1566 760 ce—

850 789 1021 833 sentia.

293 961 461 1003 XXIII.
487 961 590 1004 Sum
613 974 699 1013 me,
723 960 922 1015 Domine,
949 959 1134 1020 amplius
1152 975 1366 1020 quaerere,
1399 975 1495 1019 spes
1512 975 1624 1016 mea,

231 1045 322 1074 non
355 1030 647 1074 conturbetur
679 1030 866 1075 intentio
906 1046 1017 1074 mea.
1047 1032 1089 1076 Si
1121 1031 1237 1075 enim
1267 1039 1369 1074 sunt
1402 1030 1550 1075 fututa
1585 1039 1629 1075 et

237 1102 471 1160 praeterita,
508 1101 606 1145 volo
643 1101 750 1145 scire
782 1101 861 1145 ubi
882 1101 982 1146 sint.
1019 1100 1150 1154 Quod
1171 1102 1205 1145 si
1237 1102 1434 1146 nondum
1472 1101 1594 1146 valeo
1613 1136 1624 1157 ,

236 1172 324 1216 scio
344 1180 488 1215 tamen
509 1153 860 1232 ubicumque*
803 1165 924 1227 sunt,
956 1186 1046 1216 non
1074 1172 1136 1214 ibi
1164 1186 1212 1215 ea
1242 1169 1390 1216 futuia
1419 1187 1522 1228 esse,
1555 1180 1629 1215 aut

236 1242 470 1301 praeteiita,
495 1241 571 1286 sed
594 1242 837 1301 praesentia.
862 1244 972 1288 Nam
993 1242 1025 1285 si
1055 1251 1099 1285 et
1121 1242 1180 1285 ibi
1200 1241 1348 1286 futura
1371 1251 1489 1297 sunt,
1516 1257 1628 1286 non-

234 1312 341 1356 dum
359 1312 419 1356 ibi
441 1321 568 1370 sunt,
594 1313 627 1356 si
650 1322 693 1356 et
708 1312 769 1356 ibi
785 1312 1005 1372 praeterita
1037 1317 1155 1366 sunt,
1184 1313 1275 1372 jam
1311 1327 1400 1356 non
1421 1312 1482 1356 ibi
1505 1321 1622 1356 sunt.

237 1383 515 1444 Ubicumque
543 1396 646 1442 ergo
683 1392 786 1427 sunt
821 1398 1113 1443 quaecumque
1142 1392 1260 1438 sunt,
1297 1399 1385 1427 non
1413 1392 1515 1428 sunt
1546 1383 1627 1427 nisi

170 1444 175 1450 ¹
231 1455 474 1514 praesentia.
501 1456 763 1513 Quanquam
788 1454 1006 1513 praeterita
1037 1469 1138 1498 cum
1163 1469 1264 1498 vera
1283 1463 1545 1511 narrantur,
1576 1469 1627 1497 ex

170 1526 191 1574 ἵ,
235 1525 443 1569 memoria
466 1523 750 1584 proferuntur
767 1539 856 1568 non
878 1539 943 1568 res
959 1525 1063 1583 ipsae
1085 1540 1183 1584 quae
1201 1524 1523 1583 praeterierunt,
1549 1522 1626 1569 sed

232 1594 366 1638 verba
388 1602 598 1654 concepta
616 1609 668 1638 ex
685 1593 948 1652 imaginibus
966 1609 1132 1649 earum,
1159 1594 1316 1653 quaein
1338 1594 1483 1638 animo
1507 1594 1626 1638 velut

173 1655 176 1657 ,
235 1664 411 1723 vestigia
433 1680 509 1724 per
532 1680 681 1709 sensus
703 1664 1010 1724 praetereundo
1032 1665 1235 1709 fixerunt.
1256 1665 1444 1709 Pueritia
1462 1665 1623 1724 quippe

234 1751 328 1779 mea
347 1751 447 1795 quae
466 1737 554 1794 jam
578 1752 668 1780 non
690 1745 769 1790 est,
795 1738 840 1779 in
857 1745 1053 1795 tempore
1071 1737 1292 1795 praeterito
1315 1746 1378 1781 est
1398 1736 1515 1795 quod
1532 1737 1623 1795 jam

236 1822 327 1851 non
344 1817 430 1865 θεῖ,
453 1807 687 1866 imaginem
705 1823 808 1851 vero
830 1808 920 1867 ejus
938 1823 1039 1852 cum
1062 1823 1172 1862 eam,
1190 1807 1333 1852 recolo
1351 1817 1394 1851 et
1415 1823 1558 1862 narro,
1580 1808 1625 1850 in

235 1877 438 1936 praesenti
452 1886 646 1936 tempore
669 1877 857 1931 intueor,
877 1878 976 1937 quia
989 1886 1051 1921 est
1071 1877 1214 1922 adhuc
1231 1878 1277 1921 in
1289 1878 1496 1922 memoria
1510 1892 1619 1921 mea.

233 1950 389 1992 Utrum
411 1947 556 1992 similis
580 1949 633 1992 sit
655 1963 783 1992 causa
805 1948 935 1992 etiam
950 1947 1329 2007 praedicendorum
1347 1947 1616 2002 futurorum,

230 2026 278 2062 ut
297 2034 457 2073 rerum,
483 2035 581 2079 quae
596 2018 793 2063 nondum
818 2027 936 2073 sunt,
962 2021 1053 2078 jam
1085 2019 1314 2063 existentes
1338 2019 1617 2077 praesentian-

229 2098 302 2133 tur
318 2090 548 2149 imagines,
566 2090 792 2144 confiteor,
814 2092 927 2132 Deus
942 2103 1081 2142 meus,
1100 2089 1258 2132 nescio.
1280 2088 1396 2132 Illud
1411 2103 1513 2132 sane
1531 2089 1620 2132 scio

228 2176 306 2206 nos
327 2160 586 2219 plerumque
604 2160 893 2219 praemeditari
908 2158 1076 2203 futuras
1094 2159 1285 2204 actiones
1305 2168 1488 2214 nostras,
1505 2175 1618 2203 eam-

226 2248 312 2292 que
335 2231 755 2291 praemeditationem
778 2246 867 2275 esse
895 2240 1152 2290 praesentem
1172 2265 1182 2285 ,
1209 2232 1422 2275 actionem
1466 2240 1613 2275 autem

227 2320 359 2363 quam
375 2302 728 2362 praemeditamur
745 2302 943 2346 nondum
962 2317 1068 2356 esse,
1090 2303 1191 2361 quia
1203 2301 1354 2346 futura
1371 2311 1456 2346 est·
1449 2317 1612 2362 ,quam

225 2390 326 2418 cum
348 2374 530 2431 aggiessi
560 2372 794 2427 fuerimus,
821 2381 863 2416 et
891 2373 1012 2432 quod
1039 2373 1449 2431 piaemeditabamul
1487 2388 1611 2430 agere

225 2444 502 2502 coeperimus,
528 2453 634 2487 tunc
656 2443 736 2486 erit
757 2442 830 2486 illa
854 2443 980 2497 actio,
1003 2442 1105 2502 quia
1122 2451 1228 2486 tunc
1248 2458 1336 2487 non
1350 2442 1514 2498 futuxa,
1541 2441 1617 2487 sed

230 2529 417 2574 praesens
439 2523 515 2558 est.
