1871 3162
610 205 957 241 CONFESSIONUM,
996 205 1078 230 Lm.
1118 205 1174 230 w.
1495 192 1578 230 297

203 381 482 398 mmmmsmm
486 376 1574 396 mmmmmwuwvvvmmmmmummmmmvm

723 514 940 563 CAPUT
971 515 1055 561 XI-

265 669 539 732 Obl'eetc'onz'
557 668 811 730 respondet
831 667 963 729 quod
997 669 1242 714 aeternitas
1263 667 1361 714 Dei
1377 670 1524 713 nescit

775 749 1007 799 tempora.

258 901 382 944 XIII.
405 902 490 953 Qm
518 900 611 944 haec
635 900 811 954 dicunt,
845 901 1047 944 nondum
1076 909 1119 944 te
1146 898 1422 958 intelligunt,
1450 914 1475 943 o
1505 901 1584 944 Sa-

200 971 360 1030 pientia
384 973 481 1026 Dei,
512 972 586 1015 lux
610 973 846 1029 mentium3
872 972 1071 1015 nondum
1091 970 1340 1028 intelligunt
1362 969 1584 1029 quomodo

200 1041 307 1083 fiant
323 1057 421 1100 quae
458 1056 534 1099 per
557 1050 599 1084 te
617 1075 628 1094 ‚
654 1050 785 1100 atque
815 1041 860 1084 in
883 1050 924 1083 te
947 1041 1080 1093 fiunt,
1115 1049 1158 1083 et
1187 1048 1401 1083 conantur
1422 1048 1584 1083 aeterna

199 1126 345 1168 sapere
364 1130 372 1155 :
399 1112 473 1155 sed
498 1111 642 1155 adhuc
663 1112 709 1155 in
731 1111 960 1170 praeteritis
983 1121 1025 1154 et
1044 1110 1200 1154 futuris
1222 1125 1368 1153 rerum
1391 1109 1584 1153 motibus

198 1195 272 1225 cor
289 1195 438 1223 eorum
461 1180 630 1231 volitat,
651 1191 693 1224 et
710 1181 854 1224 adhuc
870 1195 1030 1224 vanum
1049 1189 1126 1223 est.
1148 1180 1254 1232 Quis
1270 1179 1437 1223 tenebit
1453 1178 1581 1234 illud,

198 1259 240 1294 et
269 1251 374 1308 figet
390 1250 500 1295 illud
520 1261 568 1295 ut
585 1250 813 1310 paululum
836 1261 939 1305 stet,
965 1260 1008 1295 et
1030 1250 1259 1310 paululum
1277 1250 1414 1309 rapiat
1435 1250 1584 1309 splen-

198 1321 349 1365 dorem
371 1337 538 1380 semper
556 1322 706 1366 stantis
737 1322 1011 1377 aeternitatis,
1040 1331 1082 1366 et
1105 1330 1326 1380 comparet
1354 1336 1454 1364 cum
1473 1331 1585 1364 tem-

198 1391 374 1449 poribus
388 1406 612 1450 nunquam
628 1392 857 1445 stantibus,
870 1402 913 1435 et
921 1391 1066 1435 videat
1078 1406 1168 1435 esse
1179 1390 1581 1449 incomparabilem3

197 1470 240 1504 et
266 1460 412 1505 videat
438 1461 619 1518 longum
645 1471 839 1519 tempus,
866 1463 947 1506 nisi
977 1477 1028 1505 ex
1050 1461 1197 1505 multis
1219 1460 1583 1521 praetereuntibus

201 1532 413 1585 motibus,
447 1533 523 1591 qui
555 1531 681 1575 simul
716 1532 888 1577 extendi
919 1548 1007 1577 non
1042 1542 1250 1591 possunt,
1279 1532 1459 1591 longum
1495 1547 1583 1576 non

198 1602 314 1659 fieri3
339 1618 428 1646 non
451 1611 595 1646 autem
618 1603 836 1661 praeterire
865 1602 1104 1662 quidquam
1130 1603 1174 1646 in
1193 1612 1382 1657 aeterno,
1410 1603 1485 1646 sed
1516 1612 1584 1646 to-

198 1681 292 1715 tum
313 1687 401 1715 esse
436 1687 649 1731 praesens,
674 1671 844 1716 nullum
865 1688 967 1716 vero
991 1681 1162 1732 tempus
1191 1681 1333 1716 totum
1357 1687 1448 1715 esse
1470 1687 1583 1730 prae-

197 1757 314 1799 sens3
341 1752 383 1785 et
410 1741 553 1786 videat
583 1757 712 1786 omne
744 1743 1012 1801 praeteritum
1045 1742 1230 1801 propelli
1257 1758 1309 1786 ex
1337 1741 1512 1796 futuro,
1539 1751 1582 1787 et

197 1828 326 1856 omne
348 1812 548 1857 futurum
578 1829 629 1857 ex
652 1815 871 1872 praeterito
901 1815 1136 1873 consequi,
1170 1823 1212 1857 et
1234 1829 1363 1857 omne
1385 1815 1580 1872 praeteri-

198 1892 289 1926 tum
323 1898 371 1926 ac
390 1883 585 1927 finarum
611 1885 665 1927 ab
689 1899 740 1927 eo
768 1884 888 1943 quod
924 1900 1092 1942 semper
1113 1895 1176 1928 est
1205 1900 1391 1943 praesens
1410 1920 1420 1939 ,
1446 1886 1581 1929 creari

197 1963 239 1997 et
262 1956 514 1997 excurrere?
542 1954 648 2006 Quis
682 1955 848 1998 tenebit
870 1970 943 1998 cor
980 1955 1189 2008 hominis,
1229 1965 1278 1998 ut
1309 1964 1416 2009 stet,
1452 1964 1495 1998 et
1515 1956 1581 1998 vi-

197 2024 298 2066 deat
319 2023 541 2082 quomodo
571 2034 686 2067 stans
707 2024 841 2068 dictet
869 2024 1015 2068 futura
1047 2034 1090 2068 et
1117 2024 1332 2083 praeterita
1369 2034 1576 2083 tempora,

196 2108 276 2137 nec
297 2092 443 2138 sutura
465 2109 544 2138 nec
562 2094 780 2153 praeterita
798 2095 1045 2139 aeternitas?
1067 2096 1291 2155 Numquid
1312 2111 1464 2139 manus
1484 2111 1578 2140 mea

195 2163 308 2207 valet
329 2164 428 2218 hoc,
450 2173 523 2208 aut
537 2179 691 2208 manus
714 2165 798 2208 oris
816 2166 901 2208 mei
926 2180 1000 2224 per
1022 2165 1217 2225 loquelas
1234 2166 1318 2223 agit
1336 2175 1421 2209 tam
1447 2181 1578 2224 grau-

195 2232 292 2278 dem
315 2235 438 2277 rem?
