1871 3162
239 220 323 261 346
677 232 711 262 s.
747 232 977 263 Aueus‘rnu
1011 235 1189 264 Enscom

238 422 306 438 ‘vm
310 422 1574 441 mmmmmmmmmmmmmmmmmm
1579 426 1615 445 vy

725 576 941 627 CAPUT
982 579 1116 625 XXI.

384 755 539 800 Terra
563 766 669 801 erat
691 755 932 802 invisibilis
954 757 1177 819 etc;‚varie
1198 756 1483 801 intellectum,

295 927 443 971 XXX.
469 929 581 970 ITEM
602 926 724 986 quod
755 925 910 971 attinet
931 924 986 971 ad
1006 925 1278 971 intellectum
1296 926 1529 971 verborum
1552 942 1620 971 se-

237 998 492 1058 quentium,
518 1012 569 1041 ex
598 996 682 1040 illis
720 997 923 1041 omnibus
945 997 1087 1042 verbis
1104 1032 1115 1051 ,
1141 997 1259 1041 aliud
1286 997 1368 1041 sibi
1403 996 1518 1042 tollit
1545 998 1621 1057 qui

239 1068 345 1113 dicit
370 1085 382 1112 .·
411 1088 431 1110 «
459 1071 589 1112 Terra
618 1076 764 1112 autem
798 1076 890 1111 erat
918 1067 1144 1112 invisibilis
1171 1076 1214 1111 et
1240 1068 1548 1127 incomposita,
1580 1078 1623 1112 et

242 1158 262 1181 »
300 1140 490 1183 tenebrae
508 1147 631 1182 erant
650 1153 779 1198 super
801 1138 1003 1196 abyssum
1016 1173 1026 1193 ‚
1053 1156 1072 1179 »
1098 1137 1142 1182 id
1162 1148 1241 1193 est,
1261 1138 1496 1198 Corporale
1512 1137 1622 1182 illud

237 1209 358 1271 quod
379 1208 482 1254 fecit
500 1213 614 1254 Deus
631 1245 642 1265 ,
665 1210 808 1254 adhuc
828 1210 1024 1254 materies
1046 1218 1137 1253 erat
1152 1224 1459 1269 corporearum
1478 1224 1620 1253 rerum

237 1281 450 1334 informis,
475 1281 566 1324 sine
588 1279 740 1324 ordine
756 1315 767 1334 ,
791 1281 881 1323 sine
897 1278 1011 1323 luce.
1032 1279 1163 1324 Aliud
1182 1280 1259 1339 qui
1276 1279 1382 1323 dicit
1407 1298 1415 1324 :
1447 1298 1466 1321 «
1493 1282 1621 1323 Terra

239 1370 260 1393 >›
299 1360 443 1395 autem
465 1359 557 1394 erat
577 1349 804 1394 invisibilis
827 1360 870 1393 et
892 1350 1176 1408 incomposita
1190 1385 1200 1404 ,
1221 1359 1264 1394 et
1285 1349 1478 1393 tenebrae
1500 1358 1623 1394 erant

240 1440 260 1464 »
296 1438 425 1481 super
447 1422 652 1480 abyssum
668 1457 682 1475 ,
712 1440 732 1462 »
759 1421 803 1464 id
835 1430 897 1464 est
913 1456 924 1474 ‚
947 1423 1040 1465 Hoc
1064 1430 1205 1464 totum
1240 1420 1361 1479 quaeod
1393 1420 1556 1464 coelum
1579 1429 1621 1464 et

238 1504 350 1539 terra
372 1492 637 1553 appellatum
661 1501 725 1536 est
742 1527 752 1546 ,
779 1492 922 1536 adhue
947 1491 1143 1535 informis
1166 1500 1208 1535 et
1232 1492 1459 1535 tenebrosa
1480 1500 1615 1535 mate-

237 1565 319 1608 ries
336 1569 443 1617 erat',
469 1564 588 1607 unde
604 1564 726 1607 fieret
741 1562 902 1607 eoelum
921 1577 1178 1621 corporeum
1196 1571 1238 1606 et
1257 1571 1368 1606 terra
1391 1577 1617 1621 corporea,

238 1651 339 1680 cum
360 1635 562 1680 omnibus
593 1650 691 1694 quae
722 1635 768 1678 in
796 1635 854 1678 eis
889 1643 991 1677 sunt
1024 1634 1238 1692 corporeis
1267 1633 1461 1677 sensibus
1496 1643 1615 1677 nota.

239 1705 371 1750 Aliud
393 1705 468 1765 qui
489 1704 594 1749 dicit
619 1724 627 1748 :
659 1724 677 1745 «
706 1707 833 1748 Terra
857 1713 1002 1749 autem
1024 1714 1115 1749 erat
1138 1703 1364 1748 invisibilis
1386 1713 1428 1747 et
1450 1704 1620 1748 incom-

241 1796 260 1819 »
287 1777 441 1836 posita⁷
463 1785 505 1820 et
526 1776 719 1820 tenebrae
737 1785 858 1820 erant
877 1791 1008 1835 super
1026 1777 1276 1834 abyssum‚»
1289 1773 1334 1818 id
1352 1784 1429 1828 est,
1444 1777 1537 1818 Hoc
1558 1784 1622 1819 to—

238 1857 329 1892 tum
354 1847 473 1908 quod
489 1848 649 1892 coelum
670 1858 713 1893 et
731 1858 841 1892 terra
861 1848 1127 1908 appellatum
1151 1856 1229 1902 est,
1255 1847 1398 1892 adhuc
1421 1847 1620 1892 informis

238 1927 281 1962 et
304 1920 528 1962 tenebrosa
554 1919 750 1962 materies
773 1928 879 1973 erat,
901 1918 1018 1963 unde
1037 1919 1158 1962 fieret
1172 1917 1333 1962 eoelum
1347 1916 1620 1976 intelligibile

239 1988 358 2048 quod
377 1987 478 2032 alibi
509 1989 668 2032 dicitur
683 1988 846 2032 coelum
869 1988 970 2033 coeli
999 1991 1012 2014 1
1028 2024 1038 2043 ‚
1064 1998 1108 2033 et
1128 1998 1240 2032 terra
1258 2024 1268 2042 ,
1293 1987 1453 2032 scilicet
1482 1987 1620 2031 omnis

236 2069 392 2103 natura
413 2075 619 2118 corporea
635 2094 645 2114 ,
672 2060 753 2103 sub
781 2075 871 2120 quo
888 2060 1064 2103 nomine
1090 2059 1355 2116 intelligatur
1379 2058 1509 2101 etiam
1536 2058 1620 2101 hoc

236 2129 397 2174 coelum
432 2144 717 2188 corporeum3
746 2129 790 2173 id
813 2138 897 2184 est,
930 2130 1047 2173 unde
1076 2130 1198 2172 fieret
1233 2128 1371 2172 omnis
1394 2127 1619 2172 invisibilis

234 2198 499 2258 visibilisque
521 2208 733 2243 creatura.
760 2198 892 2243 Aliud
913 2199 988 2259 qui
1010 2199 1114 2242 dicit
1142 2218 1149 2243 z
1177 2217 1196 2239 «
1224 2200 1352 2241 Terra
1370 2207 1514 2242 autem
1529 2206 1620 2241 erat

238 2288 259 2311 ν)
295 2269 519 2314 invisibilis
541 2279 584 2314 et
604 2270 907 2330 incomposita,
929 2279 972 2314 et
991 2270 1182 2314 tenebrae
1203 2279 1326 2313 erant
1347 2284 1475 2329 super
1491 2269 1619 2326 abys-

241 2357 261 2380 »
297 2356 415 2397 sum3
445 2359 464 2381 »
495 2356 583 2384 non
604 2340 722 2384 illam
746 2340 1056 2385 informitatem
1089 2340 1264 2385 nomine
1289 2340 1388 2384 coeli
1419 2349 1461 2384 et
1495 2349 1619 2384 terrae

241 2412 458 2470 Scriptura
498 2411 758 2471 appellavit3
797 2411 869 2456 sed
898 2414 988 2473 jam
1015 2421 1126 2467 erat,
1160 2411 1323 2471 inquit,
1361 2412 1450 2470 ipsa
1484 2410 1618 2455 infor-

238 2480 363 2524 mitas
381 2496 511 2540 quam
535 2493 693 2527 terram
716 2483 973 2527 invisibilem
1000 2492 1041 2526 et
1065 2482 1392 2540 incompositam
1417 2482 1618 2526 tenebro-

287 2572 295 2588 ¹
319 2566 398 2598 Psal.
419 2578 502 2607 unu,
526 2567 575 2599 16.
