1871 3162
251 196 336 235 234
681 206 716 235 s.
752 207 986 235 Auensnm
1017 207 1199 234 EPlsCOPI

250 276 338 321 Nec
369 273 638 333 respondent
664 273 746 317 ista
789 272 1156 330 interrogantibus
1189 271 1270 315 nisi
1301 270 1626 331 judicantibus,

250 361 330 390 nec
351 360 502 389 vocem
524 359 646 388 suam
678 352 873 398 mutant,
899 342 944 386 id
965 351 1050 398 est,
1070 342 1257 402 speeiem
1279 356 1401 386 suam
1417 375 1429 396 ‚
1464 341 1500 385 si
1520 342 1630 387 alius

250 425 421 462 tantum
452 414 618 470 videat,
645 413 752 458 alius
784 422 931 458 autem
951 412 1104 458 videns
1139 412 1400 470 interroget,
1434 421 1484 456 ut
1506 412 1628 458 aliter

249 486 313 531 illi
335 495 566 546 appareat,
605 483 730 529 aliter
760 483 863 527 huic
883 503 893 540 3
919 482 995 527 sed
1017 482 1172 527 eodem
1198 484 1331 528 modo
1351 483 1529 543 utrique
1551 499 1630 543 ap-

249 572 426 618 parens,
460 554 523 599 illi
549 563 672 598 muta
708 562 794 609 est,
824 553 927 598 huic
948 553 1173 613 loquitur3
1215 553 1407 598 imovero
1429 553 1633 598 omnibus

249 628 468 688 loquitur3
508 625 584 669 sed
618 624 683 669 illi
719 624 971 683 intelligunt
992 624 1069 684 qui
1096 625 1190 684 ejus
1220 639 1373 669 vocem
1411 633 1632 684 acceptam

250 698 379 752 foris,
414 697 532 740 intus
565 710 667 740 cum
697 695 877 740 veritate
917 694 1166 739 conferunt.
1194 694 1363 739 Veritas
1383 694 1501 738 enim
1528 693 1634 738 dicit

249 768 357 812 mihi
378 786 388 812 z
407 769 505 812 Non
543 775 606 811 est
626 769 739 810 Deus
771 775 873 810 tuus
895 764 1059 810 coelum
1080 774 1124 810 et
1159 774 1274 810 terra
1292 800 1304 821 ‚
1328 780 1473 825 neque
1503 779 1633 809 omne

250 854 423 898 corpus.
449 841 544 883 Hoc
562 837 669 882 dicit
689 852 841 882 eorum
862 847 1018 882 natura
1038 837 1203 882 videnti
1232 857 1240 883 :
1264 837 1402 882 Moles
1427 845 1512 892 est,
1537 851 1634 881 mo-

249 909 311 954 les
343 909 486 953 minor
507 917 570 952 est
595 910 642 952 in
665 917 787 968 parte
808 923 941 968 quam
961 908 1009 951 in
1029 917 1137 953 toto.
1177 910 1273 952 Jam
1294 918 1344 953 tu
1372 906 1527 951 melior
1560 921 1604 951 es
1621 941 1633 962 ,

252 981 330 1025 tibi
343 980 458 1035 dico,
475 980 618 1024 anima
637 1000 647 1036 3
667 980 875 1039 quoniam
897 989 948 1023 tu
964 988 1137 1038 vegetas
1160 978 1321 1023 molem
1338 978 1529 1037 corporis
1550 978 1632 1033 tui,

250 1052 448 1112 praebens
481 1053 519 1095 ei
542 1052 676 1096 vitam
695 1087 705 1106 ‚
732 1051 853 1111 quod
878 1050 1051 1094 nullum
1068 1066 1226 1109 corpus
1248 1058 1424 1109 praestat
1447 1050 1631 1109 corpori.
1669 1056 1671 1058 '

252 1126 365 1167 Deus
382 1131 526 1166 autem
546 1131 647 1166 tuus
669 1122 801 1166 etiam
817 1121 899 1165 tibi
915 1121 1016 1165 vitae
1036 1121 1123 1165 vita
1146 1129 1223 1165 est.

252 1293 320 1307 ΜΛΝ
327 1290 750 1307 muna-mmmmmmms
754 1290 820 1305 mvl
824 1290 891 1305 ΜΛΝ
896 1286 1638 1305 ’ἋΛΑΝΙΙΜΜᾺἌΜΛᾸΜΜΜΛΛΜΝΚΜΜΜΜΙΝ

752 1424 970 1473 CAPUT
1016 1424 1128 1472 VH.

257 1581 502 1641 Corporea
533 1589 618 1624 aut
647 1579 871 1625 sensitiva
903 1579 1073 1623 virtute
1103 1577 1238 1623 Deus
1261 1593 1357 1623 non
1382 1576 1635 1623 invenitur.

310 1742 390 1783 XI.
417 1743 532 1793 Qnm
559 1754 660 1797 ergo
683 1755 781 1783 amo
799 1775 809 1793 ‚
834 1754 935 1782 cum
957 1741 1096 1783 Deum
1118 1753 1265 1782 meum
1298 1740 1428 1783 amo?
1450 1738 1551 1792 Quis
1574 1747 1640 1783 est

251 1810 324 1854 ille
360 1825 490 1869 super
511 1819 643 1869 caput
665 1810 820 1852 animae
842 1810 979 1852 meae?
1009 1812 1090 1852 Per
1122 1809 1258 1867 ipsam
1280 1809 1469 1852 animam
1497 1823 1637 1852 meam

253 1879 480 1925 ascendam
513 1879 568 1923 ad
595 1879 735 1923 illum.
766 1879 974 1923 Transibo
997 1879 1084 1922 vim
1106 1894 1248 1922 meam
1270 1895 1355 1938 qua
1377 1879 1522 1922 haereo
1545 1894 1638 1922 cor·

253 1952 376 2011 pori,
402 1960 444 1994 θῖ
467 1950 655 1994 vitaliter
676 1964 930 2008 compagem
952 1951 1046 2009 ejus
1072 1948 1234 2008 repleo.
1261 1952 1358 1994 Non
1381 1964 1430 1992 ea
1452 1948 1493 1991 vi
1511 1964 1639 2007 repe-

255 2023 318 2067 rio
338 2026 474 2066 Deum
491 2037 654 2075 meum,
671 2036 772 2064 nam
794 2020 1001 2079 reperiret
1023 2029 1066 2063 et
1088 2035 1226 2079 equus
1249 2029 1292 2063 et
1312 2018 1455 2062 mulus
1477 2020 1638 2079 quibus

255 2109 344 2137 non
361 2103 423 2136 est
438 2091 710 2136 intellectus¹
731 2127 742 2146 ,
766 2091 868 2150 quia
891 2100 955 2134 est
974 2089 1125 2133 eadem
1145 2091 1208 2134 vis
1225 2106 1312 2150 qua
1334 2091 1489 2134 vivunt
1505 2091 1635 2134 etiam

255 2179 406 2209 eorum
435 2178 631 2221 corpora.
661 2165 738 2205 Est
759 2160 840 2204 alia
869 2161 930 2204 vis
948 2176 1037 2204 non
1059 2159 1201 2204 solum
1227 2177 1313 2220 qua
1336 2161 1507 2205 vivifico
1525 2196 1536 2216 ‚
1562 2160 1637 2205 sed

256 2237 385 2279 etiam
408 2250 495 2294 qua
526 2233 722 2277 sensifico
754 2247 928 2276 carnem
963 2247 1105 2276 meam
1127 2247 1258 2291 quam
1280 2233 1386 2275 mihi
1409 2230 1637 2276 fabricavit

256 2305 488 2359 Dominus,
515 2303 676 2363 jubens
704 2301 832 2347 oculo
860 2311 909 2345 ut
943 2317 1033 2345 non
1069 2300 1240 2356 audiat,
1272 2311 1316 2345 et
1343 2302 1437 2346 auri
1469 2311 1521 2346 ut
1547 2317 1637 2346 non

257 2374 431 2432 videat3
465 2373 540 2418 sed
571 2373 634 2416 illi
667 2388 743 2433 per
770 2388 901 2432 quem
930 2372 1128 2427 videam,
1162 2372 1264 2416 huic
1292 2388 1370 2432 per
1403 2387 1536 2432 quam
1559 2388 1640 2416 au-

258 2445 375 2489 diam
395 2464 403 2490 :
429 2454 472 2490 et
493 2445 667 2504 propria
690 2442 939 2503 singillatim
961 2443 1125 2488 eaeteris
1147 2443 1342 2489 sensibus
1356 2444 1530 2489 sedibus
1549 2443 1636 2488 suis

303 2543 315 2562 ¹
333 2541 412 2574 Psal.
434 2552 524 2583 xxxr,
542 2553 576 2583 9.
