1871 3162
538 234 882 283 conFEsslonuM,
916 247 999 273 Lm.
1035 248 1095 272 1v.
1447 237 1503 275 79

126 314 300 354 Beatam
326 312 459 354 vitam
489 312 678 370 quaeritis
712 313 758 355 in
783 313 958 370 regione
980 313 1155 356 mortis:
1191 328 1281 356 non
1308 323 1371 357 est
1396 315 1498 359 illic.

125 381 354 433 Quomodo
369 382 484 425 enim
501 382 627 426 beata
644 383 747 436 vita,
768 383 844 426 ubi
862 398 943 427 nec
957 384 1071 427 vita?

183 453 305 495 XIX.
340 454 397 495 Et
414 451 637 496 descendit
649 453 736 496 huc
752 453 842 512 ipsa
869 453 956 497 vita
984 462 1156 507 nostra,
1187 461 1230 496 et
1259 452 1357 496 tulit
1386 468 1505 497 mor-

128 529 217 565 tem
239 529 454 575 nostram,
485 530 528 565 et
565 522 722 566 occidit
751 537 845 566 eam
873 523 927 566 de
965 521 1232 567 abundantia
1262 523 1363 567 vitae
1390 537 1504 577 suae,

127 600 170 634 et
204 592 348 635 tonuit
375 591 579 647 clamans,
605 601 655 636 ut
676 591 903 637 redeamus
920 594 1023 637 hinc
1045 593 1100 637 ad
1116 609 1216 637 eum
1244 594 1289 637 in
1311 592 1422 636 illud
1443 608 1509 636 se-

124 670 291 705 cretum
312 663 429 706 unde
451 663 658 722 processit
676 664 731 707 ad
753 679 846 718 nos,
876 665 922 708 in
939 665 1081 724 ipsum
1102 665 1293 723 primum
1314 663 1508 722 virgina-

123 731 210 776 lem
224 741 414 787 uterum,
433 734 511 777 ubi
526 735 565 777 ei
579 734 727 794 nupsit
742 736 933 779 humana
953 744 1165 790 creatura,
1181 750 1281 779 caro
1294 734 1506 789 mortalis,

124 817 179 845 ne
203 811 310 846 esset
327 818 494 862 semper
509 803 700 848 mortalis
716 825 728 862 3
747 814 790 849 et
807 804 910 848 inde
930 803 1052 849 velut
1068 820 1250 864 sponsus
1267 803 1506 863 procedens

124 870 179 915 de
201 872 392 916 thalamo
413 888 508 927 suo,
538 873 746 919 exultavit
766 883 816 918 ut
843 875 962 934 gigas
985 876 1040 918 ad
1061 873 1321 916 currendam
1343 872 1457 915 viam
1470 863 1508 914 14⁷

123 943 221 986 Non
238 943 351 986 enim
376 943 590 999 tardavit3
619 944 704 995 sed,
724 943 933 997 cucurrit,
971 941 1162 986 clamans
1189 941 1332 996 dictis,
1367 940 1508 995 tactis,

125 1020 285 1065 morte,
310 1013 419 1066 vita,
449 1011 675 1066 descensu,
701 1027 895 1067 ascensu,
921 1011 1110 1056 clamans
1133 1020 1184 1054 ut
1205 1010 1433 1054 redeamus
1455 1010 1512 1053 ad

125 1096 240 1125 eum.
266 1084 323 1125 Et
344 1081 536 1125 discessit
557 1082 612 1125 ab
635 1081 786 1137 oculis,
807 1090 857 1125 ut
878 1083 1105 1125 redeamus
1134 1080 1189 1125 ad
1211 1096 1303 1135 cor,
1328 1089 1370 1123 et
1386 1080 1511 1124 inve-

125 1152 295 1195 niamus
313 1167 427 1195 eum.
449 1152 667 1196 Abscessit
693 1152 831 1206 enim,
862 1160 906 1195 et
927 1167 1026 1195 ecce
1052 1152 1125 1194 hic
1153 1160 1233 1195 est.
1259 1150 1409 1195 Noluit
1428 1165 1512 1194 no-

126 1221 294 1265 biscum
315 1220 391 1264 diu
411 1236 519 1275 esse,
543 1230 587 1265 et
603 1237 692 1265 non
713 1221 889 1281 reliquit
906 1237 998 1266 nos.
1021 1221 1132 1266 Illuc
1149 1221 1266 1264 enim
1285 1221 1505 1275 abscessit,

127 1290 244 1335 unde
266 1307 493 1351 nunquam
513 1291 703 1346 recessit,
723 1292 825 1351 quia
842 1290 1034 1335 mundus
1048 1306 1123 1350 per
1144 1306 1246 1335 eum
1266 1290 1406 1335 factus
1420 1299 1510 1348 est3

126 1371 170 1406 et
191 1363 237 1406 in
258 1363 342 1406 hoc
359 1362 526 1406 mundo
546 1366 682 1417 erat‘2,
707 1371 752 1406 et
771 1363 891 1407 venit
909 1363 954 1406 in
978 1363 1096 1406 hunc
1117 1362 1336 1406 mundum
1355 1377 1512 1421 pecca-

127 1441 241 1476 tores
268 1431 406 1476 salvos
433 1433 574 1476 facere
588 1434 621 1487 ³,
653 1433 724 1477 cui
753 1433 987 1477 confitetur
1022 1433 1165 1477 anima
1189 1447 1299 1485 mea,
1325 1440 1369 1475 et
1390 1440 1514 1476 sanat

128 1517 238 1556 eam,
268 1502 370 1562 quia
392 1502 588 1561 peccavit
608 1501 711 1545 illi4.
736 1501 835 1545 Filii
856 1503 1086 1546 hominum
1107 1518 1340 1561 usquequo
1363 1517 1511 1558 graves

129 1571 317 1616 corde5?
339 1572 563 1632 Numquid
584 1581 627 1616 et
648 1581 746 1630 post
774 1572 1031 1616 descensum
1054 1572 1155 1616 vitae
1178 1587 1268 1615 non
1294 1570 1423 1615 vultis
1446 1586 1514 1614 as-

130 1641 315 1702 cendere
336 1651 379 1686 et
400 1643 573 1686 vivere?
594 1642 676 1685 Sed
691 1657 779 1700 quo
793 1641 1020 1685 ascenditis
1035 1641 1213 1702 quando
1231 1641 1277 1684 in
1294 1640 1382 1685 alto
1397 1641 1513 1696 estis,

131 1721 174 1755 et
195 1712 394 1771 posuistis
414 1712 460 1755 in
483 1710 644 1755 coelum
670 1727 717 1755 os
739 1713 987 1755 vestrumf’?
1016 1711 1273 1755 Descendite
1295 1709 1345 1755 ut
1365 1727 1517 1755 ascen-

131 1781 258 1836 datis,
284 1791 328 1826 et
347 1781 584 1826 ascendatis
606 1780 660 1825 ad
682 1784 836 1826 Deum.
858 1780 1082 1826 Cecidistis
1104 1782 1219 1824 enim
1241 1781 1516 1827 ascendendo

133 1862 283 1897 contra
298 1868 415 1896 eum.
434 1853 512 1897 Dic
531 1853 588 1896 eis
604 1853 681 1896 ista
700 1862 749 1896 ut
770 1851 942 1911 plorent
964 1854 1009 1896 in
1030 1851 1227 1897 convalle
1243 1852 1512 1912 plorationis,

134 1934 176 1967 et
199 1926 256 1966 sic
276 1938 348 1966 eos
368 1937 469 1982 rape
492 1930 639 1966 tecum
662 1923 716 1965 ad
740 1925 909 1979 Deum,
933 1922 1036 1982 quia
1057 1921 1111 1966 de
1133 1923 1286 1981 spiritu
1309 1924 1400 1983 ejus
1423 1924 1517 1967 haec

136 1994 242 2038 dicis
263 1994 334 2049 eis,
359 1994 394 2038 si
415 1993 520 2038 dicis
542 1992 695 2037 ardens
712 1993 812 2051 igne
828 1993 1064 2038 charitatis.

181 2104 193 2121 ¹
211 2101 396 2142 Psakxvm,
414 2101 449 2133 6.
466 2118 507 2124 -
524 2107 536 2124 ²
555 2103 651 2133 Joan.
675 2112 698 2142 1,
723 2111 772 2134 10.
795 2118 836 2124 —
855 2099 869 2124 3
890 2112 903 2133 1
929 2103 1010 2134 T1m.
1025 2113 1050 2142 1,
1074 2100 1125 2144 15,
1148 2114 1187 2124 —⁶
1203 2100 1219 2132 4
1238 2101 1320 2134 Psal.
1346 2113 1398 2141 xz,
1423 2101 1456 2134 5.
1479 2119 1520 2126 -

137 2154 154 2181 5
172 2157 225 2190 Id.
244 2168 291 2199 lv,
307 2157 338 2190 3.
359 2173 400 2179 —
419 2154 498 2189 61d.
515 2167 616 2198 Lxxu,
635 2167 669 2198 9.
