1871 3162
227 236 307 273 188
653 246 685 273 5.
722 242 953 272 AUGUSTINI
985 244 1165 272 Eriscom

224 420 435 436 m⁴m1m
441 420 577 436 νΙΜΙυΙΜ
583 418 1004 436 mmmmmwmn
1010 416 1605 434 xmxmsmmxffimmwmvmm

740 549 958 598 CAPUT
1005 552 1093 597 JK.

331 704 469 750 Unde
470 707 537 767 fit
556 714 607 749 ut
627 706 816 750 animus
838 706 1035 765 imperet
1057 703 1150 749 sibi
1165 713 1209 748 ec
1233 704 1498 748 resistatur.

268 866 388 908 XXI.
403 867 526 909 UNDE
541 865 624 909 hoc
638 874 898 919 monstrum,
911 873 953 908 et
966 879 1100 924 quare
1114 862 1260 907 istud?
1275 866 1438 907 Luceat
1453 861 1612 906 miseri·

219 933 366 978 cordia
387 943 478 988 tua,
500 944 543 978 et
555 935 816 992 interrogem
838 936 871 980 si
892 934 1006 979 forte
1030 934 1137 977 mihi
1158 934 1422 993 respondere
1442 933 1608 992 possint

217 1003 395 1047 latebrae
412 1018 644 1062 poenarum
666 1005 911 1059 hominum⁷
931 1013 975 1047 et
992 1004 1350 1047 tenebrosissimae
1373 1003 1604 1047 contritio-

218 1089 295 1118 nes
317 1074 506 1118 filiorum
527 1074 682 1118 Adam.
710 1075 835 1119 Unde
851 1076 934 1119 1100
957 1083 1224 1129 monstrum,
1250 1083 1291 1119 et
1306 1088 1440 1134 quare
1455 1072 1609 1117 istud?

221 1148 411 1204 Imperat
433 1145 601 1189 animus
623 1147 815 1205 corpori,
841 1155 884 1190 et
904 1154 1080 1205 paretur
1103 1146 1247 1208 statim
1267 1166 1278 1203 3
1307 1145 1492 1204 imperat
1514 1144 1610 1188 ani-

218 1231 314 1260 mus
337 1216 444 1271 sibi,
470 1226 513 1261 et
534 1217 757 1261 resistitur.
786 1220 975 1276 Imperat
997 1218 1165 1261 animus
1188 1226 1237 1261 ut
1259 1225 1485 1261 moveatur
1513 1231 1609 1259 ma-

218 1302 316 1342 nus,
332 1296 375 1330 et
399 1295 519 1330 tanta
541 1295 605 1330 est
625 1287 805 1332 facilitas
830 1297 878 1332 ut
895 1288 966 1331 vix
987 1303 1011 1330 a
1034 1287 1207 1332 servitio
1229 1287 1500 1331 discernatur
1523 1287 1610 1330 im-

219 1356 387 1415 perium
414 1375 423 1401 :
448 1365 492 1400 et
509 1358 677 1400 animus
699 1359 868 1401 animus
889 1365 980 1411 est,
1000 1372 1155 1401 manus
1178 1366 1325 1401 autem
1347 1371 1504 1416 corpus
1527 1365 1606 1400 est.

220 1429 409 1484 Imperat
426 1426 595 1470 animus
617 1435 667 1470 ut
686 1427 790 1471 velit
820 1428 988 1470 animus
1007 1461 1018 1481 ‚
1046 1442 1126 1470 nec
1149 1426 1258 1471 alter
1276 1437 1366 1482 est,
1395 1442 1475 1470 nec
1506 1426 1611 1470 facit

220 1506 382 1541 tamen.
412 1496 537 1540 Unde
559 1497 643 1542 hoc
676 1506 921 1541 monstrum
944 1533 954 1552 ‚
982 1507 1025 1541 et
1058 1513 1192 1557 quare
1217 1498 1363 1541 istud?
1393 1501 1606 1556 Imperat,

218 1568 397 1628 inquam
415 1603 426 1621 ,
451 1577 502 1612 ut
522 1568 647 1623 velit,
673 1569 748 1628 qui
778 1583 867 1611 non
889 1568 1120 1627 imperaret
1152 1567 1233 1611 nisi
1255 1568 1413 1622 vellet,
1448 1577 1491 1612 et
1519 1583 1610 1612 non

218 1640 267 1683 fit
290 1638 411 1698 quod
431 1638 628 1696 imperat.
658 1639 741 1682 Sed
764 1654 853 1682 non
876 1654 925 1682 ex
948 1647 1041 1682 toto
1063 1638 1188 1696 vult3
1210 1655 1300 1683 non
1317 1654 1419 1698 ergo
1441 1654 1492 1683 ex
1515 1633 1609 1683 toto

218 1709 414 1766 imperat.
436 1710 544 1752 Nam
569 1708 614 1751 in
630 1698 801 1752 fantum
823 1709 1030 1767 imperat,
1055 1709 1100 1752 in
1121 1718 1336 1769 quantum
1355 1709 1475 1767 vult3
1501 1718 1544 1752 et
1564 1709 1610 1752 in

218 1787 390 1822 tantum
407 1793 495 1821 non
512 1779 561 1821 fit
581 1778 700 1837 quod
723 1779 927 1838 imperat,
954 1779 999 1822 in
1018 1789 1233 1838 quantum
1254 1795 1343 1824 non
1360 1779 1468 1824 vult.
1489 1782 1610 1832 Quo-

217 1849 333 1892 niam
351 1847 552 1892 voluntas
567 1849 751 1907 imperat
768 1858 818 1892 ut
835 1850 889 1893 sit
915 1848 1117 1893 voluntas
1130 1884 1145 1905 ,
1166 1865 1246 1894 nec
1263 1851 1345 1894 alia
1362 1885 1373 1905 ‚
1394 1850 1471 1894 sed
1498 1851 1606 1908 ipsa.

217 1921 315 1964 Non
348 1919 499 1978 utique
524 1919 651 1978 plena
678 1921 883 1979 imperat,
908 1920 1005 1964 ideo
1039 1936 1128 1964 non
1159 1930 1223 1965 est
1259 1921 1381 1981 quod
1408 1921 1607 1980 imperat.

216 1992 325 2036 Nam
343 1991 376 2033 si
394 1990 521 2049 plena
542 1999 671 2045 esset,
691 2006 770 2034 nec
791 1991 1024 2051 imperaret
1045 2001 1093 2036 ut
1113 2002 1238 2047 esset,
1257 1993 1358 2052 quia
1375 1993 1465 2052 jam
1481 1999 1605 2034 esset.

215 2062 313 2105 Non
326 2059 460 2118 igitur
476 2069 715 2105 monstrum
731 2062 891 2121 partim
907 2061 1032 2117 velle,
1051 2062 1208 2121 partim
1224 2062 1364 2119 nolle3
1389 2061 1462 2106 sed
1480 2061 1609 2119 aegri-

217 2129 326 2174 tudo
345 2131 475 2174 animi
490 2140 567 2185 est,
589 2132 691 2190 quia
708 2147 796 2176 non
811 2141 928 2176 totus
942 2133 1123 2190 assurgit
1135 2133 1316 2176 veritate
1329 2132 1582 2175 sublevatus
1594 2166 1605 2186 ‚

217 2201 531 2245 consuetudine
554 2211 860 2261 praegravatus.
888 2205 944 2247 Et
966 2202 1064 2247 ideo
1087 2213 1188 2247 sunt
1212 2203 1313 2247 duae
1336 2204 1604 2257 voluntates,

217 2272 321 2330 quia
337 2288 425 2317 una
440 2288 588 2317 earum
599 2282 689 2317 tota
712 2289 798 2318 non
813 2282 891 2327 est⁷
909 2283 952 2318 et
977 2275 1059 2318 hoc
1079 2273 1199 2319 adest
1214 2274 1338 2318 alteri
1354 2273 1473 2333 quod
1488 2272 1608 2317 deest

219 2342 355 2385 alteri.
