1871 3162
287 194 371 234 450
723 204 755 232 s.
791 203 1023 234 attonsum
1054 206 1236 235 urst-,01³1

288 271 364 315 des
381 270 426 313 in
444 268 711 313 abditissimo
728 277 855 316 terrae
869 270 1050 328 gremio,
1067 285 1148 315 nec
1164 271 1343 315 omnino
1360 271 1437 315 ubi
1457 285 1546 315 non
1566 280 1669 316 sunt

289 340 365 400 qui
381 339 569 384 sentiant
594 354 705 384 :nec
736 339 817 382 iste
837 338 946 398 lapis
980 349 1090 385 esset
1106 375 1118 395 ,
1154 341 1234 384 nisi
1253 356 1354 384 eum
1387 341 1630 385 videremus
1653 375 1664 396 ,

288 426 369 455 nec
385 410 494 468 lapis
507 410 589 454 erit
605 425 707 454 cum
726 409 1063 466 discesserimus,
1080 426 1298 470 nemoque
1316 409 1424 455 alius
1441 426 1541 454 eum
1558 426 1672 470 prae-

287 497 383 527 sens
394 480 575 526 videbit.
591 483 678 526 Nec
688 480 724 524 si
735 479 903 524 loculos
919 480 1032 524 bene
1049 481 1240 537 claudas,
1255 482 1453 542 quamvis
1473 481 1612 526 multa
1626 481 1674 525 in

290 553 350 596 eis
372 551 596 596 incluseris
612 586 624 606 ,
648 549 814 610 aliquid
840 550 1087 595 habebunt.
1112 554 1201 597 Nec
1221 568 1396 612 prorsus
1424 553 1570 611 ipsum
1587 551 1674 610 lig-

288 638 395 667 num
441 622 699 666 intrinsecus
722 621 889 679 lignum
919 631 996 666 est.
1033 622 1160 681 Fugit
1199 624 1316 666 enim
1344 638 1494 667 omnes
1526 637 1676 666 sensus

289 692 508 754 quidquid
528 693 574 735 in
611 692 842 736 altitudine
863 702 928 737 est
959 694 1153 752 corporis
1179 694 1360 738 minime
1388 693 1674 753 perlucentis,

289 764 410 823 quod
445 777 536 806 non
565 776 655 805 esse
678 762 857 806 omnino
877 763 1065 822 cogitur.
1090 765 1265 808 Etenim
1294 764 1329 807 si
1362 774 1493 820 esset,
1523 779 1676 810 verum

290 842 425 889 esset,
449 847 531 875 nec
565 847 718 876 verum
740 831 981 892 quidquam
1004 842 1092 888 est,
1117 833 1199 877 nisi
1219 833 1337 893 quod
1371 834 1432 877 ita
1452 842 1515 877 est
1539 842 1590 877 ut
1609 833 1677 878 vi—

291 904 420 949 detur
447 922 456 948 :
480 901 591 946 illud
611 912 757 947 autem
778 919 869 946 non
889 902 1063 948 videtur
1078 938 1089 959 ,
1123 919 1215 948 non
1237 913 1302 948 est
1335 905 1465 962 igitur
1486 919 1638 948 verum
1666 923 1675 949 :

292 975 375 1019 nisi
396 972 505 1034 quid
526 972 660 1016 habes
681 972 738 1017 ad
763 973 858 1017 haec
881 974 1002 1033 quod
1029 974 1305 1033 respondeas.
1331 978 1384 1019 A.
1409 978 1473 1019 De
1498 975 1548 1018 iis
1576 977 1679 1034 qui-

295 1045 395 1090 dem
417 1060 517 1105 quae
539 1045 753 1098 concessi,
780 1045 864 1088 hoc
879 1054 1032 1089 natum
1049 1061 1139 1090 esse
1158 1045 1283 1090 video
1309 1065 1318 1090 ε
1342 1045 1418 1090 sed
1440 1045 1677 1090 absurdum

296 1117 358 1161 ita
380 1124 444 1159 est
457 1149 469 1171 ‚
493 1123 544 1158 ut
564 1114 784 1174 quidquid
798 1114 861 1159 vis
875 1114 1053 1160 illorum
1067 1115 1237 1161 facilius
1258 1131 1431 1175 negem,
1446 1132 1578 1177 quam
1600 1118 1684 1161 hoc

297 1202 450 1233 verum
473 1200 562 1230 esse
584 1183 837 1230 concedam.
865 1188 919 1229 R.
944 1186 1062 1232 Nihil
1083 1203 1295 1247 repugno.
1321 1187 1432 1232 Vide
1452 1203 1555 1247 ergo
1577 1188 1686 1248 quid

297 1258 440 1302 dicere
460 1255 567 1302 velis
590 1275 600 1301 :
625 1271 833 1316 corporea
857 1256 940 1300 nisi
960 1257 1155 1302 sensibus
1174 1258 1311 1304 videri
1328 1274 1452 1318 posse
1468 1295 1479 1314 ,
1505 1275 1561 1303 an
1581 1274 1682 1303 sen-

298 1330 379 1374 tire
396 1327 477 1372 nisi
499 1330 710 1382 animam,
736 1343 792 1371 an
815 1342 904 1372 esse
924 1327 1116 1387 lapidem
1136 1329 1207 1374 vel
1219 1329 1329 1389 quid
1350 1329 1470 1374 aliud
1485 1365 1496 1385 ,
1521 1327 1598 1373 sed
1612 1344 1687 1374 ve-

298 1415 397 1445 rum
421 1415 511 1444 non
533 1414 644 1454 esse,
683 1414 738 1442 an
770 1399 914 1458 ipsum
934 1414 1088 1444 verum
1110 1399 1233 1444 aliter
1254 1416 1342 1446 esse
1369 1400 1685 1445 definiendum.

301 1474 354 1516 A.
373 1473 491 1514 Istuc
511 1470 655 1529 ipsum
670 1504 682 1524 ,
704 1483 780 1513 oro
803 1478 846 1513 te
860 1505 873 1525 ,
897 1468 1104 1514 ultimum
1122 1470 1362 1515 videamus.

359 1543 485 1585 VIII.
506 1544 560 1584 R.
581 1540 723 1584 Defini
745 1555 849 1598 ergo
870 1555 1039 1584 verum.
1060 1543 1112 1584 Α.
1137 1542 1300 1584 Verum
1331 1550 1396 1585 est
1417 1541 1538 1600 quod
1568 1540 1627 1584 ita
1647 1555 1692 1584 se

300 1611 434 1656 habet
456 1619 507 1654 ut
527 1609 741 1668 cognitori
762 1609 936 1655 videtur
954 1644 966 1664 ,
990 1611 1024 1654 si
1045 1610 1151 1655 velit
1172 1611 1393 1671 possitque
1413 1625 1689 1669 cognoscere.

298 1683 358 1726 R.
384 1684 482 1726 Non
506 1681 588 1724 erit
606 1680 739 1738 igitur
755 1695 909 1726 verum
930 1680 1053 1739 quod
1081 1696 1211 1726 nemo
1233 1691 1376 1741 potest
1405 1683 1695 1740 cognoscere?

303 1751 470 1796 Deinde
492 1751 525 1793 si
546 1749 707 1793 falsum
729 1758 792 1793 est
814 1748 937 1809 quod
959 1749 1083 1793 aliter
1113 1766 1245 1810 quam
1272 1761 1335 1795 est
1355 1751 1529 1795 videtur
1546 1786 1557 1806 ,
1588 1749 1697 1811 quid

306 1823 339 1867 si
363 1822 486 1866 alteri
500 1820 700 1865 videatur
721 1820 794 1864 hic
816 1819 938 1880 lapis,
956 1820 1086 1880 lapis3
1104 1820 1227 1865 alteri
1248 1821 1414 1880 lignum
1431 1844 1443 1879 3
1461 1822 1613 1866 eadem
1631 1836 1697 1865 res

307 1904 349 1939 et
371 1892 477 1937 falsa
499 1901 542 1935 et
557 1907 659 1936 vera
676 1891 792 1935 erit?
813 1894 866 1935 Α.
895 1890 1013 1934 Illud
1045 1906 1115 1935 me
1136 1893 1271 1950 magis
1299 1893 1496 1952 superius
1522 1902 1669 1937 movet
1684 1928 1695 1948 ,

306 1962 529 2026 quomodo
552 1964 585 2006 si
614 1962 723 2022 quid
755 1961 959 2020 cognosci
981 1977 1071 2006 non
1093 1971 1236 2021 potest
1252 1997 1264 2018 ,
1303 1977 1354 2007 eo
1375 1964 1451 2007 fiat
1472 1972 1523 2007 ut
1543 1978 1697 2007 verum

306 2051 398 2080 non
429 2034 498 2078 si‘t.
531 2034 640 2078 Nam
672 2032 793 2092 quod
823 2031 952 2076 simul
978 2047 1066 2076 una
1100 2048 1165 2077 res
1181 2068 1192 2087 ,
1219 2043 1263 2077 et
1287 2049 1386 2077 vera
1411 2043 1455 2078 et
1473 2033 1582 2077 falsa
1602 2043 1693 2087 est,

308 2122 398 2152 non
419 2105 546 2149 nimis
569 2119 689 2149 curo.
711 2103 886 2148 Etenim
909 2102 1037 2147 video
1058 2118 1192 2147 unam
1215 2119 1305 2148 rem
1323 2104 1501 2149 diversis
1518 2119 1698 2164 compa-

309 2187 465 2231 ratam,
488 2174 618 2219 simul
640 2184 682 2219 et
699 2176 906 2234 majorem
924 2182 967 2218 et
983 2174 1198 2219 minorem
1217 2190 1320 2220 esse.
1344 2175 1429 2220 Sed
1443 2190 1494 2219 ex
1515 2191 1566 2221 eo
1582 2175 1700 2220 istud

309 2247 523 2304 contingit
538 2281 550 2300 ,
574 2244 695 2306 quod
717 2243 828 2288 nihil
846 2259 922 2303 per
942 2259 985 2288 se
1015 2246 1152 2304 majus
1175 2254 1252 2290 aut
1286 2245 1430 2288 minus
1459 2255 1536 2289 est.
1563 2247 1699 2290 Com-

309 2316 545 2379 parationis
577 2316 694 2360 enim
728 2324 829 2359 sunt
857 2315 939 2359 ista
968 2316 1165 2360 nomina.
1194 2318 1247 2359 R.
1275 2317 1333 2359 At
1361 2316 1395 2359 si
1433 2316 1541 2360 dicis
1585 2315 1697 2359 nihil

313 2404 403 2433 esse
423 2402 576 2431 verum
597 2402 675 2446 per
691 2401 752 2441 se,
771 2401 861 2429 non
882 2386 1008 2429 times
1029 2400 1084 2429 ne
1104 2394 1326 2446 sequatur,
1351 2394 1402 2429 ut
1423 2385 1533 2429 nihil
1550 2385 1603 2429 sit
1623 2400 1698 2442 per

313 2474 372 2502 se.
397 2458 524 2502 Unde
545 2457 660 2501 enim
681 2456 850 2515 lignum
871 2465 936 2500 est
954 2457 1056 2511 hoc,
1082 2456 1185 2500 inde
1204 2456 1333 2500 etiam
1355 2471 1509 2500 verum
1529 2455 1698 2515 lignum

313 2537 393 2573 est.
416 2530 504 2573 Nec
521 2528 615 2571 fieri
631 2535 775 2586 potest
792 2535 843 2571 ut
861 2541 939 2586 per
950 2542 996 2572 se
1015 2527 1175 2586 ipsum,
1206 2525 1252 2570 id
1274 2536 1353 2578 est,
1373 2527 1464 2570 sine
1476 2526 1698 2584 cognitore
