1871 3162
215 224 297 262 262
635 233 667 261 s.
705 233 937 260 Auensnm
969 233 1150 260 nuscum

212 299 379 359 sopitur
410 314 510 344 cum
548 299 743 343 sensibus
774 297 991 357 corporis?
1022 299 1078 340 Et
1106 296 1224 341 unde
1250 310 1362 355 saepe
1391 296 1519 340 etiam
1547 297 1593 340 in

212 371 372 416 somnis
404 370 652 425 resistimus,
678 368 898 428 nostrique
920 368 1125 427 propositi
1147 382 1375 422 memoreS,
1401 379 1532 427 atque
1548 365 1594 410 in

213 458 265 487 eo
284 441 516 486 castissime
535 448 853 500 permanentes,
873 438 1046 482 nullum
1064 438 1223 482 talibus
1245 438 1458 482 illecebris
1475 437 1595 481 adhi-

215 514 368 557 bemus
385 512 634 556 assensum?
651 514 708 554 Et
723 519 870 554 tamen
888 519 1058 554 tantum
1075 509 1269 563 interest,
1290 518 1340 554 ut
1356 524 1457 553 eum
1472 508 1596 553 aliter

214 583 396 638 accidit,
431 581 680 640 evigilantes
715 581 770 625 ad
798 580 1072 625 conscientiae
1105 581 1299 640 requiem
1336 579 1560 623 redeamus
1582 599 1593 636 3

214 656 392 714 ipsaque
411 653 612 697 distantia
635 653 898 713 reperiamus
918 666 995 696 nos
1017 666 1106 695 non
1129 649 1293 705 fecisse,
1314 650 1435 710 quod
1451 659 1596 694 tamen

213 726 259 769 in
275 725 398 769 nobis
414 740 594 785 quoquo
611 723 743 768 modo
761 723 924 768 factum
938 737 1028 766 esse
1044 720 1282 766 doleamus.

275 798 413 840 XLII.
448 794 672 854 Numquid
693 810 780 838 non
798 803 950 853 potens
968 803 1031 837 est
1047 809 1200 837 manus
1219 802 1308 848 tua,
1327 795 1440 836 Deus
1462 791 1599 836 omni-

217 876 387 927 potens,
409 881 558 910 sanare
576 880 724 910 omnes
744 864 978 923 languores
996 864 1149 908 animae
1166 878 1290 918 meae,
1312 872 1442 922 atque
1457 862 1598 906 abun³

217 938 416 983 dantiore
439 938 572 997 gratia
596 946 671 980 tua
695 936 876 980 lascivos
904 944 1047 979 motus
1079 935 1209 978 etiam
1230 935 1315 977 mei
1336 934 1499 993 soporis
1521 949 1598 976 ex-

217 1009 440 1067 tinguere?
475 1001 701 1066 ngebis,
754 1007 961 1060 Domine,
1013 1006 1147 1063 magis
1189 1005 1410 1064 magisque
1451 1004 1495 1047 in
1530 1019 1601 1047 me

216 1095 397 1122 munera
422 1088 512 1133 tua,
547 1087 596 1121 ut
626 1078 767 1121 anima
789 1092 884 1121 mea
905 1085 1110 1136 sequatur
1135 1090 1201 1118 me
1230 1075 1285 1118 ad
1307 1084 1348 1118 te
1370 1074 1600 1133 concupis-

173 1179 176 1181 >
218 1151 371 1196 centiae
390 1150 507 1194 visco
524 1149 740 1208 expedita,
766 1157 815 1192 ut
837 1163 924 1192 non
942 1148 995 1191 sit
1012 1145 1182 1190 rebellis
1204 1146 1300 1200 sibi,
1325 1155 1456 1205 atque
1477 1155 1527 1189 ut
1556 1146 1602 1188 in

219 1221 378 1265 somnis
393 1220 520 1264 etiam
536 1235 626 1264 non
640 1218 781 1263 solum
799 1235 886 1262 non
904 1227 1124 1277 perpetret
1140 1217 1240 1260 istas
1256 1215 1601 1274 corruptelarum

218 1290 509 1350 turpitudines
518 1306 594 1349 per
606 1291 812 1348 imagines
827 1288 1031 1333 animales
1045 1303 1183 1347 usque
1197 1286 1250 1331 ad
1263 1287 1400 1330 carnis
1414 1286 1580 1329 fluxum
1590 1321 1600 1341 ,

218 1362 292 1406 sed
312 1378 366 1405 ne
383 1361 624 1406 consentiat
645 1348 847 1421 quidem)
860 1362 967 1405 Nam
991 1369 1041 1403 ut
1061 1358 1171 1402 nihil
1194 1358 1276 1402 tale
1293 1357 1363 1402 vel
1384 1356 1602 1401 tantillum

219 1434 353 1477 libeat
374 1432 634 1493 quantulum
659 1431 792 1490 possit
810 1440 920 1474 nutu
939 1430 1131 1474 cohiberi
1151 1429 1278 1472 etiam
1301 1430 1345 1470 in
1368 1437 1484 1471 casto
1507 1427 1604 1471 dor-

221 1504 393 1548 mientis
413 1503 590 1558 affectu,
622 1518 709 1545 non
734 1511 904 1546 tantum
925 1502 971 1544 in
987 1502 1068 1544 hac
1086 1500 1188 1553 vita,
1210 1499 1284 1542 sed
1303 1499 1432 1542 etiam
1455 1498 1500 1541 in
1522 1499 1603 1542 hac

221 1584 364 1629 aetate,
389 1591 477 1618 non
496 1588 702 1631 magnum
726 1582 788 1616 est
811 1572 1115 1631 omnipotenti,
1137 1570 1213 1629 qui
1235 1569 1349 1614 vales
1373 1569 1516 1613 facere
1532 1585 1604 1612 su-

221 1662 297 1706 pra
316 1661 447 1706 quam
471 1645 657 1703 petimus
680 1653 722 1687 et
743 1643 1027 1701 intelligimus
1043 1644 1073 1684 1.
1094 1644 1221 1686 Nunc
1244 1650 1389 1684 tamen
1413 1639 1519 1699 quid
1535 1639 1605 1682 ad-

221 1718 309 1761 huc
331 1717 412 1761 sim
438 1716 483 1758 in
505 1716 587 1759 hoc
609 1729 764 1773 genere
786 1712 889 1756 mali
910 1713 1012 1767 mei,
1039 1711 1124 1755 dixi
1147 1712 1331 1755 Domino
1350 1710 1466 1753 hono
1489 1724 1602 1763 meo,

222 1787 417 1832 exultans
440 1802 539 1831 cum
562 1788 774 1829 tremore‘2
790 1785 835 1828 in
854 1799 904 1828 eo
920 1783 1041 1844 quod
1060 1782 1230 1827 donasti
1249 1782 1370 1835 mihi,
1392 1791 1433 1825 et
1451 1781 1605 1839 lugens

222 1860 267 1903 in
285 1875 335 1903 eo
353 1858 850 1919 quodinconsummatus
863 1870 975 1910 sum,
997 1869 1171 1913 sperans
1189 1852 1485 1911 perfecturum
1502 1860 1546 1894 te
1559 1851 1606 1894 in

223 1946 291 1973 me
312 1927 625 1973 misericordias
659 1935 755 1970 tuas
779 1941 916 1984 usque
948 1925 1002 1969 ad
1025 1940 1171 1985 pacem
1197 1923 1450 1982 plenariam,
1473 1936 1604 1981 quam

222 2011 366 2046 tecum
384 2001 610 2044 habebunt
626 1998 829 2042 interiora
853 2007 894 2041 et
918 1998 1129 2041 exteriora
1152 2010 1262 2049 mea,
1284 2010 1381 2038 cum
1403 1994 1605 2052 absorpta

221 2072 352 2116 suerit
375 2088 488 2116 mors
505 2073 550 2131 in
571 2070 836 2115 victoriani?

270 2176 278 2193 ἔ
304 2169 418 2212 Ephe&
440 2180 485 2209 ni,
507 2178 561 2201 20.
582 2185 621 2190 —
644 2175 655 2190 ²
680 2167 759 2199 Psal.
775 2178 808 2207 n,
836 2177 885 2197 11.
910 2183 950 2188 —
968 2164 980 2187 3
1002 2177 1013 2197 1
1035 2167 1095 2197 Cor
1116 2175 1169 2203 xv,
1187 2163 1241 2204 54.
