1871 3162
317 266 400 305 560
930 275 1078 302 mnnx.

357 347 458 379 Cnrcr
520 353 552 376 ιι.
579 345 732 375 Deserere
747 340 923 373 rhetorices
940 340 1171 382 professionem
1190 339 1303 374 differt
1319 350 1416 383 usquc
1433 340 1474 373 ad
1492 341 1608 373 vinde-

624 397 735 430 miales
752 396 860 428 ferias.
1505 407 1585 439 pag.
1633 398 1698 428 198

513 463 556 486 ιιι.
583 451 787 485 Verecundus
804 451 954 483 concedit
966 450 1012 484 illi
1028 462 1081 484 rus
1097 461 1199 484 suum.
1634 452 1699 482 200

513 519 556 542 iv.
582 508 670 541 Libri
692 507 776 549 apud
791 506 1001 540 cassiciacum
1020 507 1144 549 scripti.
1167 505 1318 549 Epistolae
1343 507 1383 538 ad
1405 505 1607 546 Nebridium,

622 562 736 606 quibus
749 562 902 595 divinitus
916 562 1024 605 gratiis
1040 562 1199 605 perfusus,
1218 566 1251 594 et
1266 572 1361 604 quam
1376 562 1485 593 vivido
1500 562 1610 603 pieta-

625 618 666 650 tis
682 628 793 658 sensu,
819 618 895 650 dum
914 617 1054 650 Psalmos
1074 617 1207 651 evolvit.
1228 617 1394 650 Acerrime
1409 615 1521 649 dolore
1533 616 1614 648 den·

621 673 703 706 tium
714 673 822 706 subito
837 673 1006 706 liberatur.
1636 672 1700 703 202

526 739 560 760 v.
585 727 786 760 Ambrosium
810 729 948 761 consulit
962 729 1038 772 quid
1053 728 1234 771 legendum.
1636 727 1701 758 207

513 793 559 816 w.
585 783 761 815 Mediolani
776 783 957 826 baptizatur
976 794 1051 816 cum
1063 783 1178 826 Alypio
1197 788 1232 816 et
1250 783 1424 816 Adeodato.
1618 779 1700 813 ibid.

502 849 556 872 vu.
586 839 806 872 Ecclesiastici
827 844 942 873 cantus
960 839 1116 871 institutio
1138 839 1324 873 Mediolani.
1339 838 1482 872 Inventio
1497 847 1613 880 corpo-

625 907 698 929 rum
713 900 898 929 sanctorum
916 895 1048 929 Protasii
1064 900 1098 928 et
1115 896 1270 928 Gervasii.
1639 895 1702 925 209
1742 921 1746 922 ⁷

491 962 557 986 vm.
589 951 703 985 Evodii
719 952 895 986 conversio.
914 951 1030 985 Matris
1045 948 1151 985 obitus
1164 976 1176 991 ,
1194 952 1328 993 ejusque
1351 962 1370 984 a
1392 950 1510 984 teneris
1527 950 1614 983 annis

625 1008 789 1040 educatio.
1639 1006 1704 1037 210

516 1075 561 1097 lx.
584 1063 773 1096 Laudabiles
793 1064 903 1096 matris
922 1074 984 1096 suae
1002 1073 1106 1096 mores
1121 1063 1335 1106 prosequitur.
1639 1061 1703 1092 213

527 1132 559 1154 x.
584 1122 783 1164 Colloquium
799 1132 870 1154 cum
883 1125 987 1154 matre
1004 1121 1045 1154 de
1062 1131 1160 1163 regno
1172 1120 1335 1154 coelorum.
1640 1119 1744 1150 215<s

511 1188 554 1211 xl.
581 1179 626 1210 De
643 1177 743 1210 extasi
756 1181 789 1210 et
801 1181 907 1210 morte
917 1177 1039 1209 matris.
1639 1173 1707 1204 218
1729 1170 1766 1183 ”””

510 1244 565 1267 xu-
592 1235 758 1273 Quomodo
782 1233 898 1267 luxerit
918 1237 1056 1267 mortem
1072 1231 1193 1267 matris.
1208 1247 1250 1256 --
1263 1229 1458 1264 Sacrificium
1481 1239 1539 1272 pro
1555 1229 1618 1262 de·—

626 1290 758 1323 functis.
1641 1285 1706 1316 220

496 1344 561 1381 xiu.
588 1347 668 1381 Orat
682 1357 741 1388 pro
754 1349 859 1380 matre
870 1345 1036 1380 defuncta.
1641 1341 1705 1371 223

311 1659 510 1694 Scrutatur
527 1658 713 1701 deinceps,
739 1667 780 1690 ac
798 1657 922 1700 palam
941 1661 1193 1697 contestatur,
1216 1666 1288 1690 uon
1312 1654 1428 1700 qualiS
1455 1659 1563 1690 antea
1583 1661 1678 1690 esset
1693 1680 1704 1698 ‚

367 1716 432 1751 sed
447 1714 567 1760 qualis
582 1724 693 1749 nunc.
710 1713 829 1747 Deum
845 1723 957 1757 quem
976 1711 1093 1756 diligit
1112 1713 1237 1748 studet
1255 1714 1440 1754 indicare;
1461 1713 1625 1758 dumque
1639 1723 1706 1758 per

369 1774 513 1820 singula
533 1774 637 1809 ducit
655 1782 785 1808 rerum
806 1781 955 1816 genera,
979 1771 1106 1806 multis
1124 1771 1279 1816 explicat
1299 1771 1485 1806 memoriae
1505 1771 1577 1806 vim
1601 1771 1707 1818 plane

368 1834 601 1880 stupendam,
624 1839 660 1868 et
679 1833 781 1878 quod
797 1841 862 1867 sua
886 1831 922 1864 in
948 1830 1129 1866 memoria
1147 1830 1271 1865 locum
1296 1831 1395 1866 Deus
1419 1831 1554 1865 habeat
1578 1837 1707 1876 gratu-

367 1894 478 1929 latur.
500 1894 662 1938 Inquirit
684 1893 722 1928 in
745 1898 872 1935 actus,
897 1892 935 1926 in
966 1900 1117 1932 sensus,
1143 1896 1179 1924 et
1205 1889 1358 1925 affectus
1389 1900 1473 1925 suos
1503 1901 1547 1925 ex
1573 1889 1708 1935 triplici

367 1952 571 1987 tentatione
591 1951 804 1997 voluptatis,
819 1950 1057 1991 curiositatis,
1083 1958 1124 1984 ac
1142 1948 1339 1994 superbire.
1360 1949 1560 1983 Dominum
1578 1948 1704 1985 Chris-

368 2018 444 2047 tum
463 2021 578 2046 unum
598 2011 839 2046 mediatorem
860 2008 929 2044 Dei
949 2016 986 2044 et
1011 2008 1202 2043 hominum
1224 2007 1439 2049 confitetur,
1461 2006 1615 2052 ejusque
1635 2017 1705 2052 ope

366 2070 475 2106 animi
499 2069 554 2105 sui
571 2069 768 2114 languores
785 2077 911 2104 omnes
926 2067 1109 2104 sanandos
1130 2076 1207 2103 esse
1225 2064 1392 2101 confidit.

387 2218 488 2251 CAPUT
534 2226 555 2249 1·
579 2216 615 2248 In
630 2217 695 2247 Deo
709 2213 774 2247 solo
793 2223 865 2256 spes
882 2217 916 2246 et
929 2212 1087 2256 gaudium.
1639 2210 1704 2241 226

528 2283 564 2305 11.
590 2273 668 2305 Cum
686 2273 752 2304 Deo
772 2275 847 2303 nota
862 2270 926 2302 sint
940 2279 1070 2310 arcana,
1089 2268 1163 2311 quid
1181 2272 1229 2300 est
1245 2267 1391 2300 confiteri
1406 2265 1460 2297 illi.
1640 2268 1704 2297 227

519 2341 567 2363 ιιι.
595 2331 662 2368 Quo
680 2328 788 2360 fructu
804 2326 1009 2359 confitebitur
1026 2325 1180 2366 deinceps
1197 2325 1264 2367 quis
1282 2325 1333 2364 sit,
1352 2335 1413 2355 non
1426 2323 1493 2367 quis
1504 2322 1612 2356 suerit.
1640 2325 1705 2355 228

522 2396 567 2418 iv.
594 2384 684 2423 Quod
704 2384 809 2426 magni
820 2383 883 2414 sint
899 2382 1022 2414 fructus
1040 2382 1136 2423 hujus
1153 2380 1369 2414 confessionis.
1638 2379 1704 2410 229

530 2452 564 2473 v.
590 2443 692 2472 Homo
708 2450 779 2472 sese
791 2443 896 2472 totum
913 2448 976 2470 non
988 2438 1090 2470 novit.
1640 2435 1703 2465 231

518 2506 564 2528 vi.
592 2496 672 2534 Quid
694 2500 780 2527 amat
807 2506 880 2526 cum
904 2497 1005 2526 Deum
1027 2497 1134 2533 amat,
1160 2496 1194 2524 et
1218 2491 1377 2533 quomodo
1401 2501 1441 2522 ex
1464 2488 1617 2522 creaturis

626 2554 710 2583 Deus
727 2551 942 2592 cognoscitur.
1639 2545 1704 2575 232

497 2614 553 2637 vu·
579 2606 741 2645 Coi-porea
758 2610 813 2638 aut
830 2603 977 2636 sensitiva
996 2604 1116 2636 virtute
1133 2605 1213 2634 Deus
1234 2612 1295 2634 non
1310 2602 1481 2634 invenitur.
1643 2601 1708 2631 234
