1871 3162
546 268 600 296 DE
628 264 955 298 cuEszANnts
986 268 1180 297 insumus.
1460 258 1542 298 513

175 427 804 447 mmmmm

1015 426 1532 447 mmmmmhv

681 558 893 610 CAPUT
927 561 1035 608 XV.

233 714 335 760 Pro
353 730 672 775 personarum
692 714 963 763 diversitate
984 711 1301 774 temperanda
1317 713 1487 759 oratio.

230 885 398 928 XXIII.
436 885 521 927 SED
542 897 660 926 nunc
681 883 810 927 etiam
846 881 957 926 illud
986 884 1108 942 quod
1142 883 1262 942 prius
1293 897 1426 943 quam
1448 898 1551 942 pro·-

170 953 387 997 mitterem
407 967 496 997 non
513 952 728 996 debebam
739 986 751 1005 ,
769 954 857 1012 jam
874 951 1055 997 fortasse
1070 952 1268 996 debitum
1290 952 1454 1010 flagitas
1470 987 1482 1007 ,
1501 962 1552 998 ut

170 1021 347 1082 aliquod
363 1022 570 1067 sermonis
589 1021 857 1081 exemplum,
881 1031 1089 1082 tanquam
1107 1022 1141 1066 si
1162 1036 1244 1081 ego
1266 1022 1456 1082 aliquem
1478 1037 1550 1067 ca-

170 1094 379 1138 techizem
393 1128 404 1148 ‚
441 1108 530 1137 non
565 1107 634 1136 me
665 1093 810 1151 pigeat
840 1091 1053 1152 explicare
1068 1127 1079 1147 ‚
1112 1101 1156 1136 et
1176 1092 1437 1137 intuendum
1472 1093 1552 1137 tibi

168 1177 427 1222 proponere.
449 1160 578 1215 Quod
600 1162 718 1221 prius
740 1177 872 1222 quam
897 1161 1054 1206 faciam
1071 1196 1083 1217 ‚
1108 1161 1209 1206 volo
1237 1162 1398 1221 cogites
1422 1161 1550 1207 aliam

169 1247 259 1277 esse
279 1232 566 1276 intentionem
584 1231 781 1276 distantis
799 1267 810 1286 ‚
835 1247 936 1276 cum
954 1231 1090 1277 lector
1111 1232 1286 1276 futurus
1306 1232 1548 1291 cogitatur3

170 1311 213 1346 et
229 1301 356 1346 aliam
373 1302 607 1362 loquentis,
628 1316 728 1345 eum
750 1316 938 1361 praesens
960 1302 1133 1346 auditor
1150 1301 1390 1346 attenditur
1411 1321 1420 1346 ι
1442 1311 1485 1346 et
1505 1302 1552 1346 in

170 1387 221 1416 eo
239 1372 332 1430 ipso
345 1370 473 1415 aliam
487 1371 533 1414 in
554 1380 720 1415 secreto
734 1371 974 1426 monentis,
989 1371 1096 1415 dum
1118 1371 1265 1415 nullus
1286 1371 1394 1415 alius
1405 1372 1482 1430 qui
1494 1370 1550 1415 de

172 1441 299 1485 nobis
314 1441 484 1500 judicet
503 1449 662 1499 praesto
691 1450 784 1498 est3
815 1440 942 1485 aliam
964 1440 1106 1500 palam
1130 1441 1326 1485 docentis
1357 1440 1520 1500 aliquid
1535 1475 1547 1496 ‚

168 1524 269 1554 cum
292 1508 554 1553 dissimiliter
566 1510 839 1568 opinantium
856 1510 1106 1555 circumstat
1121 1510 1297 1554 auditus
1317 1529 1326 1554 :
1345 1510 1445 1554 etin
1466 1511 1550 1555 hoc

168 1593 326 1637 genere
349 1578 499 1633 aliam,
523 1593 623 1622 cum
646 1577 827 1623 docetur
848 1595 982 1634 unus,
1008 1580 1153 1623 caeteri
1175 1588 1319 1623 autem
1341 1589 1551 1639 tanquam

161 1647 411 1707 judicantes
445 1655 520 1691 aut
554 1655 802 1692 attestantes
822 1663 921 1707 quae
951 1648 1032 1692 sibi
1063 1656 1166 1692 nota
1203 1658 1303 1693 sunt
1335 1649 1549 1707 audiunt3

168 1718 295 1762 aliam
319 1732 419 1762 cum
442 1731 592 1762 omnes
624 1718 914 1761 communiter
949 1717 1058 1776 quid
1095 1718 1150 1761 ad
1180 1732 1251 1762 eos
1279 1718 1552 1776 proferamus

168 1797 399 1848 expectant
418 1807 427 1832 :
453 1796 496 1831 et
517 1801 662 1831 rursus
686 1787 730 1830 in
752 1787 834 1831 hoc
855 1787 948 1846 ipso
965 1786 1092 1830 aliam
1109 1820 1120 1841 ,
1145 1801 1245 1830 cum
1262 1788 1384 1846 quasi
1405 1789 1552 1846 priva-

169 1859 244 1902 tim
262 1856 537 1912 consedetur‚
572 1865 622 1900 ut
644 1856 945 1901 sermocinatio
966 1865 1244 1912 conseratur3
1273 1855 1398 1902 aliam
1415 1891 1427 1912 ‚
1449 1872 1551 1901 cum

168 1927 359 1987 populus
381 1936 527 1970 tacens
549 1941 686 1970 unum
705 1925 873 1970 deloco
896 1927 1115 1985 superiore
1136 1925 1356 1970 dicturum
1376 1942 1552 1986 suspen-

168 2012 238 2041 sus
264 1997 460 2040 intuetur
491 2014 501 2040 z
526 1995 802 2054 multumque
822 1995 1024 2050 interest,
1059 2004 1102 2040 et
1128 2011 1230 2040 cum
1258 1997 1317 2040 ita
1339 1996 1548 2052 dicimus,

168 2075 315 2110 utrum
328 2065 455 2124 pauci
467 2064 607 2109 adsint
617 2080 672 2108 an
682 2064 805 2108 multi
820 2084 831 2121 3
846 2063 963 2109 docti
974 2081 1028 2109 an
1038 2064 1218 2118 indocti,
1231 2082 1285 2110 an
1298 2081 1351 2110 ex
1364 2077 1551 2127 utroque

171 2150 326 2194 genere
343 2134 490 2189 mixti3
515 2133 672 2178 urbani
693 2149 748 2177 an
769 2134 931 2189 rustici,
950 2149 1005 2178 an
1018 2135 1065 2178 hi
1085 2143 1128 2179 et
1150 2134 1212 2178 illi
1234 2135 1363 2179 simul
1380 2156 1391 2193 3
1406 2152 1459 2180 an
1473 2151 1551 2195 po-

169 2204 298 2264 pulus
315 2219 366 2248 ex
387 2204 506 2248 omni
518 2204 746 2247 hominum
764 2218 920 2262 genere
940 2212 1205 2263 temperatus
1221 2205 1290 2249 sit.
1305 2206 1419 2249 Fieri
1433 2205 1549 2250 enim

170 2290 260 2319 non
274 2281 431 2333 potest,
442 2273 521 2317 nisi
533 2272 656 2318 aliter
668 2281 799 2333 atque
813 2273 935 2318 aliter
948 2273 1140 2318 afficiant
1154 2273 1404 2319 locuturum
1420 2285 1551 2335 atque

172 2343 407 2398 dicturum,
419 2351 460 2387 et
471 2351 522 2387 ut
532 2357 672 2387 sermo
686 2343 762 2403 qui
774 2342 1008 2402 profertur,
1026 2343 1267 2388 affectionis
1279 2345 1411 2388 animi
1425 2360 1447 2389 a
1461 2359 1551 2405 quo

170 2413 391 2474 profertur
407 2447 418 2467 ,
449 2413 684 2473 quemdam
706 2413 828 2473 quasi
849 2413 1023 2458 vultum
1050 2423 1170 2471 gerat
1186 2448 1197 2469 ,
1222 2423 1265 2458 et
1290 2430 1369 2474 pro
1399 2414 1550 2459 eadem

173 2483 417 2527 diversitate
445 2482 610 2526 diverse
632 2482 792 2526 afficiat
819 2483 1059 2537 auditores,
1083 2498 1182 2527 cum
1204 2492 1247 2528 et
1268 2484 1348 2542 ipsi
1368 2498 1412 2527 se
1438 2485 1551 2543 ipsos

174 2553 338 2597 diverse
361 2552 549 2597 afficiant
566 2551 751 2598 invicem
769 2552 993 2610 praesentia
1016 2567 1105 2597 sua.
1130 2551 1213 2597 Sed
1230 2555 1329 2611 quia
1353 2552 1407 2597 de
1429 2552 1548 2596 rudi-
