1871 3162
225 203 308 243 504
647 213 680 243 S.
717 214 946 244 Aueus‘nm
979 216 1159 244 Emscom

223 281 302 338 ipsi
318 279 558 323 recolentes
579 294 679 339 quae
699 279 947 335 dixerimus,
973 280 1330 339 reprehendimus
1352 281 1534 341 aliquid,
1566 291 1609 326 et

224 351 474 408 ignoramus
496 350 719 409 quomodo
741 365 840 394 cum
863 349 1080 395 diceretur
1102 360 1327 410 acceptum
1352 351 1427 405 sit,
1451 351 1610 410 magis-

224 435 311 479 que
333 418 547 475 dolemus,
570 419 747 480 quando
768 420 814 462 in
832 420 956 463 nobis
979 419 1324 475 fervetcliaritas,
1348 421 1382 465 si
1403 435 1502 464 cum
1524 421 1610 464 fal-

225 505 319 534 sum
338 500 463 545 esset,
488 490 677 534 libenter
702 499 928 549 acceptum
961 501 1039 535 est.
1066 491 1260 551 Ideoque
1283 492 1612 550 opportunitate

226 569 393 620 reperta
410 595 422 614 ,
445 562 556 605 sicut
577 576 656 604 nos
677 560 791 619 ipsos
808 560 852 604 in
875 560 1047 605 silentio
1064 562 1437 619 reprehendimus,
1462 562 1521 605 ita
1539 577 1613 605 cu-

226 631 411 675 randum
435 640 513 685 est,
534 641 584 675 ut
606 632 735 675 etiam
756 630 817 675 illi
838 632 993 675 sensim
1017 633 1305 690 corrigantur,
1329 633 1405 692 qui
1430 647 1519 676 non
1536 633 1612 675 Dei

227 702 384 754 verbis,
410 700 485 744 sed
507 700 636 759 plane
659 702 815 744 nostris
835 702 878 744 in
901 701 1091 762 aliquam
1113 702 1220 761 lapsi
1241 710 1342 745 sunt
1364 700 1610 746 falsitatem.

230 773 271 817 Si
294 787 398 816 vero
415 771 547 832 aliqui
569 772 705 815 livore
721 787 880 816 vesano
903 774 1006 818 caeci
1025 789 1184 818 errasse
1208 790 1286 818 nos
1310 773 1518 832 gaudent,
1539 788 1614 817 su-

228 858 444 897 surroneS,
485 843 765 896 detractores,
811 846 901 887 Deo
938 844 1121 887 odibiles
1141 847 1152 868 ¹
1172 865 1183 901 3
1227 844 1450 903 praebeant
1490 843 1616 888 nobis

227 913 451 956 materiam
474 913 726 956 exercendae
743 914 962 972 patientiae
984 929 1086 957 curn
1110 914 1415 968 misericordia,
1436 915 1538 974 quia
1575 923 1617 958 et

230 984 437 1042 patientia
459 983 536 1026 Dei
560 981 614 1026 ad
636 983 940 1042 poenitentiam
956 999 1027 1028 eos
1042 983 1261 1028 adducit‘2.
1288 984 1405 1036 Quid
1419 984 1535 1027 enim
1555 993 1618 1027 est

232 1053 545 1107 detestabilius,
562 1062 603 1096 et
625 1053 746 1111 quod
770 1055 902 1112 magis
924 1046 1184 1098 thesauriz'et
1201 1054 1308 1097 iram
1325 1054 1369 1097 in
1392 1053 1461 1097 die
1484 1054 1557 1096 irae
1576 1063 1619 1097 et

231 1123 504 1167 revelationis
520 1123 624 1183 justi
642 1123 795 1183 judicii
815 1125 905 1178 Dei,
931 1141 1062 1183 quam
1086 1124 1140 1168 de
1163 1124 1277 1168 malo
1300 1123 1477 1167 alterius
1505 1123 1617 1167 mala

233 1193 391 1237 diaboli
405 1193 688 1238 similitudine
705 1203 837 1254 atque
855 1195 1095 1238 imitatione
1109 1194 1262 1239 laetari.
1294 1196 1620 1254 Nonnunquam

234 1265 360 1308 etiarn
375 1300 385 1319 ,
430 1280 530 1308 cum
573 1275 688 1309 recte
731 1266 876 1310 omnia
917 1281 1106 1326 vereque
1146 1266 1347 1309 dieantur
1363 1300 1373 1320 ,
1419 1275 1494 1309 aut
1532 1281 1621 1309 non

236 1335 504 1379 intellectum
525 1335 706 1395 aliquid,
733 1346 807 1381 aut
822 1346 972 1381 contra
995 1337 1244 1395 opinionem
1265 1345 1308 1380 et
1338 1335 1623 1380 consuetudi-

235 1421 334 1449 nem
354 1407 507 1450 veteris
524 1408 679 1451 erroris
702 1408 790 1464 ipsa
815 1408 1007 1453 novitate
1026 1422 1242 1466 asperum,
1265 1406 1452 1451 offendit
1468 1417 1509 1450 et
1529 1422 1623 1466 per-

237 1478 385 1521 turbat
409 1476 673 1522 audientem.
701 1478 830 1531 Quod
869 1479 901 1522 si
933 1479 1196 1537 apparuerit,
1221 1476 1547 1536 sanabilemque
1580 1491 1623 1520 se

236 1549 425 1608 praebet,
452 1550 758 1593 auctoritatum
786 1551 1093 1608 rationumque
1125 1549 1248 1607 copia
1284 1549 1376 1591 sine
1397 1547 1486 1591 ulla
1511 1547 1622 1592 dila-

242 1620 356 1664 tione
373 1619 591 1664 sanandus
611 1629 687 1663 est.
710 1621 751 1664 Si
772 1630 916 1664 autem
938 1621 1066 1664 tacita
1086 1629 1129 1663 et
1144 1619 1315 1663 occulta
1334 1618 1519 1663 offensio
1542 1629 1620 1674 est,

240 1690 317 1733 Dei
340 1690 553 1734 medicina
577 1690 781 1747 opitulari
807 1699 961 1748 potest.
988 1694 1045 1734 At
1073 1690 1106 1734 si
1136 1689 1379 1744 resiluerit,
1413 1699 1456 1734 et
1483 1690 1624 1733 curari

240 1761 500 1805 recusaverit
531 1760 780 1805 consoletur
815 1776 893 1804 nos
924 1759 1191 1804 dominicum
1218 1759 1328 1803 illud
1352 1759 1621 1818 exemplum,

240 1834 316 1894 qui
338 1832 514 1876 offensis
536 1832 786 1876 hominibus
810 1847 861 1874 ex
885 1832 1021 1897 verbo
1039 1847 1138 1886 suo,
1164 1841 1205 1874 et
1234 1840 1441 1891 tanquam
1464 1831 1623 1875 durum

241 1902 575 1962 refugientibus,
597 1903 727 1947 etiam
749 1902 798 1946 iis
825 1903 901 1962 qui
920 1911 1215 1946 remanserant
1237 1902 1295 1946 ait
1320 1921 1328 1946 ε
1358 1920 1378 1943 «
1402 1902 1627 1961 Numquid

243 1993 263 2015 >›
300 1984 343 2018 et
370 1989 446 2018 vos
467 1974 598 2018 vultis
626 1974 687 2016 ire
706 1974 749 2013 ³⁴?
774 1972 920 2017 »Satis
942 1974 1058 2016 enim
1081 1973 1215 2016 fixum
1252 1981 1383 2033 atque
1403 1972 1625 2016 immobile

242 2044 374 2089 debet
404 2044 534 2088 corde
562 2044 762 2098 retineri,
791 2044 1030 2088 Jerusalem
1053 2046 1269 2102 captivam
1304 2043 1359 2087 ab
1392 2044 1522 2103 hujus
1544 2059 1625 2085 see-

241 2115 327 2160 culi
353 2116 593 2173 Babylonia
621 2114 808 2159 decursis
837 2116 1106 2174 temporibus
1134 2114 1331 2168 liberari,
1363 2114 1626 2174 nullumque

242 2202 293 2230 ex
314 2186 387 2230 illa
406 2202 495 2230 esse
517 2186 782 2244 periturum,
808 2185 908 2244 quia
931 2185 1006 2244 qui
1026 2185 1218 2244 perierit,
1244 2200 1333 2228 non
1351 2200 1400 2227 ex
1422 2183 1494 2227 illa
1516 2193 1621 2228 erat.

246 2278 265 2299 «
301 2258 496 2301 Firmum
516 2258 630 2300 enim
654 2255 990 2300 fundamentum
1009 2257 1085 2299 Dei
1102 2265 1199 2310 stat,
1237 2256 1398 2299 habens
1426 2256 1627 2314 signacu-

247 2347 266 2367 η
301 2327 393 2371 lum
411 2329 493 2372 hoc
519 2347 528 2373 :
553 2328 682 2372 Novit
703 2327 914 2371 Dominus
943 2327 1136 2386 quisunt
1158 2328 1264 2387 ejus,
1294 2334 1336 2369 et
1367 2327 1539 2371 recedat
1571 2326 1626 2370 ab

249 2416 268 2439 ›>
304 2399 531 2457 iniquitate
561 2400 700 2443 omnis
730 2399 805 2458 qui
839 2399 1035 2442 nominat
1065 2413 1225 2442 nomen
1253 2398 1472 2441 Domini⁴.
1502 2401 1628 2442 »Ista

247 2469 499 2526 cogitantes,
520 2478 561 2513 et
583 2469 833 2513 invocantes
854 2469 1084 2513 Dominum
1100 2469 1145 2512 in
1162 2483 1235 2512 cor
1250 2477 1465 2523 nostrum,
1485 2468 1626 2512 minus

295 2560 303 2575 ¹
321 2554 411 2584 Rom.
430 2564 453 2592 1,
478 2553 528 2585 fio.
551 2570 590 2575 -
607 2561 618 2576 ²
634 2556 725 2585 Rom.
751 2565 783 2594 n,
802 2553 835 2595 4,
857 2553 887 2585 5.
905 2569 945 2576 -
966 2552 978 2576 3
996 2555 1087 2584 Joan.
1109 2552 1221 2593 v1‚68.
1254 2569 1279 2575 —
1300 2551 1314 2581 4
1335 2561 1353 2584 2
1376 2552 1454 2585 Tim.
1476 2564 1509 2589 ιι,
1531 2564 1578 2594 ¹9·
