1871 3162
250 238 330 275 388
690 247 722 274 s.
760 248 989 275 Aue-usum
1024 248 1203 274 El’lscom

251 433 433 451 WSWVNVV!
438 433 711 450 tmvfflmfflhmm
717 433 785 449 tm
788 433 990 449 νὶΜῑνΙΛΛΑΜ
995 433 1131 449 §mamm
1136 433 1271 449 §NUNWU
1277 432 1413 448 wivtxm
1418 432 1483 448 tus
1489 432 1554 447 §VIR
1559 432 1626 448 VVW

725 580 802 626 CA
813 580 938 627 PU?
976 580 1109 626 XXl.

306 747 558 794 Producat
590 757 720 792 terra
756 746 972 792 animam
1010 749 1168 792 vivam
1202 756 1286 792 ete.
1311 748 1420 791 Gen.
1443 765 1474 802 1,
1496 751 1566 791 24.

302 919 464 961 XXIX.
493 920 551 961 Ac
574 932 649 976 per
666 917 749 961 hoe
770 916 815 960 in
831 918 965 961 verbo
986 926 1062 961 tuo
1080 932 1170 961 non
1188 917 1317 960 maris
1338 915 1627 976 profunditas,

245 987 320 1032 sed
354 989 408 1031 ab
438 1003 652 1048 aquarum
683 987 970 1032 amaritudine
1006 997 1118 1031 terra
1153 988 1336 1032 discreta
1367 989 1518 1048 ejecit,
1544 1004 1633 1031 non

244 1058 413 1118 reptilia
429 1059 671 1103 animarum
686 1059 878 1103 vivarum
897 1068 940 1102 et
953 1058 1159 1113 volatilia,
1180 1058 1256 1103 sed
1270 1059 1454 1102 animam
1473 1059 1628 1102 vivam.

244 1133 396 1191 Neque
414 1132 527 1174 enim
546 1132 635 1190 jam
660 1146 768 1190 opus
785 1131 917 1174 babet
940 1131 1170 1189 baptismo,
1193 1146 1279 1190 quo
1303 1131 1505 1189 gentibus
1523 1146 1632 1190 opus

246 1212 325 1256 est,
343 1202 456 1246 sieut
469 1217 578 1261 opus
593 1202 784 1245 habebat
802 1216 902 1245 cum
924 1202 1044 1261 aquis
1060 1211 1292 1260 tegeretur.
1312 1204 1407 1245 Non
1427 1202 1540 1245 enim
1562 1202 1632 1245 in-

246 1282 386 1316 tratur
404 1271 528 1316 aliter
543 1274 588 1316 in
610 1287 792 1331 regnum
816 1271 1029 1315 coelorum
1053 1271 1214 1326 exilio,
1237 1288 1325 1331 quo
1348 1273 1567 1315 instituisti
1585 1282 1634 1316 ut

245 1343 304 1386 sie
325 1343 513 1386 intretur
533 1361 540 1386 :
567 1358 646 1385 nee
664 1341 878 1399 magnalia
905 1342 1063 1401 quaerit
1088 1342 1355 1385 mirabilium
1381 1342 1538 1402 quibus
1559 1343 1634 1386 fiat

228 1403 231 1405 ,
245 1414 367 1457 fides.
385 1416 536 1473 Neque
551 1415 663 1457 enim
677 1414 758 1456 nisi
771 1414 888 1471 signa
899 1423 941 1456 et
955 1412 1150 1472 prodigia
1163 1412 1334 1466 viderit,
1355 1429 1442 1456 non
1456 1413 1630 1466 credita

246 1501 345 1530 cum
361 1487 452 1545 jam
466 1486 667 1529 distincta
683 1485 736 1528 sit
751 1495 861 1527 terra
878 1483 1016 1527 fidelis
1031 1485 1085 1527 al)
1101 1485 1222 1544 aquis
1237 1485 1364 1527 maris
1379 1484 1634 1528 infidelitate

246 1558 423 1610 amaris,
448 1566 491 1600 et
516 1556 679 1614 linguae
707 1557 750 1598 in
772 1556 895 1614 signo
918 1565 1021 1599 sunt
1058 1572 1145 1599 non
1178 1556 1398 1610 fidelibus,
1424 1554 1499 1598 sed
1532 1556 1633 1599 infi-

247 1627 458 1671 delil>us².
485 1630 573 1671 Nee
606 1628 686 1670 isto
708 1627 837 1684 igitur
867 1642 1023 1685 genere
1045 1626 1226 1679 volatili,
1263 1626 1382 1686 quod
1400 1628 1535 1671 verbo
1558 1637 1634 1672 tuo
1697 1676 1703 1683 ¹

247 1697 547 1758 produxerunt
569 1713 709 1756 aquae,
754 1712 863 1756 opus
885 1697 1018 1740 habet
1046 1705 1157 1740 terra
1187 1711 1320 1756 quam
1344 1695 1537 1741 fundasti
1558 1714 1632 1741 su-

248 1785 326 1830 per
362 1785 508 1828 aquas.
547 1768 739 1811 Immitte
765 1768 810 1810 in
843 1782 937 1810 eam
971 1768 1155 1811 verbum
1194 1777 1320 1811 tuum
1355 1783 1430 1827 per
1458 1770 1635 1813 nuntios

182 1896 185 1903 ,
249 1850 362 1884 tuos.
395 1841 537 1899 Opera
555 1840 669 1882 enim
694 1854 843 1883 eorum
860 1854 1101 1885 narramus,
1122 1837 1196 1881 sed
1212 1848 1259 1882 tu
1282 1854 1325 1882 es
1349 1840 1424 1898 qui
1447 1840 1634 1897 operaris

250 1912 294 1956 in
318 1912 393 1966 eis,
420 1920 469 1954 ut
487 1920 722 1970 operentur
745 1911 932 1953 animam
956 1909 1113 1952 vivam.
1144 1911 1271 1953 Terra
1296 1909 1499 1968 producit
1520 1926 1631 1964 eam,

251 1984 352 2044 quia
374 1993 484 2027 terra
509 1998 634 2026 causa
658 1991 720 2025 est
742 1991 791 2025 ut
812 1982 906 2025 haee
929 1991 1057 2038 agant
1090 1982 1133 2025 in
1155 1996 1227 2038 ea;
1254 1982 1364 2025 sieut
1400 1997 1514 2025 mare
1552 1981 1636 2025 fuit

253 2070 380 2099 causa
416 2063 466 2097 ut
496 2063 672 2112 agerent
718 2052 884 2111 reptilia
913 2053 1151 2095 animarum
1183 2053 1378 2095 vivarum
1398 2088 1408 2107 ,
1441 2063 1484 2096 et
1512 2052 1634 2096 vola—

253 2125 345 2170 tilia
377 2125 458 2169 snb
497 2126 771 2168 firmamento
805 2123 922 2178 coeli,
949 2123 1110 2181 quibus
1140 2124 1230 2182 jam
1256 2132 1364 2166 terra
1398 2139 1486 2167 non
1518 2125 1635 2168 indi-

255 2209 352 2256 ge13
377 2197 571 2256 quamvis
595 2196 754 2254 piscem
777 2193 1040 2238 manducet3
1058 2193 1248 2237 levatum
1273 2193 1326 2237 de
1350 2194 1570 2254 profundo
1590 2196 1634 2239 in

255 2284 304 2312 ea
340 2284 484 2312 mensa
513 2282 644 2328 qnam
679 2266 833 2326 parasti
856 2266 899 2308 in
923 2274 1160 2324 conspectu
1182 2264 1479 2309 credomiuw
1505 2283 1514 2309 .·
1538 2266 1635 2311 ideo

256 2339 371 2382 enim
395 2338 449 2382 de
469 2336 688 2397 profundo
709 2336 874 2380 levatus
893 2345 955 2380 est
975 2346 1023 2379 ut
1047 2335 1131 2379 alat
1149 2336 1325 2380 aridam.
1353 2340 1404 2380 Et
1423 2353 1518 2380 aves
1540 2353 1634 2381 ma-

257 2410 346 2452 rina
367 2410 618 2468 progenies,
646 2407 718 2451 sed
750 2417 893 2450 tamen
933 2422 1062 2466 super
1085 2416 1240 2450 terram
1272 2407 1632 2466 multiplicantur.

260 2481 495 2524 Piimarum
520 2480 633 2523 enim
661 2494 814 2523 vocum
841 2477 1226 2536 evangelizantium
1247 2477 1478 2522 infidelitas
1500 2480 1619 2523 homi

306 2583 315 2599 ¹
337 2575 558 2617 J‹1au.1v‚48.
584 2592 616 2599 ·-·
641 2583 652 2598 ²
678 2587 689 2607 ι
710 2578 782 2606 (lor.
800 2585 865 2613 xiv,
890 2583 995 2606 22-
1016 2572 1029 2598 3
1049 2576 1125 2606 Luc.
1145 2586 1232 2614 xxiv,
1253 2573 1305 2615 333.
1324 2593 1362 2599 ›-·
1382 2574 1395 2605 fi
1414 2576 1491 2608 psal.
1509 2588 1584 2617 xxiv,
1604 2576 1635 2609 5.
