1871 3162
239 245 323 281 222
650 254 683 283 s.
720 255 949 284 Aucus-nm
982 257 1162 284 Emscon

234 321 364 364 etiam
381 319 583 365 adversus
613 331 802 365 mentem
819 357 829 376 ‚
850 338 949 382 quae
969 324 1058 381 jam
1082 338 1170 365 non
1191 319 1335 365 fallaci
1357 320 1492 365 verbo
1517 336 1617 379 pas-

231 391 357 434 citur.
384 393 534 435 Visum
557 392 686 435 etiam
709 392 815 434 mihi
846 400 909 435 est
931 401 980 435 ut
999 392 1107 435 irem
1131 391 1325 435 lavatum
1342 426 1353 445 ,
1387 390 1507 451 quod
1533 407 1615 435 au-

231 458 394 504 dieram
418 460 519 504 inde
542 460 706 504 balneis
734 476 894 504 nomen
921 461 1111 505 inditum
1128 496 1138 515 ,
1169 462 1270 521 quia
1294 461 1432 505 Graeci
1454 467 1614 501 ἔον-λκνεῖον

233 530 448 586 dixerint3
476 529 595 589 quod
616 530 874 574 anxietatem
907 529 1038 589 pellat
1057 546 1109 574 ex
1138 532 1296 575 animo.
1331 534 1442 575 Ecce
1468 539 1511 576 et
1530 531 1613 574 hoc

231 601 441 644 confiteor
458 600 762 644 misericordiae
784 610 871 644 tuae
887 636 897 654 ‚
918 604 1044 644 Pater
1061 602 1357 659 orphanorum
1369 636 1380 655 ,
1405 602 1613 661 quoniam

230 670 316 715 lavi
337 705 347 724 ‚
383 679 426 713 et
465 670 559 713 talis
595 685 712 714 eram
749 670 888 730 qualis
916 671 1171 730 priusquam
1212 670 1425 714 lavissem.
1461 673 1614 729 Neque

231 741 347 783 enim
369 738 595 785 exsudavit
609 739 664 784 de
686 740 816 785 corde
840 757 936 786 meo
956 741 1150 785 moeroris
1170 740 1428 785 amaritudo.
1446 739 1609 784 Deinde

231 809 415 854 dormivi
443 819 486 854 et
513 810 737 868 evigilavi,
774 820 816 855 et
850 827 940 855 non
971 827 1102 870 parva
1128 827 1179 855 ex
1210 820 1333 870 parte
1363 811 1611 869 mitigatum

230 881 377 925 inveni
395 881 589 925 dolorem
606 897 753 926 meum
772 901 780 927 :
802 891 933 942 atque
954 892 1003 926 ut
1021 898 1137 927 eram
1159 884 1202 926 in
1225 882 1338 927 lecto
1357 898 1456 926 meo
1478 881 1611 934 solus,

231 950 481 996 recordatus
503 967 599 996 sum
615 953 825 998 veridicos
844 969 991 998 versus
1013 954 1228 998 Ambrosii
1248 954 1314 998 tui
1335 962 1410 998 ttu
1432 968 1476 997 es
1497 953 1614 997 enim

522 1086 658 1132 Deus
674 1098 868 1132 creator
887 1088 1121 1143 omnium,

464 1158 671 1217 Polique
694 1170 868 1215 rector,
894 1162 1095 1205 vestiens

462 1228 606 1273 Diem
623 1229 796 1274 decoro
820 1229 995 1274 lumine
1009 1251 1030 1284 ,-

461 1297 673 1345 Noctem
693 1315 870 1359 sopora
890 1301 1081 1361 gratia,

521 1372 570 1415 A
574 1380 674 1415 rtus
695 1370 873 1415 solutos
897 1381 948 1415 ut
968 1372 1101 1429 quies

458 1439 655 1485 Reddat
676 1440 861 1486 laboris
879 1442 1004 1496 usui,

458 1512 743 1572 silentesque
746 1514 919 1573 fessas
942 1510 1141 1568 allevet,

459 1581 729 1641 Luctusque
751 1581 907 1627 solvat
929 1582 1122 1626 anxios.

279 1722 488 1764 XXXIII.
521 1724 665 1780 Atque
683 1720 785 1764 inde
803 1720 1009 1779 paulatim
1033 1719 1294 1763 reducebam
1316 1720 1360 1763 in
1376 1721 1607 1779 pristinum

219 1806 392 1834 sensum
415 1789 616 1833 ancillam
648 1799 790 1843 tuam,
816 1790 1278 1849 conversationemque
1303 1791 1393 1849 ejus
1422 1791 1537 1849 piam
1560 1791 1606 1834 in

219 1871 262 1905 te
277 1896 288 1915 ‚
320 1870 362 1905 et
384 1870 529 1905 sancte
550 1861 595 1904 in
619 1876 696 1904 nos
717 1859 921 1904 blandam
944 1869 1076 1919 atque
1104 1862 1386 1918 morigeram,
1413 1877 1500 1921 qua
1528 1877 1605 1905 su·

218 1931 312 1975 bito
348 1930 579 1974 destitutus
612 1946 706 1974 sum
729 1952 740 1987 3
771 1939 814 1974 et
832 1929 963 1974 libuit
984 1931 1089 1974 flere
1110 1932 1157 1974 in
1192 1941 1429 1989 conspectu
1451 1940 1528 1975 tuo
1551 1931 1605 1975 de

216 2001 289 2045 illa
306 2011 348 2045 et
371 2017 448 2060 pro
470 2001 543 2045 illa
559 2036 569 2055 ,
596 2000 650 2044 de
670 2016 737 2044 me
760 2010 803 2043 et
826 2016 902 2058 pro
925 2015 1008 2043 me.
1032 2003 1087 2044 Et
1104 2001 1243 2043 dimisi
1263 2000 1473 2058 lacrymas
1494 2017 1602 2061 quas

216 2073 492 2116 continebam
511 2107 521 2126 ,
549 2082 596 2116 ut
617 2073 845 2115 effluerent
866 2081 1081 2130 quantum
1104 2071 1295 2125 vellent,
1321 2072 1602 2116 substernens

215 2158 285 2186 eas
307 2143 427 2187 cordi
454 2157 549 2186 meo
567 2164 577 2199 3
597 2151 640 2185 et
659 2142 870 2201 requievit
887 2141 932 2183 in
950 2141 1008 2183 eis
1025 2175 1035 2194 ,
1061 2141 1270 2200 quoniam
1294 2141 1353 2184 ibi
1376 2152 1499 2186 erant
1523 2159 1603 2186 au-

216 2229 280 2257 res
310 2222 398 2256 tuae
416 2248 426 2266 ,
463 2228 551 2256 non
573 2213 829 2271 cujusquam
853 2210 1040 2254 hominis
1064 2211 1254 2269 superbe
1275 2212 1601 2270 interpretantis

215 2284 434 2343 ploratum
458 2298 618 2326 meum.
645 2285 699 2325 Et
720 2296 837 2325 nunc
852 2316 863 2335 ,
885 2281 1067 2325 Domine
1086 2317 1096 2336 ,
1121 2283 1332 2325 confiteor
1355 2283 1433 2326 tibi
1456 2283 1501 2326 in
1523 2283 1598 2328 lit-

214 2356 330 2398 teris.
364 2357 498 2412 Legat
531 2355 606 2413 qui
638 2352 784 2405 volet,
824 2362 866 2395 et
899 2351 1209 2411 interpretetur
1248 2362 1295 2396 ut
1326 2354 1469 2408 volet,
1504 2355 1600 2398 etsi

214 2434 441 2484 peccatum
460 2423 673 2467 invenerit
699 2423 864 2466 flevisse
887 2438 954 2465 me
983 2432 1164 2466 matrem
1193 2423 1347 2482 exigua
1370 2433 1490 2483 parte
1515 2425 1596 2468 ho-

215 2511 274 2538 rae
291 2530 301 2549 ,
326 2504 509 2538 matrem
533 2493 669 2538 oculis
692 2493 795 2536 meis
818 2492 988 2535 interim
1009 2502 1247 2546 mortuam,
1273 2510 1372 2553 quae
1391 2509 1457 2537 me
1479 2493 1597 2537 mul-

216 2575 281 2610 tos
304 2580 437 2608 annos
471 2565 649 2608 fleverat
680 2573 729 2607 ut
766 2562 901 2607 oculis
938 2563 1022 2607 tuis
1043 2563 1256 2618 viverem,
1284 2580 1371 2608 non
1392 2564 1594 2622 irrideat3
