1871 3162
290 229 371 266 176
720 239 752 269 s.
790 240 1019 269 AUGUSTINI
1052 242 1233 269 Emscom

284 305 470 349 inventis
487 315 563 350 aut
584 305 762 350 redditis
791 307 918 350 rebus
939 322 1045 366 quas
1065 306 1229 365 diligit,
1253 321 1385 366 quam
1407 307 1441 350 si
1463 321 1532 351 eas
1553 321 1664 351 sem-

284 391 360 434 per
371 376 621 421 habuisset?
637 379 947 421 Contestautur
966 378 1083 420 enim
1099 387 1142 421 et
1163 387 1334 433 caetera,
1356 387 1399 422 et
1418 377 1546 436 plena
1563 386 1665 422 sunt

285 447 428 490 omnia
446 447 700 491 testimoniis
722 445 1034 491 clamantibus:
1063 450 1129 491 Ita
1148 456 1226 491 est.
1250 447 1507 506 Triumphat
1526 448 1666 492 victor

284 519 532 577 imperator,
570 525 614 561 et
650 532 740 561 non
773 517 941 561 vicisset
979 517 1059 560 nisi
1092 518 1369 576 pugnavisset
1391 537 1400 562 ε
1425 527 1469 561 et
1500 526 1666 576 quanto

285 590 421 648 majus
454 587 695 647 periculum
718 586 802 631 fuit
820 587 865 630 in
883 586 1049 646 praelio,
1076 595 1198 632 tanto
1220 597 1284 632 est
1303 586 1510 645 gaudium
1532 588 1668 646 majus

284 659 330 701 in
366 659 603 717 triumpho.
645 659 786 702 Jactat
824 666 1053 717 tempestas
1085 657 1351 716 navigantes,
1389 658 1668 716 minaturque

284 727 581 786 naufragium3
605 743 754 773 omnes
784 727 932 772 futura
955 737 1094 772 morte
1116 727 1385 787 pallescunt:
1411 726 1669 787 tranquilla-

284 807 354 841 tur
369 797 533 842 coelum
550 807 592 842 et
608 813 743 853 mare,
759 807 802 842 et
819 798 1018 842 exultant
1034 798 1174 853 nimis,
1196 798 1404 857 quoniam
1426 797 1670 842 timuerunt

284 868 426 911 nimis.
467 867 599 927 AEger
625 876 689 911 est
713 868 884 922 charus,
915 877 958 911 et
987 883 1095 912 vena
1119 869 1209 927 ejus
1229 867 1394 911 malum
1419 867 1667 925 renuntiat3

285 953 434 982 omnes
466 939 544 997 qui
574 954 674 982 eum
696 937 865 983 salvum
888 939 1090 997 cupiunt,
1110 947 1321 996 aegrotant
1343 936 1470 980 simul
1492 937 1636 981 animo
1658 956 1666 981 :

283 1009 333 1052 fit
351 1009 389 1051 ei
407 1017 539 1061 recte,
560 1017 603 1052 et
625 1007 822 1053 nondum
841 1007 1036 1052 ambulat
1053 1008 1242 1066 pristinis
1259 1008 1439 1063 viribus,
1460 1016 1503 1051 et
1516 1008 1565 1051 fit
1578 1009 1671 1066 jam

282 1078 369 1122 tale
389 1079 613 1136 gaudium,
654 1078 783 1138 quale
811 1093 901 1122 non
923 1077 1007 1121 suit
1025 1093 1126 1122 cum
1150 1087 1276 1122 antea
1297 1077 1438 1121 salvus
1476 1085 1519 1120 et
1550 1076 1674 1121 fortis

285 1149 541 1194 ambularet.
568 1152 740 1209 Easque
774 1150 886 1208 ipsas
918 1148 1163 1208 voluptates
1191 1150 1395 1193 humanae
1415 1149 1516 1193 vitae
1542 1148 1673 1192 etiam

284 1235 374 1264 non
421 1220 656 1279 inopinatis
694 1228 737 1263 et
770 1228 926 1279 praeter
969 1219 1241 1264 voluntatem
1274 1219 1557 1274 irruentibus,
1598 1218 1674 1262 sed

281 1289 488 1333 institutis
527 1299 570 1333 et
611 1290 866 1334 voluntariis
914 1289 1120 1334 molestiis
1170 1290 1369 1334 homines
1422 1289 1668 1348 acquirunt.

282 1358 454 1402 Edendi
483 1368 525 1403 et
547 1359 729 1403 bibendi
749 1359 952 1419 voluptas
975 1359 1097 1403 nulla
1119 1368 1198 1414 est,
1223 1359 1306 1404 nisi
1327 1358 1546 1418 praecedat
1573 1374 1673 1403 esu-

281 1427 422 1471 riendi
442 1437 484 1472 et
504 1428 677 1472 sitiendi
698 1428 910 1473 molestia.
940 1432 997 1473 Et
1019 1429 1176 1472 ebriosi
1199 1430 1400 1488 quaedam
1425 1428 1676 1472 salsiuscula

282 1497 538 1554 comedunt,
565 1514 653 1558 quo
675 1500 752 1543 fiat
774 1499 980 1543 molestus
1003 1498 1145 1553 ardor,
1172 1514 1304 1558 quem
1323 1498 1429 1543 dum
1456 1499 1674 1557 extinguit

279 1570 463 1628 potatio,
500 1571 551 1613 fit
583 1569 830 1613 delectatio.
867 1573 924 1613 Et
954 1570 1203 1613 institutum
1238 1579 1301 1613 est
1335 1578 1384 1613 ut
1411 1571 1503 1629 jam
1534 1578 1672 1629 pactae

280 1655 450 1699 sponsae
484 1656 573 1684 non
604 1640 837 1684 tradantur
877 1641 1037 1695 statim,
1073 1656 1127 1683 ne
1156 1640 1285 1684 vilem
1308 1641 1470 1684 habeat
1490 1641 1672 1685 maritus

282 1709 447 1765 datam,
473 1726 606 1770 quam
628 1726 716 1755 non
738 1710 1021 1769 suspicaverit
1038 1726 1220 1768 sponsus
1238 1709 1429 1754 dilatam.

338 1783 458 1825 VIII.
497 1784 590 1825 Hoc
612 1782 658 1825 in
676 1783 793 1840 turpi
811 1791 853 1825 et
871 1782 1110 1825 execranda
1128 1781 1301 1826 laetitia:
1323 1782 1465 1826 hocin
1483 1796 1548 1837 ea,
1569 1798 1667 1842 quae

275 1866 475 1895 concessa
490 1860 531 1894 et
544 1851 659 1895 licita
673 1861 756 1896 est:
774 1853 857 1897 hoc
870 1853 914 1895 in
926 1852 1016 1910 ipsa
1030 1852 1310 1895 sincerissima
1324 1853 1549 1896 honestate
1564 1854 1668 1897 ami-

275 1922 386 1965 citifc
401 1941 408 1965 ;
426 1922 568 1965 hocin
585 1937 636 1966 eo
654 1922 729 1981 qui
747 1931 944 1966 mortuus
960 1931 1067 1975 erat,
1080 1931 1121 1965 et
1135 1922 1309 1979 revixit3
1329 1923 1527 1980 perierat,
1541 1931 1583 1966 et
1597 1923 1665 1966 in-

272 2000 428 2035 ventus
451 2001 528 2035 est.
558 1992 730 2051 Ubique
758 1993 895 2051 majus
920 1992 1125 2050 gaudium
1156 1991 1350 2035 molestia
1375 1993 1525 2050 majori
1549 2008 1663 2051 prae-

271 2061 454 2105 ceditur.
472 2061 590 2114 Quid
602 2072 664 2106 est
678 2064 777 2117 hocj
794 2063 977 2105 Domine
990 2064 1102 2104 Deus
1117 2076 1254 2116 meus,
1271 2077 1372 2105 cum
1388 2071 1434 2105 tu
1449 2071 1662 2107 aeternum

273 2131 354 2174 tibi
377 2141 426 2175 tu
444 2133 534 2191 ipse
553 2133 605 2176 sis
629 2132 854 2191 gaudium,
875 2142 918 2176 et
940 2131 1142 2191 quaedam
1160 2132 1214 2175 de
1235 2141 1278 2175 te
1301 2133 1412 2176 circa
1434 2142 1476 2177 te
1493 2149 1661 2193 semper

271 2203 515 2261 gaudeant?
537 2203 650 2256 Quid
665 2213 727 2247 est
746 2202 863 2263 quod
882 2204 975 2247 haec
994 2218 1138 2246 rerum
1161 2218 1258 2261 pars
1281 2203 1465 2248 alternat
1483 2204 1659 2250 defectu

271 2283 314 2317 et
347 2272 563 2333 prosectu,
601 2274 916 2318 offensionibus
949 2283 989 2318 et
1019 2273 1424 2318 conciliationibus?
1444 2278 1514 2319 An
1535 2276 1571 2320 is
1593 2285 1657 2320 est

268 2344 424 2388 modus
445 2360 610 2401 earum,
635 2354 678 2390 ct
697 2354 867 2390 tantum
886 2344 1041 2390 dedisti
1063 2346 1138 2400 eis,
1159 2360 1260 2389 cum
1279 2361 1302 2389 a
1322 2347 1498 2390 summis
1517 2346 1654 2392 coelo-

267 2429 362 2458 rum
388 2431 524 2476 usque
542 2416 598 2460 ad
617 2416 703 2461 ima
722 2426 952 2471 terrarum,
975 2416 1028 2460 ab
1047 2416 1169 2460 initio
1192 2431 1330 2476 usque
1351 2417 1397 2461 in
1415 2418 1547 2462 finem
1569 2434 1651 2463 sae-

266 2484 483 2542 culorum,
509 2487 563 2531 ab
586 2487 754 2546 Angelo
772 2502 910 2547 usque
929 2486 983 2531 ad
1000 2485 1304 2541 vermiculum,
1325 2503 1347 2530 a
1363 2497 1484 2533 motu
1506 2489 1647 2547 primo

266 2570 402 2616 usque
432 2555 485 2601 ad
513 2566 767 2613 extremum,
805 2558 949 2602 omnia
981 2571 1135 2615 genera
1168 2557 1400 2614 bonorum,
1437 2569 1479 2604 et
1501 2559 1646 2607 omnia
