1871 3162
580 252 928 293 conressrouuiia,
963 255 1045 282 Lus.
1081 257 1130 282 11.
1486 249 1540 288 39

169 318 410 362 Invidentia
438 318 493 361 de
526 317 778 362 excellentia
811 317 952 376 litigat
983 337 992 362 :
1017 319 1124 378 quid
1155 329 1199 363 te
1229 320 1542 368 excellentius?

168 392 236 433 Ira
252 387 486 433 vindictam
507 390 686 449 quaerit3
705 398 747 433 te
771 390 928 448 justius
946 390 1042 449 quis
1062 388 1283 434 vindicat?
1301 391 1446 436 Timor
1472 395 1541 437 in-

164 457 288 502 solita
308 466 351 502 et
376 459 600 517 repentina
632 459 917 512 exhorrescit,
951 460 1080 503 rebus
1101 475 1201 519 quae
1234 470 1435 504 amantur
1467 462 1544 506 ad-

165 522 403 583 versantia3
426 527 532 572 dum
554 536 768 586 praecavet
793 528 1012 572 securitati
1037 547 1047 574 :
1072 528 1153 572 tibi
1170 529 1285 573 enim
1305 530 1413 589 quid
1428 531 1546 576 inso-

165 599 311 653 litum,
328 598 437 658 quid
453 599 727 658 repentinum
741 600 759 640 ‘3
774 608 849 642 aut
861 599 957 659 quis
970 615 994 643 a
1008 608 1050 643 te
1065 608 1232 658 separat
1245 601 1367 659 quod
1380 600 1546 664 diligis?

167 678 242 713 aut
260 669 335 712 ubi
352 668 432 712 nisi
449 667 566 728 apud
584 678 625 712 te
638 669 760 712 firma
780 669 1013 713 securitas?
1030 670 1219 714 Tristitia
1240 671 1370 714 rebus
1386 672 1547 716 amissis

166 739 454 794 contabescit,
482 739 641 799 quibus
664 754 708 783 se
731 738 978 784 oblectabat
994 740 1240 800 cupiditas;
1265 741 1367 800 quia
1387 741 1446 785 ita
1466 740 1547 785 sibi

166 808 318 863 nollet,
343 810 453 853 sicut
476 809 551 852 tibi
572 807 732 852 auferri
748 809 857 853 nihil
878 817 1035 868 potest.

223 880 344 922 XIV.
377 881 442 922 Ita
478 877 718 922 fornicatur
749 879 890 923 anima
917 894 1018 923 cum
1052 880 1261 924 avertitur
1294 880 1370 924 abs
1408 889 1474 936 te,
1502 889 1547 926 et

165 950 320 1010 quaerit
339 958 456 993 extra
479 959 521 993 te
542 965 612 1004 ea,
637 966 736 1009 quae
759 965 868 1009 pura
888 959 931 994 et
951 950 1118 1010 liquida
1140 966 1230 995 non
1249 951 1442 1006 invenit,
1466 952 1546 995 nisi

165 1034 266 1063 cum
289 1017 401 1062 redit
423 1018 477 1062 ad
500 1027 556 1062 te.
585 1022 786 1062 Perverse
809 1029 850 1063 te
871 1020 1096 1064 imitantur
1117 1035 1267 1064 omnes
1284 1055 1295 1074 ‚
1322 1021 1397 1080 qui
1418 1020 1546 1079 longe

165 1103 210 1133 se
229 1105 252 1132 a
269 1097 311 1132 te
336 1088 500 1132 faciunt
518 1122 527 1142 ‚
544 1096 587 1131 et
609 1087 825 1132 extollunt
845 1104 889 1132 se
913 1089 1142 1132 adversum
1157 1098 1214 1132 te.
1239 1089 1323 1134 Sed
1337 1090 1464 1133 etiam
1487 1091 1547 1135 sic

165 1167 208 1202 te
244 1158 455 1202 imitando
484 1157 680 1201 indicant
713 1167 950 1201 creatorem
983 1167 1026 1201 te
1061 1172 1151 1202 esse
1182 1158 1322 1202 omnis
1349 1168 1545 1218 naturae3

164 1237 208 1272 et
228 1228 326 1272 ideo
344 1243 433 1272 non
454 1242 543 1271 esse
558 1243 646 1286 quo
663 1243 686 1271 a
699 1236 742 1271 te
760 1228 878 1272 omni
900 1228 1031 1272 modo
1049 1229 1290 1273 recedatur.
1308 1229 1425 1282 Quid
1446 1244 1548 1288 ergo

164 1299 209 1342 in
229 1298 305 1342 illo
326 1298 444 1342 furto
471 1312 550 1355 ego
587 1296 716 1341 dilexi
743 1317 751 1342 :
776 1307 819 1341 et
842 1298 887 1341 in
917 1314 1005 1357 quo
1032 1299 1267 1343 Dominum
1299 1315 1445 1344 meum
1477 1301 1548 1345 vel

165 1368 316 1412 vitiose
333 1376 464 1426 atque
480 1382 677 1426 perverse
698 1367 888 1411 imitatus
912 1370 1034 1412 sum?
1051 1372 1118 1412 An
1139 1368 1269 1413 libuit
1286 1368 1428 1413 facere
1441 1385 1548 1414 con-

166 1445 231 1481 tra
248 1436 411 1495 legem,
434 1436 584 1480 saltem
608 1435 775 1481 fallacia
797 1471 807 1491 ‚
833 1438 935 1496 quia
956 1447 1187 1496 potentatu
1207 1454 1296 1483 non
1319 1448 1514 1498 poteram
1531 1475 1543 1495 ‚

96 1512 99 1513 ⁷
166 1516 216 1551 ut
232 1521 431 1551 mancam
452 1506 696 1551 libertatem
720 1507 914 1566 captivus
935 1508 1126 1552 imitarer
1142 1507 1343 1553 faciendo
1369 1510 1547 1569 impune

166 1576 286 1636 quod
307 1592 397 1621 non
418 1576 588 1631 liceret,
615 1577 842 1622 tenebrosa
876 1579 1202 1637 omnipotentiae
1232 1578 1547 1623 similitudine?

166 1650 277 1691 Ecce
297 1655 359 1690 est
380 1646 452 1690 ille
473 1662 619 1691 servus
641 1646 811 1705 fugiens
833 1649 1065 1692 Dominum
1087 1663 1214 1692 suum
1231 1683 1242 1703 ‚
1267 1658 1309 1693 et
1334 1664 1545 1693 consecu-

167 1725 236 1761 tus
265 1718 481 1762 umbram.
515 1719 552 1761 Ο
584 1716 796 1776 putredo,
821 1733 846 1762 o
876 1726 1119 1762 monstrum
1155 1719 1254 1762 vitae
1274 1753 1286 1773 ‚
1321 1728 1363 1762 et
1396 1719 1546 1764 mortis

168 1786 467 1846 profunditas!
494 1788 722 1832 Potuit-ne
749 1787 883 1832 libere
904 1788 1023 1849 quod
1042 1804 1131 1834 non
1161 1788 1345 1844 licebat,
1369 1805 1460 1834 non
1486 1790 1545 1834 ob

167 1857 286 1902 aliud
302 1892 314 1913 ‚
333 1858 415 1902 nisi
436 1860 537 1918 quia
558 1873 649 1903 non
671 1858 830 1903 licebat
845 1861 864 1900 ‘2
