1871 3162
255 241 335 277 4236
438 242 445 246 ”
690 250 722 277 s.
761 251 986 277 AUGUSTINI
1022 251 1198 276 EPISCOP!

253 425 328 439 ιὶιῑὶὶ
333 427 345 438 ἱ
352 423 1514 440 ὶννἏΝΊΜΝΜΜΜΜΜΜΜΜΜΙΜΜΛΛΜΜΜΜΝῚΛΛΛΧΛΝῑΝΝὉὶΝ
1520 423 1585 437 ἊΜ
1591 423 1634 437 W

743 558 958 606 CAPUT
996 560 1142 605 XIII.

378 712 630 772 Quomodo
664 722 709 756 et
739 711 907 770 quibus
936 710 1170 773 gradibus
1197 712 1521 771 perspiciatur

586 783 842 840 sapientia.
879 809 935 816 —
967 784 1125 826 Amor
1153 798 1308 826 veras.

309 943 452 984 XXII.
487 943 609 984 vac
631 937 741 981 illud
763 938 1022 997 miserimus,
1043 938 1186 997 qualis
1209 938 1263 981 sis
1283 947 1448 981 amator
1464 938 1636 996 sapien-

253 1012 342 1064 tiae,
385 1025 516 1068 quam
546 1009 781 1052 castissimo
814 1017 1047 1065 conspectu
1089 1017 1219 1066 atque
1252 1007 1476 1065 amplexu,
1514 1006 1637 1049 nullo

248 1080 503 1137 interposito
523 1078 769 1122 velamento
789 1077 910 1135 quasi
933 1076 1093 1120 nudam
1117 1077 1261 1121 videre
1284 1092 1331 1119 ae
1358 1087 1505 1119 tenere
1522 1075 1636 1119 desi-

249 1149 574 1208 deras‚qualem
596 1163 640 1191 se
662 1146 733 1190 illa
756 1162 842 1190 non
852 1147 969 1199 sinit,
983 1148 1061 1189 nisi
1083 1147 1347 1204 paucissimis
1369 1156 1412 1189 et
1433 1146 1638 1190 electissi-

251 1221 330 1264 mis
348 1219 611 1262 amatoribus
632 1218 734 1261 suis.
752 1221 820 1261 An
841 1232 944 1260 vero
973 1218 1006 1260 si
1029 1216 1208 1275 alicujus
1230 1217 1423 1275 pulchrae
1444 1216 1638 1260 foeminae

252 1304 398 1333 amore
431 1289 654 1345 flagrares,
674 1288 772 1345 jure
796 1301 838 1329 se
861 1286 941 1329 tibi
971 1302 1058 1329 non
1091 1285 1241 1339 daret,
1274 1287 1307 1329 si
1342 1286 1461 1329 aliud
1491 1286 1566 1327 abs
1597 1294 1640 1328 te

252 1359 492 1419 quidquam
515 1366 671 1416 praeter
694 1372 737 1399 se
760 1357 893 1399 amari
915 1357 1190 1413 comperisset
1209 1377 1220 1412 3
1244 1356 1467 1414 sapientiae
1495 1370 1538 1398 se
1562 1343 1641 1397 tibi

251 1430 482 1474 castissima
506 1426 810 1486 pulchritudo,
837 1426 918 1469 nisi
940 1426 1073 1469 solam
1107 1427 1256 1469 arseris
1289 1425 1639 1468 demonstrabit?

252 1504 303 1543 A.
327 1498 444 1551 Quid
461 1512 564 1555 ergo
583 1497 726 1539 adhuc
741 1494 982 1553 suspendor
1001 1494 1150 1537 infelix
1164 1530 1174 1547 ,
1195 1505 1238 1537 et
1252 1494 1448 1537 cruciatu
1463 1494 1640 1537 misera-

250 1568 327 1611 bili
353 1567 563 1610 differor‘?
585 1568 680 1609 Jam
706 1575 821 1609 certe
838 1565 1008 1608 ostendi
1029 1564 1138 1607 nihil
1160 1563 1277 1607 aliud
1294 1580 1361 1607 me
1385 1579 1528 1607 amare
1543 1599 1554 1617 ,
1580 1564 1638 1607 si-

250 1637 429 1697 quidem
453 1636 572 1693 quod
605 1651 694 1678 non
727 1644 905 1693 propter
935 1649 978 1677 se
1010 1644 1200 1688 amatur,
1227 1650 1316 1678 non
1337 1644 1519 1677 amatur.
1548 1637 1639 1690 Ego

250 1717 392 1751 autem
419 1707 553 1749 solam
577 1715 754 1762 propter
775 1720 819 1747 se
840 1720 939 1747 amo
963 1704 1216 1760 sapientiam
1234 1739 1244 1756 ‚
1270 1714 1424 1747 caetera
1446 1719 1548 1747 vero
1571 1703 1639 1746 vel

252 1779 398 1821 adesse
423 1776 526 1817 mihi
549 1773 670 1825 volo,
697 1772 764 1815 vel
787 1773 932 1815 deesse
954 1773 1086 1815 timeo
1114 1782 1292 1830 propter
1320 1774 1455 1830 ipsam
1477 1774 1609 1817 vitam
1624 1809 1634 1828 ,

248 1849 438 1906 quietem
456 1879 466 1897 ,
505 1844 679 1886 amieos.
721 1847 856 1894 Quem
900 1843 1080 1885 niodum
1115 1851 1258 1886 autem
1295 1852 1436 1900 potest
1474 1844 1638 1886 habere

247 1916 360 1959 illius
384 1912 722 1972 pulchritudinis
745 1927 877 1957 amor,
904 1911 950 1953 in
972 1928 1059 1970 qua
1078 1927 1166 1955 non
1188 1911 1329 1955 solum
1353 1928 1441 1955 non
1462 1912 1638 1955 invideo

252 1985 438 2036 caeteris,
465 1981 539 2025 sed
555 1982 683 2025 etiam
704 1980 913 2039 plurimos
934 1996 1084 2040 quaero
1107 1981 1183 2039 qui
1204 1996 1373 2023 mecum
1397 1990 1604 2038 appetant
1623 2016 1633 2034 ‚

253 2069 425 2098 mecum
441 2053 610 2096 inhient
623 2086 634 2103 ‚
651 2066 822 2093 mecum
846 2058 1040 2102 teneant,
1068 2065 1326 2107 mecumque
1339 2048 1634 2107 perfruantur,

254 2135 375 2168 tanto
407 2123 513 2166 mihi
546 2121 767 2164 amiciores
806 2119 942 2163 futuri
960 2154 971 2172 ,
1013 2128 1178 2177 quanto
1218 2119 1299 2161 erit
1334 2119 1458 2162 nobis
1497 2129 1636 2163 amata

253 2193 541 2238 communior.

314 2266 480 2307 XXIII.
516 2265 569 2304 R.
598 2265 775 2304 Prorsus
799 2259 902 2302 tales
920 2274 1008 2302 esse
1026 2268 1235 2302 amatores
1251 2260 1471 2317 sapientiae
1495 2259 1633 2302 decet.

258 2334 379 2377 Tales
401 2332 556 2391 quaerit
578 2330 649 2373 illa
672 2332 794 2388 cujus
817 2343 915 2373 vere
936 2338 1048 2372 casta
1073 2338 1134 2371 est
1151 2363 1161 2381 ⁷
1187 2339 1226 2371 et
1253 2329 1343 2370 sine
1374 2328 1461 2370 ulla
1483 2338 1636 2371 conta-

253 2403 489 2445 minatione
521 2400 784 2458 conjunctio.
823 2399 904 2442 Sed
935 2414 1023 2441 non
1047 2398 1100 2440 ad
1123 2413 1215 2440 eam
1242 2413 1325 2440 una
1348 2399 1415 2440 via
1438 2399 1638 2455 perveni-

257 2474 367 2515 tur1.
395 2472 560 2528 Quippe
584 2485 661 2528 pro
694 2485 769 2512 sua
792 2468 975 2527 quisque
1005 2469 1186 2510 sanitate
1216 2483 1263 2510 ac
1294 2467 1495 2510 firmitate
1517 2482 1634 2511 com-

306 2574 313 2586 ¹
338 2568 480 2596 Retrnci.
498 2575 557 2605 cap
591 2576 635 2598 iv,
665 2574 693 2594 n,
721 2565 736 2592 ἶ
