1871 3162
603 214 920 242 CONFESSIONUM
932 230 943 249 ,
978 214 1061 240 Lm.
1097 215 1141 241 x.
1484 205 1568 243 229

195 277 496 323 misericordiae
517 286 605 322 tuae
636 286 679 321 et
710 277 942 322 dulcedine
976 277 1124 335 gratiae
1161 286 1249 321 tuae
1267 311 1278 333 ‚
1303 294 1392 337 qua
1413 289 1567 337 potens

194 356 257 391 est
276 348 413 392 omnis
435 347 630 391 infirmus
647 383 657 401 ‚
689 349 766 407 qui
786 347 865 391 sibi
887 362 964 407 per
983 348 1120 407 ipsam
1149 348 1198 390 fit
1222 349 1417 391 conscius
1450 349 1571 391 infir-

192 417 351 462 mitatis
368 433 471 461 suae.
502 419 558 461 Et
575 417 761 462 delectat
782 418 920 462 bonos
943 417 1092 462 audire
1114 417 1332 476 praeterita
1353 417 1466 461 mala
1494 433 1569 462 eo-

192 502 290 531 rum
311 488 388 548 qui
404 489 494 547 jam
511 496 660 532 carent
676 488 750 543 eis,
766 502 846 532 nec
868 488 966 532 ideo
989 487 1176 532 delectat
1196 487 1298 547 quia
1316 487 1429 531 mala
1451 497 1568 541 sunt,

191 558 265 602 sed
287 559 387 618 quia
406 558 583 603 fuerunt
600 568 643 603 et
665 575 754 604 non
775 569 891 604 sunt.
914 564 1008 613 Quo
1029 559 1177 619 itaque
1193 558 1362 612 fructu,
1387 558 1570 603 Domine

190 643 311 672 meus
328 664 339 682 ‚
364 629 434 673 cui
456 630 650 689 quotidie
669 631 903 675 confitetur
926 630 1189 675 conscientia
1208 645 1301 673 mea
1317 665 1328 682 ‚
1349 644 1423 688 spe
1439 629 1570 673 mise-

189 699 387 744 ricordiae
409 710 496 744 tuae
521 702 710 746 securior
729 717 862 762 quam
883 702 1133 747 innocentia
1159 717 1234 745 sua
1257 723 1266 757 3
1291 716 1378 760 quo
1403 700 1567 755 fructu,

188 787 351 830 quaeso,
364 772 490 815 etiam
509 773 758 817 hominibus
773 788 918 817 coram
935 783 978 818 te
997 773 1208 818 confiteor
1225 788 1302 831 per
1316 773 1392 816 has
1407 772 1570 816 litteras

188 841 331 885 adhuc
354 842 450 900 quis
473 857 553 901 ego
580 843 682 897 sim,
720 859 810 887 non
837 844 933 904 quis
954 844 1142 888 fuerim?
1163 846 1272 889 Nam
1294 842 1419 887 illum
1450 843 1570 887 fruc-

186 921 280 956 tum
316 911 404 955 vidi
428 921 470 956 et
498 915 849 958 commemoravi.
885 914 968 958 Sed
990 915 1085 974 quis
1108 914 1252 958 adhuc
1274 914 1352 958 sim
1370 949 1380 968 ,
1402 929 1502 958 ecce
1524 914 1569 957 in

185 981 278 1040 ipso
303 990 496 1041 tempore
514 981 834 1027 confessionum
861 999 1081 1038 mearum,
1107 993 1149 1027 et
1172 984 1300 1028 multi
1330 984 1413 1028 hoc
1444 997 1569 1027 nosse

184 1053 367 1112 cupiunt
389 1054 465 1113 qui
494 1068 564 1097 me
586 1065 802 1099 noverunt
818 1091 828 1109 ‚
854 1065 899 1099 et
921 1071 1009 1100 non
1043 1071 1112 1098 me
1140 1064 1383 1109 noverunt,
1409 1055 1485 1114 (sui
1516 1069 1569 1097 ex

182 1138 253 1167 me
279 1122 349 1167 vel
381 1123 436 1167 de
459 1139 527 1167 me
551 1124 715 1184 aliquid
753 1125 1015 1183 audierunt3
1039 1126 1115 1169 sed
1151 1126 1264 1169 auris
1286 1127 1454 1169 ‘eorum
1477 1140 1568 1168 non

183 1201 246 1236 est
269 1192 323 1236 ad
347 1208 420 1237 cor
442 1208 586 1236 meum
608 1215 617 1246 ς
642 1194 718 1237 ubi
738 1209 818 1251 ego
851 1210 945 1238 sum
969 1195 1238 1255 quicumque
1261 1210 1372 1238 sum.
1399 1193 1567 1238 Volunt

182 1278 284 1322 ergo
302 1263 452 1307 audire
474 1264 754 1308 confitentem
776 1280 846 1309 me
867 1265 977 1324 quid
999 1267 1087 1324 ipse
1109 1266 1227 1309 intus
1249 1266 1349 1319 sim,
1375 1281 1463 1325 quo
1485 1280 1565 1309 nec

182 1335 358 1378 oculum
375 1370 385 1388 ‚
419 1350 498 1378 nec
531 1350 679 1378 aurem
697 1370 707 1389 ‚
740 1351 820 1380 nec
854 1346 1045 1381 mentem
1080 1346 1262 1395 possunt
1293 1337 1520 1380 intendere
1551 1357 1562 1394 3

181 1404 385 1447 credituri
409 1413 555 1448 tamen
583 1404 762 1459 volunt,
790 1406 1009 1465 numquid
1030 1407 1279 1465 cognituri?
1313 1407 1424 1450 Dicit
1446 1406 1563 1449 enim

181 1475 238 1518 eis
267 1474 451 1518 charitas
480 1490 566 1534 qua
584 1475 688 1519 boni
705 1485 806 1519 sunt
824 1511 834 1530 ,
860 1492 949 1520 non
971 1477 1147 1521 mentiri
1169 1492 1238 1521 me
1263 1476 1318 1521 de
1334 1492 1404 1521 me
1425 1477 1564 1521 confi-

179 1555 358 1600 tentem,
385 1556 426 1590 et
448 1547 538 1605 ipsa
556 1547 601 1591 in
624 1548 684 1591 eis
705 1547 843 1592 credit
864 1548 984 1593 mihi.

181 1726 502 1742 nummmmxwvxx
506 1727 609 1742 mr!
615 1727 713 1743 {tm
717 1728 785 1743 ΦΊΜ
789 1725 1563 1745 WQMMMAMWMMMWUMMMMMM*

684 1859 760 1905 CA
773 1860 901 1907 PU'F
959 1861 1043 1906 IV.

185 2010 333 2073 Quod
351 2014 522 2073 nmgm'
540 2016 634 2057 sint
650 2022 851 2075 fructus
873 2012 1204 2076 lmjascemodi
1227 2016 1554 2073 confessionis.

234 2173 286 2214 V.
331 2173 414 2215 SED
448 2186 537 2230 quo
569 2171 716 2216 fructu
737 2172 782 2216 id
804 2172 988 2217 volunt?
1025 2176 1093 2218 An
1129 2173 1419 2231 congratulari
1450 2175 1556 2218 mihi

174 2241 358 2299 cupiunt
381 2256 481 2285 cum
503 2241 719 2286 audierint
736 2252 950 2302 quantum
985 2243 1040 2288 ad
1080 2254 1122 2288 te
1151 2245 1353 2288 accedam
1375 2259 1555 2288 munere

175 2320 273 2365 tuo,
313 2320 354 2354 et
381 2327 502 2355 orare
531 2327 609 2370 pro
643 2328 711 2356 me
740 2328 839 2356 cum
866 2313 1083 2359 audierint
1112 2324 1325 2374 quantum
1359 2316 1553 2359 retarder

174 2381 365 2438 pondere
383 2383 509 2426 meo?
532 2381 740 2427 Indicabo
763 2398 831 2427 me
854 2384 1028 2428 talibus.
1054 2387 1152 2430 Non
1174 2386 1288 2428 enim
1310 2400 1468 2443 parvus
1490 2394 1554 2430 est

174 2451 356 2505 fruetus,
383 2453 564 2496 Domine
586 2456 697 2496 Deus
716 2469 852 2508 meus,
875 2464 925 2498 ut
942 2470 965 2498 a
983 2455 1130 2499 multis
1152 2455 1233 2499 tibi
1251 2455 1399 2514 gratiae
1419 2470 1554 2514 agan-

180 2530 248 2564 tur
272 2519 325 2565 de
348 2522 471 2565 nobis
487 2557 497 2576 ‚
531 2532 571 2567 et
596 2538 616 2566 a
642 2522 789 2567 multis
815 2524 971 2581 rogeris
994 2539 1073 2583 pro
1095 2524 1234 2569 nobis.
1259 2528 1387 2569 Amet
1415 2525 1461 2569 in
1483 2541 1552 2568 me
