1871 3162
595 223 963 258 stLoQuionvM,
999 225 1079 249 Lm.
1117 226 1144 249 1.
1480 214 1563 252 419

190 415 682 434 ΜΜΜΜΜΜΜΜΜΜΜ
687 412 1562 435 mmumnnmmvummmmmmummmmnmmw

714 571 928 621 CAPUT
964 574 1030 620 ΙΙ.

664 746 798 810 Quid
816 746 1097 793 amandum.

252 918 351 959 VII.
392 918 444 959 A.
480 918 588 959 Ecce
626 918 745 960 oravi
786 919 940 960 Deum.
975 919 1028 960 R.
1059 915 1174 969 Quid
1206 931 1309 974 ergo
1344 917 1453 961 scire
1477 918 1569 963 vis?

180 988 233 1029 A.
277 987 379 1028 Haec
411 984 502 1043 ipsa
535 986 680 1029 omnia
704 1000 804 1044 quae
841 986 975 1029 oravi.
1002 988 1056 1029 R.
1092 986 1286 1030 Breviter
1323 1002 1372 1030 ea
1397 986 1566 1046 collige.

179 1059 230 1099 A.
275 1058 414 1098 Deum
452 1064 495 1098 et
529 1055 719 1098 animam
756 1056 862 1100 scire
900 1056 1044 1114 cupio.
1086 1059 1148 1099 R.
1193 1056 1405 1101 Nihil-ne
1447 1057 1574 1115 plus?

178 1127 230 1167 A.
269 1124 384 1168 Nihil
421 1125 617 1167 omnino.
652 1127 706 1167 R.
754 1126 872 1182 Ergo
893 1125 1035 1183 incipe
1069 1140 1281 1184 quaerere.
1333 1124 1418 1170 Sed
1452 1127 1572 1184 prius

178 1192 343 1251 explica
377 1193 599 1253 quomodo
623 1193 704 1236 tibi
733 1194 765 1237 si
795 1192 1121 1237 demonstretur
1158 1197 1301 1249 Deus,
1328 1196 1463 1253 possis
1500 1195 1571 1240 di-

177 1277 300 1306 cere:
330 1264 402 1306 Sat
420 1271 497 1306 est.
525 1266 575 1306 A.
603 1263 756 1307 Nescio
787 1262 1011 1321 quomodo
1040 1264 1144 1306 mihi
1180 1262 1469 1308 demonstrari
1492 1267 1571 1309 de-

176 1333 292 1386 beat,
314 1342 362 1375 ut
380 1332 520 1376 dicam
540 1352 548 1376 z
574 1339 647 1378 Sat
665 1342 729 1377 est
752 1354 761 1389 3
787 1348 878 1377 non
901 1333 1015 1376 enim
1035 1332 1164 1377 credo
1187 1349 1257 1377 me
1275 1336 1383 1378 scire
1406 1334 1569 1395 aliquid

176 1402 250 1456 sic,
272 1401 496 1461 quomodo
518 1403 626 1446 scire
650 1405 790 1445 Deum
809 1403 1021 1446 desidero.
1038 1406 1092 1446 R.
1119 1404 1233 1456 Quid
1256 1419 1358 1463 ergo
1380 1405 1572 1463 agimus?

174 1474 329 1516 Nonne
364 1488 513 1516 censes
550 1473 669 1531 prius
709 1473 790 1515 tibi
824 1489 914 1516 esse
938 1473 1162 1517 sciendum
1183 1509 1193 1528 ,
1235 1476 1459 1535 quomodo
1491 1475 1570 1519 tibi

175 1544 315 1585 Deum
356 1543 464 1586 scire
499 1543 597 1586 satis
630 1542 708 1594 sit,
746 1558 834 1600 quo
868 1558 968 1585 cum
992 1544 1238 1600 perveneris
1262 1559 1350 1586 non
1384 1544 1570 1602 amplius

174 1613 377 1670 quaeras?
400 1613 452 1653 A.
486 1613 653 1654 Censeo
675 1610 853 1670 quidem
878 1629 886 1653 :
911 1609 986 1653 sed
1014 1626 1104 1669 quo
1139 1620 1265 1669 pacto
1288 1612 1380 1654 fieri
1402 1614 1535 1671 possit
1553 1649 1564 1668 ,

174 1695 263 1724 non
300 1680 443 1724 video.
485 1679 602 1732 Quid
633 1681 748 1723 enim
779 1683 870 1723 Deo
892 1679 1031 1724 simile
1053 1696 1248 1740 unquam
1277 1680 1490 1737 intellexi,
1517 1692 1565 1727 ut

172 1750 332 1809 possim
350 1750 494 1793 dicere
517 1749 740 1808 quomodo
764 1749 847 1792 hoc
869 1747 1071 1807 intelligo
1089 1784 1099 1804 ,
1125 1750 1184 1792 sic
1202 1748 1303 1794 volo
1324 1750 1564 1810 intelligere

174 1821 344 1863 Deum?
366 1822 419 1863 R.
453 1819 539 1872 Qui
564 1818 763 1863 nondum
787 1823 925 1862 Deum
948 1819 1083 1874 nosti,
1106 1818 1224 1863 unde
1246 1820 1359 1864 nosti
1391 1821 1500 1865 nihil
1523 1832 1566 1867 te

173 1905 297 1933 nosse
332 1892 423 1932 Deo
445 1887 615 1932 simile?
638 1892 689 1932 A.
717 1889 827 1941 Quia
851 1889 885 1931 si
919 1887 1084 1949 aliquid
1109 1892 1198 1933 Deo
1220 1888 1358 1933 simile
1379 1891 1531 1935 scirem
1549 1927 1560 1947 ,

171 1959 263 2002 sine
286 1958 421 2002 dubio
439 1958 483 2001 id
501 1974 690 2002 amarem
710 1977 716 2001 :
737 1973 855 2001 nunc
871 1967 1016 2002 autem
1038 1957 1149 2001 nihil
1172 1959 1290 2003 aliud
1309 1975 1407 2004 amo
1429 1975 1560 2021 quam

171 2032 309 2072 Deum
329 2037 372 2071 et
403 2029 590 2071 animam
606 2063 616 2082 ,
642 2043 831 2087 quorum
856 2037 1062 2072 neutrum
1086 2030 1188 2073 scio.
1218 2032 1270 2073 R.
1308 2032 1406 2075 Non
1428 2032 1559 2090 igitur

170 2113 287 2141 amas
324 2099 482 2141 amicos
504 2099 629 2141 tuos?
662 2101 712 2140 A.
741 2100 838 2150 Quo
862 2107 988 2156 pacto
1011 2113 1082 2142 eos
1100 2114 1274 2157 possum
1298 2115 1448 2145 amans
1469 2103 1559 2146 ani-

169 2183 286 2212 mam
307 2183 397 2211 non
419 2170 590 2211 amare?
609 2171 661 2211 R.
692 2170 784 2211 Hoc
807 2168 938 2212 modo
956 2183 1057 2226 ergo
1079 2178 1119 2213 et
1135 2169 1298 2229 pulices
1321 2180 1364 2215 et
1386 2171 1556 2217 cimices

170 2240 318 2282 amas?
345 2241 397 2281 A.
421 2238 617 2281 Animam
640 2253 709 2280 me
731 2253 874 2282 amare
897 2238 986 2282 dixi
1006 2275 1016 2297 ,
1036 2254 1124 2283 non
1146 2240 1361 2284 animalia.
1388 2245 1441 2285 R.
1466 2245 1555 2288 Aut

169 2309 366 2352 homines
404 2323 493 2352 non
526 2317 627 2351 sunt
662 2309 784 2351 amici
809 2309 893 2363 tui,
919 2318 994 2352 aut
1016 2325 1089 2354 eos
1127 2325 1215 2354 non
1238 2313 1383 2355 amas?
1404 2314 1554 2359 Omnis

169 2378 284 2421 enim
301 2378 434 2420 homo
461 2386 524 2421 est
553 2377 738 2431 animal,
765 2386 807 2421 et
829 2378 1031 2423 animalia
1054 2388 1096 2424 te
1114 2396 1204 2424 non
1227 2396 1370 2425 amare
1391 2383 1550 2428 dixisti.

173 2452 221 2492 A.
251 2451 308 2491 Et
336 2448 533 2492 homines
554 2457 655 2492 sunt
672 2483 682 2501 ,
704 2457 747 2492 et
761 2464 832 2492 eos
856 2464 974 2505 amo,
997 2466 1086 2495 non
1110 2466 1161 2495 eo
1178 2452 1300 2511 quod
1325 2453 1548 2510 animalia,

171 2518 243 2561 sed
267 2532 317 2561 eo
342 2518 460 2577 quod
483 2519 677 2562 homines
700 2529 827 2573 sunt,
859 2520 901 2563 id
927 2529 1011 2575 est,
1037 2536 1086 2564 ex
1111 2537 1162 2566 eo
1182 2522 1301 2582 quod
1326 2524 1554 2569 rationales
