1871 3162
610 215 953 251 cONrr-:ssroNnM‚
990 215 1071 241 Lm.
1104 215 1178 241 xri.
1500 205 1574 242 :361

218 384 556 406 mmmmm
561 389 626 405 m
1121 387 1581 406 mmmmmxxwwnv

661 521 875 571 CAPUT
910 524 1126 569 XXXII.

209 679 264 725 V
261 681 333 725 eri
357 680 616 739 Scrzpturoe
644 697 807 726 sensas
840 697 871 726 α
901 680 1083 740 Spiritu
1102 689 1271 726 saneto
1295 678 1578 725 revelantur.

258 852 420 894 XLIII.
444 854 688 906 POSTREMO,
710 851 892 895 Domine
916 851 992 911 qui
1016 854 1130 895 Deus
1153 866 1213 906 es,
1238 860 1281 895 et
1306 867 1396 895 non
1421 866 1520 895 caro
1542 860 1585 895 et

199 922 386 979 sanguis,
407 921 440 965 si
464 922 570 981 quid
591 923 723 966 homo
745 922 887 966 minus
905 921 1038 976 videt,
1065 921 1280 982 numquid
1305 931 1348 966 et
1372 923 1582 981 Spiritum

202 1000 324 1034 tuum
349 992 511 1035 bonum
535 992 610 1051 qui
639 991 827 1036 deducet
856 1008 926 1036 me
955 993 1000 1035 in
1030 1002 1189 1036 terram
1220 995 1424 1045 rectam1,
1452 991 1583 1035 latere

199 1061 356 1120 potuit,
382 1061 600 1120 quidquid
616 1077 706 1106 eras
726 1063 770 1105 in
803 1062 861 1106 eis
884 1062 1025 1105 verbis
1049 1072 1095 1106 tu
1118 1064 1206 1121 ipse
1231 1062 1499 1106 revelaturus
1521 1062 1584 1105 le-

199 1131 400 1188 gentibus
415 1132 612 1189 posteris,
636 1131 764 1174 etiam
788 1132 821 1174 si
839 1130 912 1174 ille
933 1147 1010 1190 pei·
1023 1148 1149 1191 quem
1173 1132 1287 1176 dicta
1311 1141 1428 1187 sunt,
1450 1148 1582 1176 unam

201 1200 387 1244 fortassis
407 1216 456 1244 ex
482 1200 628 1244 multis
651 1201 760 1243 veris
783 1202 1041 1244 sententiam
1071 1203 1307 1260 cogitavit?
1324 1203 1449 1254 Quod
1470 1203 1502 1245 si
1527 1202 1583 1246 ita

198 1280 275 1325 est,
301 1271 354 1314 sit
375 1271 504 1327 igitur
527 1269 597 1314 illa
632 1285 762 1330 quam
786 1271 993 1329 cogitavit
1014 1272 1179 1316 caeteris
1207 1272 1426 1316 excelsior.
1450 1272 1582 1317 Nobis

198 1350 360 1395 autem,
386 1341 586 1395 Domine,
619 1350 692 1384 ant
720 1341 855 1400 ipsam
889 1339 1153 1395 demonstra,
1180 1351 1254 1386 aut
1275 1357 1405 1402 quam
1443 1341 1584 1400 placet

196 1411 373 1454 alteram
396 1425 540 1454 veram
560 1431 570 1467 3
596 1419 645 1453 ut
667 1411 752 1454 sive
776 1411 901 1454 nobis
923 1411 1006 1455 hoc
1028 1411 1148 1471 quod
1173 1412 1304 1455 etiam
1332 1411 1394 1455 illi
1416 1412 1583 1456 homini

198 1491 289 1535 tu0,
320 1480 409 1524 sive
432 1479 550 1523 aliud
575 1495 625 1524 ex
647 1480 901 1524 eorumdem
917 1481 1150 1524 verborum
1174 1481 1397 1525 occasione
1412 1481 1580 1540 patefa-

196 1551 296 1604 cias,
326 1559 373 1593 tu
404 1559 548 1593 tamen
579 1566 750 1609 pascas,
783 1566 872 1594 non
894 1565 1013 1594 error
1033 1550 1203 1595 illudat.
1239 1555 1373 1606 Ecce,
1399 1553 1582 1596 Domine

198 1624 309 1664 Deus
332 1635 469 1671 meus,
495 1635 626 1679 quam
647 1619 784 1665 multa
813 1620 867 1664 de
903 1621 1049 1680 paucis
1081 1621 1240 1676 verbis,
1266 1637 1398 1680 quam
1421 1622 1578 1677 multa,
1612 1660 1616 1684 ἶ

196 1700 342 1745 orote,
366 1691 641 1750 scripsimus?
661 1694 765 1743 Quae
784 1700 942 1734 nostrae
954 1691 1081 1744 vires,
1107 1707 1208 1751 quae
1226 1701 1424 1751 tempora
1440 1693 1582 1736 omni·
1610 1686 1615 1701 ¹

195 1761 276 1804 bus
300 1759 440 1804 Libris
463 1760 546 1804 tuis
561 1759 755 1804 adistum
779 1759 959 1804 modum
977 1761 1219 1804 sufficient?
1234 1762 1333 1806 Sine
1347 1762 1495 1821 itaque
1511 1777 1582 1805 me

196 1831 369 1875 brevius
391 1832 436 1874 in
458 1831 515 1874 eis
538 1831 735 1874 confiteri
759 1831 854 1885 tibi,
879 1840 922 1875 et
943 1830 1100 1889 eligere
1122 1847 1259 1875 unum
1284 1832 1448 1892 aliquid
1462 1833 1580 1892 quod

196 1911 244 1945 tu
271 1901 544 1960 inspiraveris
572 1916 740 1955 verum,
766 1909 932 1944 certum
957 1910 999 1945 et
1028 1902 1211 1957 bonum,
1236 1904 1366 1946 etiam
1388 1905 1421 1946 si
1445 1903 1581 1947 multa

195 1973 480 2029 occurrerint,
508 1972 585 2015 ubi
611 1972 750 2015 multa
779 1987 1006 2016 occurrere
1034 1982 1269 2030 poterunt3
1295 1989 1343 2017 ea
1366 1973 1452 2017 fide
1475 1990 1581 2018 con-

196 2043 388 2087 fessionis
412 2057 535 2096 meae,
564 2051 612 2086 ut
639 2043 672 2086 si
692 2043 776 2087 hoc
798 2042 947 2087 dixero
963 2044 1083 2103 quod
1101 2045 1231 2089 sensit
1250 2045 1443 2089 minister
1461 2055 1577 2100 tuus,

196 2121 311 2156 recte
335 2122 466 2172 atque
492 2113 680 2171 optime3
710 2112 755 2156 id
779 2113 892 2156 enim
919 2114 1066 2157 conari
1087 2129 1157 2157 me
1179 2123 1347 2173 oportet
1369 2134 1377 2159 ;
1402 2115 1521 2174 quod
1548 2115 1582 2158 si

196 2191 412 2226 assecutus
433 2197 524 2226 non
545 2181 668 2226 fuero
683 2217 693 2236 ‚
720 2182 765 2225 id
790 2191 936 2226 tamen
957 2183 1100 2227 dIcam
1122 2183 1241 2244 quod
1262 2185 1368 2227 mihi
1393 2199 1468 2244 per
1490 2186 1581 2244 ejus

194 2253 326 2296 verba
349 2253 512 2296 Veritas
546 2262 619 2297 tua
642 2252 783 2296 dicere
814 2253 1021 2309 voluerit,
1045 2270 1144 2314 quae
1177 2254 1237 2298 illi
1270 2271 1447 2315 quoque
1476 2256 1580 2300 dixit

196 2321 315 2381 quod
344 2322 495 2366 voluit.

245 2426 252 2441 ¹
272 2418 351 2450 Peal.
371 2429 463 2459 cun,
488 2430 538 2452 ῐο,
