1871 3162
530 239 904 276 SOLILOQUIORL‘M‚
938 239 1021 264 ΜΒ.
1057 241 1088 264 1.
1417 232 1495 271 431

130 304 204 348 abs
225 313 268 348 te
290 303 417 348 facile
438 303 569 361 possit
599 302 762 346 erudiri
780 337 790 357 ‚
818 302 1002 346 afferens
1023 302 1154 345 etiam
1172 302 1283 348 dotis
1306 313 1475 349 tantum
1493 342 1504 361 ,

129 373 336 433 quoniam
359 372 597 417 contemnis
615 372 805 426 divitias,
823 380 1036 430 quantum
1060 386 1154 414 eam
1177 386 1350 430 prorsus
1371 375 1507 420 nihilo

130 441 259 486 faciat
275 456 500 486 onerosam
517 441 606 485 otio
626 450 716 495 tuo,
731 442 970 499 praesertim
992 441 1027 485 si
1043 456 1185 500 speres
1206 452 1436 503 certusque
1452 445 1507 488 sis

131 510 239 555 nihil
266 526 317 554 ex
344 526 394 554 ea
414 519 458 554 te
479 509 689 554 molestiae
709 525 799 554 esse
821 512 1083 569 passurum?
1099 514 1152 555 A.
1178 514 1509 564 Quantumlibet

131 581 236 624 velis
258 596 352 625 eam
389 581 566 639 pingere
588 590 718 640 atque
740 580 962 625 cumulare
998 581 1123 625 bonis
1144 583 1345 627 omnibus
1363 619 1373 638 ,
1400 584 1509 628 nihil

131 651 236 693 mihi
251 660 338 694 tam
350 650 605 707 fugiendum
621 665 752 710 quam
774 651 1057 694 concubitum
1080 666 1170 695 esse
1191 652 1384 698 decrevi:
1402 654 1512 698 nihil

132 736 222 764 esse
243 722 383 764 sentio
411 720 530 780 quod
554 721 688 778 magis
713 735 763 763 ex
782 735 878 763 arce
904 720 1076 780 dejiciat
1105 723 1299 766 animum
1315 723 1484 768 virilem
1500 761 1511 781 ‚

131 805 264 849 quam
284 789 582 834 blandimenta
596 788 817 843 foeminea,
833 804 1154 849 corporumque
1175 791 1249 835 ille
1270 803 1510 850 contactus,

131 859 222 902 sine
244 874 333 917 quo
355 874 462 902 uxor
493 858 645 902 haberi
682 873 772 902 non
794 867 951 916 potest.
995 862 1148 920 Itaque
1180 861 1213 903 si
1236 860 1291 905 ad
1318 863 1513 908 officium

132 929 321 987 pertinet
355 928 559 987 sapientis
582 927 732 986 (quod
753 928 951 972 nondum
973 930 1194 988 comperi)
1213 931 1315 974 dare
1337 948 1515 991 operam

133 999 302 1053 liberis,
328 999 523 1058 quisquis
546 999 607 1042 rei
625 999 755 1057 hujus
776 1008 948 1043 tantum
970 1001 1106 1058 gratia
1127 1003 1380 1047 concumbit
1398 1039 1408 1056 ‚
1434 1004 1516 1048 mi-

134 1069 295 1114 randus
316 1069 425 1112 mihi
442 1068 578 1114 videri
589 1077 748 1127 potest,
765 1078 809 1113 at
831 1085 935 1114 vero
955 1069 1192 1114 imitandus
1213 1071 1336 1116 nullo
1358 1073 1511 1119 modo:

134 1153 235 1182 nam
267 1147 435 1182 tentare
457 1139 540 1182 hoc
568 1137 849 1196 periculosius
883 1148 946 1182 est
969 1172 980 1192 ,
1018 1154 1151 1197 quam
1181 1155 1301 1198 posse
1322 1142 1511 1187 felicius.

134 1207 425 1260 Quamobrem
442 1208 556 1261 satis,
581 1207 729 1260 credo,
744 1208 860 1266 juste
881 1216 1011 1267 atque
1033 1207 1197 1253 utiliter
1215 1224 1293 1268 pro
1313 1211 1513 1257 libertate

135 1278 292 1322 animae
312 1292 421 1321 meae
441 1277 549 1320 mihi
571 1277 808 1336 imperavi,
831 1291 922 1320 non
953 1292 1111 1336 cupere
1127 1312 1138 1332 ,
1172 1294 1262 1323 non
1293 1296 1490 1339 quaerere
1504 1317 1516 1337 ‚

134 1362 224 1391 non
247 1347 407 1391 ducere
425 1363 619 1391 uxorem.
645 1350 698 1390 R.
724 1349 823 1392 Non
844 1362 925 1405 ego
941 1362 1060 1391 nunc
1077 1363 1228 1407 quaero
1248 1349 1355 1409 quid
1373 1351 1520 1396 decre-

135 1418 246 1461 veris
261 1451 273 1473 ,
297 1417 373 1460 sed
395 1426 545 1460 utrum
567 1417 711 1461 adhuc
730 1415 906 1462 lucteris
921 1452 931 1471 ‚
957 1433 1013 1462 an
1029 1433 1131 1463 vero
1143 1420 1234 1478 jam
1255 1421 1390 1479 ipsam
1413 1421 1519 1466 libi-

136 1487 284 1531 dinem
300 1486 482 1530 viceris?
498 1487 654 1544 Agitur
669 1488 784 1530 enim
799 1486 854 1530 de
874 1488 1058 1531 sanitate
1079 1489 1306 1533 oculorum
1325 1500 1516 1537 tuorum.

137 1560 189 1601 A.
216 1560 394 1600 Prorsus
412 1556 520 1600 nihil
541 1556 792 1616 hujusmodi
812 1572 984 1615 quaero,
1006 1557 1116 1600 nihil
1135 1558 1334 1604 desidero
1355 1595 1366 1614 ,
1391 1563 1520 1606 etiam

137 1640 237 1669 cum
264 1626 444 1669 horrore
470 1634 601 1685 atque
620 1627 919 1685 aspernatione
939 1625 1039 1670 talia
1062 1627 1282 1672 recordor.
1309 1630 1425 1682 Quid
1458 1633 1520 1676 vis

138 1695 350 1753 amplius?
367 1696 518 1739 Ethoc
540 1696 646 1738 mihi
670 1697 835 1739 bonum
851 1697 897 1739 in
918 1696 1010 1740 dies
1028 1698 1180 1741 crescit
1200 1717 1208 1741 2
1234 1714 1335 1742 nam
1354 1711 1521 1759 quanto

139 1774 323 1822 augetur
344 1779 438 1822 spes
461 1763 660 1806 videndae
683 1763 797 1806 illius
829 1778 915 1821 qua
946 1766 1225 1807 vehementer
1247 1778 1384 1812 aestuo
1420 1771 1521 1827 pul-

139 1833 397 1878 chritudinis
413 1867 424 1887 ‚
450 1841 573 1875 tanto
594 1831 648 1874 ad
670 1831 788 1875 illam
819 1841 932 1875 totus
955 1847 1076 1876 amor
1104 1834 1392 1896 voluptasque
1415 1854 1522 1882 con-

139 1903 336 1947 vertitur.
363 1906 416 1945 R.
440 1901 552 1954 Quid
581 1901 779 1945 ciborum
802 1900 1076 1960 jucunditas,
1099 1913 1276 1961 quantae
1304 1906 1383 1949 tibi
1406 1923 1522 1952 curae

139 1974 232 2016 est?
264 1976 316 2015 A.
339 1976 401 2015 Ea
433 1987 533 2029 quae
553 1971 683 2014 statui
704 1986 795 2014 non
816 1969 943 2014 edere
958 2005 968 2025 ‚
1001 1970 1111 2014 nihil
1133 1987 1203 2016 me
1224 1988 1516 2023 commovent.

139 2042 196 2086 Iis
219 2050 365 2085 autem
387 2056 487 2099 quae
515 2055 602 2084 non
626 2041 874 2098 amputavi,
908 2040 1114 2084 delectari
1143 2057 1212 2085 me
1235 2047 1522 2101 praesentibus

138 2111 277 2155 fateor
293 2145 305 2165 ‚
328 2111 387 2153 ita
409 2118 554 2152 tamen
582 2117 631 2152 ut
652 2109 743 2152 sine
767 2108 856 2152 ulla
879 2110 1149 2167 permotione
1164 2113 1296 2156 animi
1317 2115 1387 2158 vel
1408 2117 1518 2171 visa,

139 2180 208 2224 vel
229 2189 396 2237 gustata
418 2179 743 2223 subtrahantur.
769 2180 882 2223 Cum
914 2189 1059 2223 autem
1091 2196 1181 2224 non
1216 2181 1376 2228 adsunt
1400 2202 1523 2244 pror-

139 2267 232 2306 sus,
253 2266 342 2295 non
363 2254 496 2294 audet
517 2250 609 2292 haec
637 2250 845 2308 appetitio
867 2265 910 2293 se
938 2251 1123 2294 inserere
1149 2251 1204 2296 ad
1233 2253 1522 2314 impedimen-

140 2332 235 2365 tum
257 2320 588 2378 cogitationibus
606 2321 729 2363 meis:
745 2321 817 2363 sed
837 2321 1015 2365 omnino
1032 2322 1119 2364 sive
1138 2321 1192 2365 de
1210 2323 1309 2367 cibo
1328 2335 1371 2369 et
1393 2337 1516 2384 potu,

142 2393 230 2436 sive
252 2393 306 2435 de
333 2391 514 2438 balneis,
539 2400 780 2450 caeteraque
802 2392 993 2449 corporis
1014 2391 1238 2451 voluptate
1260 2394 1368 2438 nihil
1389 2397 1525 2441 inter-

144 2477 283 2520 roges.
326 2463 511 2504 Tantum
541 2460 700 2503 habere
732 2470 918 2519 appeto,
952 2469 1166 2519 quantum
1199 2463 1243 2506 in
1262 2463 1523 2511 valetudinis

147 2547 274 2590 opem
296 2528 482 2576 conferri
501 2538 655 2588 potest.
1251 2590 1302 2629 28
